  <div class='ocr_page' id='page_1' title='image "/cluster/home/n/w/nwhite01/storage/ocr_20150623/95/njp.32101077772844/637.png"; bbox 0 0 2074 3115; ppageno 0'>
   <div class='ocr_carea' id='block_1_1' title="bbox 212 134 280 168">
    <p class='ocr_par' dir='ltr' id='par_1_1' title="bbox 212 134 280 168">
     <span class='ocr_line' id='line_1_1' title="bbox 212 134 280 168; baseline -0.029 0"><span class='ocrx_word' id='word_1_1' title='bbox 212 134 280 168; x_wconf 69' lang='lat'><strong>1259</strong></span> 
     </span>
    </p>
   </div>
   <div class='ocr_carea' id='block_1_2' title="bbox 793 133 1239 166">
    <p class='ocr_par' dir='ltr' id='par_1_2' title="bbox 793 133 1239 166">
     <span class='ocr_line' id='line_1_2' title="bbox 793 133 1239 166; baseline 0.004 -3"><span class='ocrx_word' id='word_1_2' title='bbox 793 134 823 163; x_wconf 86' lang='lat' dir='ltr'><strong>S.</strong></span> <span class='ocrx_word' id='word_1_3' title='bbox 841 133 1000 164; x_wconf 79' lang='lat' dir='ltr'><strong>JOANNIS</strong></span> <span class='ocrx_word' id='word_1_4' title='bbox 1019 134 1239 166; x_wconf 26' lang='lat' dir='ltr'><strong>DAMASCENI,</strong></span> 
     </span>
    </p>
   </div>
   <div class='ocr_carea' id='block_1_3' title="bbox 1764 135 1831 168">
    <p class='ocr_par' dir='ltr' id='par_1_3' title="bbox 1764 135 1831 168">
     <span class='ocr_line' id='line_1_3' title="bbox 1764 135 1831 168; baseline 0.015 -1"><span class='ocrx_word' id='word_1_5' title='bbox 1764 135 1831 168; x_wconf 70' lang='lat'><strong>1260</strong></span> 
     </span>
    </p>
   </div>
   <div class='ocr_carea' id='block_1_4' title="bbox 211 183 997 231">
    <p class='ocr_par' dir='ltr' id='par_1_4' title="bbox 211 187 992 226">
     <span class='ocr_line' id='line_1_4' title="bbox 211 187 992 226; baseline -0.001 -9"><span class='ocrx_word' id='word_1_6' title='bbox 211 190 307 226; x_wconf 76' lang='lat' dir='ltr'><strong>agno?</strong></span> <span class='ocrx_word' id='word_1_7' title='bbox 327 190 367 218; x_wconf 79' lang='lat' dir='ltr'><strong>sit:</strong></span> <span class='ocrx_word' id='word_1_8' title='bbox 395 192 521 224; x_wconf 73' lang='lat' dir='ltr'><strong>peccator</strong></span> <span class='ocrx_word' id='word_1_9' title='bbox 557 188 644 222; x_wconf 86' lang='lat' dir='ltr'><strong>justo.</strong></span> <span class='ocrx_word' id='word_1_10' title='bbox 671 187 741 221; x_wconf 81' lang='lat' dir='ltr'><strong>Quid</strong></span> <span class='ocrx_word' id='word_1_11' title='bbox 778 189 992 216; x_wconf 85' lang='lat' dir='ltr'><strong>communicabit</strong></span> 
     </span>
    </p>
   </div>
   <div class='ocr_carea' id='block_1_5' title="bbox 1047 183 1830 231">
    <p class='ocr_par' dir='ltr' id='par_1_5' title="bbox 1047 183 1830 231">
     <span class='ocr_line' id='line_1_5' title="bbox 1047 183 1830 231; baseline 0.008 -15"><span class='ocrx_word' id='word_1_12' title='bbox 1047 191 1111 226; x_wconf 75' lang='grc' dir='ltr'>πρὸς</span> <span class='ocrx_word' id='word_1_13' title='bbox 1137 191 1248 226; x_wconf 78' lang='grc' dir='ltr'>εύσεὸἦ.</span> <span class='ocrx_word' id='word_1_14' title='bbox 1279 190 1311 217; x_wconf 89' lang='grc' dir='ltr'>Τί</span> <span class='ocrx_word' id='word_1_15' title='bbox 1336 183 1496 227; x_wconf 60' lang='grc' dir='ltr'>κοινωνήσει</span> <span class='ocrx_word' id='word_1_16' title='bbox 1515 191 1601 228; x_wconf 80' lang='grc' dir='ltr'><strong>χύτρα</strong></span> <span class='ocrx_word' id='word_1_17' title='bbox 1618 194 1684 226; x_wconf 74' lang='grc' dir='ltr'>πρὸς</span> <span class='ocrx_word' id='word_1_18' title='bbox 1711 194 1830 231; x_wconf 73' lang='grc' dir='ltr'>λέϐητας</span> 
     </span>
    </p>
   </div>
   <div class='ocr_carea' id='block_1_6' title="bbox 213 233 997 269">
    <p class='ocr_par' dir='ltr' id='par_1_6' title="bbox 213 233 997 269">
     <span class='ocr_line' id='line_1_6' title="bbox 213 233 997 269; baseline 0 -7"><span class='ocrx_word' id='word_1_19' title='bbox 213 237 331 264; x_wconf 80' lang='lat' dir='ltr'><strong>cacabus</strong></span> <span class='ocrx_word' id='word_1_20' title='bbox 347 235 381 263; x_wconf 87' lang='lat' dir='ltr'><strong>ad</strong></span> <span class='ocrx_word' id='word_1_21' title='bbox 399 235 480 263; x_wconf 84' lang='lat' dir='ltr'><strong>ollam</strong></span> <span class='ocrx_word' id='word_1_22' title='bbox 497 234 508 260; x_wconf 79' lang='grc'><strong>7</strong></span> <span class='ocrx_word' id='word_1_23' title='bbox 524 234 582 262; x_wconf 65' lang='lat' dir='ltr'><strong>haac</strong></span> <span class='ocrx_word' id='word_1_24' title='bbox 605 233 709 266; x_wconf 84' lang='lat' dir='ltr'><strong>allidet,</strong></span> <span class='ocrx_word' id='word_1_25' title='bbox 726 239 753 261; x_wconf 85' lang='lat' dir='ltr'><strong>et</strong></span> <span class='ocrx_word' id='word_1_26' title='bbox 769 234 826 261; x_wconf 79' lang='lat' dir='ltr'><strong>haec</strong></span> <span class='ocrx_word' id='word_1_27' title='bbox 842 234 997 269; x_wconf 78' lang='lat' dir='ltr'><strong>confringe-</strong></span> 
     </span>
    </p>
   </div>
   <div class='ocr_carea' id='block_1_7' title="bbox 214 287 296 308">
    <p class='ocr_par' dir='ltr' id='par_1_7' title="bbox 214 287 296 308">
     <span class='ocr_line' id='line_1_7' title="bbox 214 287 296 308; baseline -0.012 0"><span class='ocrx_word' id='word_1_28' title='bbox 214 287 268 308; x_wconf 88' lang='lat' dir='ltr'><strong>tur.</strong></span> <span class='ocrx_word' id='word_1_29' title='bbox 286 290 296 307; x_wconf 80' lang='grc' dir='ltr'><strong>Ι</strong></span> 
     </span>
    </p>
   </div>
   <div class='ocr_carea' id='block_1_8' title="bbox 247 323 996 358">
    <p class='ocr_par' dir='ltr' id='par_1_8' title="bbox 247 323 996 358">
     <span class='ocr_line' id='line_1_8' title="bbox 247 323 996 358; baseline -0.004 -4"><span class='ocrx_word' id='word_1_30' title='bbox 247 326 333 354; x_wconf 81' lang='lat' dir='ltr'><strong>ICor.</strong></span> <span class='ocrx_word' id='word_1_31' title='bbox 349 334 375 358; x_wconf 74' lang='grc' dir='ltr'><strong>ι,</strong></span> <span class='ocrx_word' id='word_1_32' title='bbox 393 325 437 356; x_wconf 72' lang='grc'><strong>12,</strong></span> <span class='ocrx_word' id='word_1_33' title='bbox 455 325 548 352; x_wconf 81' lang='grc'><strong>15.-‹</strong></span> <span class='ocrx_word' id='word_1_34' title='bbox 567 323 626 352; x_wconf 83' lang='grc' dir='ltr'>Νοιι</span> <span class='ocrx_word' id='word_1_35' title='bbox 643 324 758 357; x_wconf 87' lang='lat' dir='ltr'><strong>potestis</strong></span> <span class='ocrx_word' id='word_1_36' title='bbox 774 331 874 351; x_wconf 69' lang='lat' dir='ltr'><strong>mensa:</strong></span> <span class='ocrx_word' id='word_1_37' title='bbox 888 323 996 353; x_wconf 85' lang='lat' dir='ltr'><strong>Domini</strong></span> 
     </span>
    </p>
   </div>
   <div class='ocr_carea' id='block_1_9' title="bbox 212 369 996 406">
    <p class='ocr_par' dir='ltr' id='par_1_9' title="bbox 212 369 996 406">
     <span class='ocr_line' id='line_1_9' title="bbox 212 369 996 406; baseline -0.004 -7"><span class='ocrx_word' id='word_1_38' title='bbox 212 371 360 406; x_wconf 80' lang='lat' dir='ltr'><strong>participes</strong></span> <span class='ocrx_word' id='word_1_39' title='bbox 375 377 447 402; x_wconf 85' lang='lat' dir='ltr'><strong>esse,</strong></span> <span class='ocrx_word' id='word_1_40' title='bbox 467 373 494 397; x_wconf 77' lang='lat' dir='ltr'><strong>et</strong></span> <span class='ocrx_word' id='word_1_41' title='bbox 510 377 611 397; x_wconf 64' lang='lat' dir='ltr'><strong>mensae</strong></span> <span class='ocrx_word' id='word_1_42' title='bbox 630 369 838 397; x_wconf 66' lang='lat' dir='ltr'><strong>daemoniorum.</strong></span> <span class='ocrx_word' id='word_1_43' title='bbox 854 370 921 402; x_wconf 64' lang='lat' dir='ltr'><strong>Quae</strong></span> <span class='ocrx_word' id='word_1_44' title='bbox 935 377 996 404; x_wconf 85' lang='lat' dir='ltr'><strong>par-</strong></span> 
     </span>
    </p>
   </div>
   <div class='ocr_carea' id='block_1_10' title="bbox 213 415 995 451">
    <p class='ocr_par' dir='ltr' id='par_1_10' title="bbox 213 415 995 451">
     <span class='ocr_line' id='line_1_10' title="bbox 213 415 995 451; baseline -0.001 -8"><span class='ocrx_word' id='word_1_45' title='bbox 213 416 334 451; x_wconf 86' lang='lat' dir='ltr'><strong>ticipatio</strong></span> <span class='ocrx_word' id='word_1_46' title='bbox 351 415 464 450; x_wconf 83' lang='lat' dir='ltr'><strong>justitite</strong></span> <span class='ocrx_word' id='word_1_47' title='bbox 477 423 538 442; x_wconf 90' lang='lat' dir='ltr'><strong>cum</strong></span> <span class='ocrx_word' id='word_1_48' title='bbox 559 415 702 450; x_wconf 87' lang='lat' dir='ltr'><strong>iniquitate</strong></span> <span class='ocrx_word' id='word_1_49' title='bbox 715 415 726 441; x_wconf 66' lang='grc' dir='ltr'>τ</span> <span class='ocrx_word' id='word_1_50' title='bbox 741 419 788 442; x_wconf 87' lang='lat' dir='ltr'><strong>aut</strong></span> <span class='ocrx_word' id='word_1_51' title='bbox 808 422 868 450; x_wconf 77' lang='lat' dir='ltr'><strong>qua:</strong></span> <span class='ocrx_word' id='word_1_52' title='bbox 882 415 995 450; x_wconf 86' lang='lat' dir='ltr'><strong>partici-</strong></span> 
     </span>
    </p>
   </div>
   <div class='ocr_carea' id='block_1_11' title="bbox 212 459 996 497">
    <p class='ocr_par' dir='ltr' id='par_1_11' title="bbox 212 459 996 497">
     <span class='ocr_line' id='line_1_11' title="bbox 212 459 996 497; baseline -0.001 -9"><span class='ocrx_word' id='word_1_53' title='bbox 212 462 286 497; x_wconf 81' lang='lat' dir='ltr'><strong>patio</strong></span> <span class='ocrx_word' id='word_1_54' title='bbox 300 461 354 488; x_wconf 78' lang='lat' dir='ltr'><strong>luci</strong></span> <span class='ocrx_word' id='word_1_55' title='bbox 370 461 403 488; x_wconf 84' lang='lat' dir='ltr'><strong>ad</strong></span> <span class='ocrx_word' id='word_1_56' title='bbox 413 460 557 488; x_wconf 71' lang='lat' dir='ltr'><strong>tenebras?</strong></span> <span class='ocrx_word' id='word_1_57' title='bbox 571 465 618 487; x_wconf 86' lang='lat' dir='ltr'><strong>aut</strong></span> <span class='ocrx_word' id='word_1_58' title='bbox 635 467 696 494; x_wconf 72' lang='lat' dir='ltr'><strong>qua:</strong></span> <span class='ocrx_word' id='word_1_59' title='bbox 724 460 872 488; x_wconf 85' lang='lat' dir='ltr'><strong>conventio</strong></span> <span class='ocrx_word' id='word_1_60' title='bbox 885 459 996 488; x_wconf 82' lang='lat' dir='ltr'><strong>Christo</strong></span> 
     </span>
    </p>
   </div>
   <div class='ocr_carea' id='block_1_12' title="bbox 211 506 997 542">
    <p class='ocr_par' dir='ltr' id='par_1_12' title="bbox 211 506 997 542">
     <span class='ocr_line' id='line_1_12' title="bbox 211 506 997 542; baseline -0.001 -8"><span class='ocrx_word' id='word_1_61' title='bbox 211 514 239 535; x_wconf 82' lang='lat' dir='ltr'><strong>et</strong></span> <span class='ocrx_word' id='word_1_62' title='bbox 252 507 354 535; x_wconf 77' lang='lat' dir='ltr'><strong>Belial?</strong></span> <span class='ocrx_word' id='word_1_63' title='bbox 373 511 419 534; x_wconf 85' lang='lat' dir='ltr'><strong>aut</strong></span> <span class='ocrx_word' id='word_1_64' title='bbox 433 514 494 542; x_wconf 68' lang='lat' dir='ltr'><strong>qua:</strong></span> <span class='ocrx_word' id='word_1_65' title='bbox 508 514 572 542; x_wconf 88' lang='lat' dir='ltr'><strong>pars</strong></span> <span class='ocrx_word' id='word_1_66' title='bbox 601 506 688 533; x_wconf 83' lang='lat' dir='ltr'><strong>ﬁdelis</strong></span> <span class='ocrx_word' id='word_1_67' title='bbox 715 514 777 533; x_wconf 88' lang='lat' dir='ltr'><strong>cum</strong></span> <span class='ocrx_word' id='word_1_68' title='bbox 806 506 909 534; x_wconf 80' lang='lat' dir='ltr'><strong>inﬁdeli</strong></span> <span class='ocrx_word' id='word_1_69' title='bbox 924 506 936 534; x_wconf 68' lang='grc' dir='ltr'><strong>τ</strong></span> <span class='ocrx_word' id='word_1_70' title='bbox 949 511 997 533; x_wconf 81' lang='lat' dir='ltr'><strong>aut</strong></span> 
     </span>
    </p>
   </div>
   <div class='ocr_carea' id='block_1_13' title="bbox 210 551 836 588">
    <p class='ocr_par' dir='ltr' id='par_1_13' title="bbox 210 551 836 588">
     <span class='ocr_line' id='line_1_13' title="bbox 210 551 836 588; baseline -0.003 -8"><span class='ocrx_word' id='word_1_71' title='bbox 210 556 272 588; x_wconf 71' lang='lat' dir='ltr'><strong>qua:</strong></span> <span class='ocrx_word' id='word_1_72' title='bbox 287 553 432 580; x_wconf 81' lang='lat' dir='ltr'><strong>consensio</strong></span> <span class='ocrx_word' id='word_1_73' title='bbox 446 552 547 587; x_wconf 88' lang='lat' dir='ltr'><strong>templo</strong></span> <span class='ocrx_word' id='word_1_74' title='bbox 563 551 611 579; x_wconf 90' lang='lat' dir='ltr'><strong>Dei</strong></span> <span class='ocrx_word' id='word_1_75' title='bbox 627 559 687 579; x_wconf 88' lang='lat' dir='ltr'><strong>cum</strong></span> <span class='ocrx_word' id='word_1_76' title='bbox 705 551 807 579; x_wconf 83' lang='lat' dir='ltr'><strong>idolis?</strong></span> <span class='ocrx_word' id='word_1_77' title='bbox 826 560 836 578; x_wconf 71' lang='grc' dir='ltr'><strong>ν</strong></span> 
     </span>
    </p>
   </div>
   <div class='ocr_carea' id='block_1_14' title="bbox 249 596 996 635">
    <p class='ocr_par' dir='ltr' id='par_1_14' title="bbox 249 596 996 635">
     <span class='ocr_line' id='line_1_14' title="bbox 249 596 996 635; baseline -0.004 -8"><span class='ocrx_word' id='word_1_78' title='bbox 249 599 332 634; x_wconf 84' lang='lat' dir='ltr'><strong>Nyu.</strong></span> <span class='ocrx_word' id='word_1_79' title='bbox 347 600 375 627; x_wconf 77' lang='lat' dir='ltr'><strong>in</strong></span> <span class='ocrx_word' id='word_1_80' title='bbox 393 601 505 635; x_wconf 71' lang='lat' dir='ltr'><strong>quinque</strong></span> <span class='ocrx_word' id='word_1_81' title='bbox 518 597 655 626; x_wconf 74' lang='lat' dir='ltr'><strong>Beatit.——</strong></span> <span class='ocrx_word' id='word_1_82' title='bbox 665 597 819 625; x_wconf 80' lang='lat' dir='ltr'><strong>Misericors</strong></span> <span class='ocrx_word' id='word_1_83' title='bbox 834 602 861 625; x_wconf 89' lang='lat' dir='ltr'><strong>et</strong></span> <span class='ocrx_word' id='word_1_84' title='bbox 877 596 996 625; x_wconf 83' lang='lat' dir='ltr'><strong>crudelis</strong></span> 
     </span>
    </p>
   </div>
   <div class='ocr_carea' id='block_1_15' title="bbox 212 643 942 678">
    <p class='ocr_par' dir='ltr' id='par_1_15' title="bbox 212 643 942 678">
     <span class='ocr_line' id='line_1_15' title="bbox 212 643 942 678; baseline -0.003 -7"><span class='ocrx_word' id='word_1_85' title='bbox 212 645 279 671; x_wconf 85' lang='lat' dir='ltr'><strong>adeo</strong></span> <span class='ocrx_word' id='word_1_86' title='bbox 294 645 425 672; x_wconf 84' lang='lat' dir='ltr'><strong>contrarii</strong></span> <span class='ocrx_word' id='word_1_87' title='bbox 448 649 523 676; x_wconf 82' lang='lat' dir='ltr'><strong>sunt,</strong></span> <span class='ocrx_word' id='word_1_88' title='bbox 537 648 567 671; x_wconf 92' lang='lat' dir='ltr'><strong>ut</strong></span> <span class='ocrx_word' id='word_1_89' title='bbox 581 643 742 678; x_wconf 79' lang='lat' dir='ltr'><strong>permisceri</strong></span> <span class='ocrx_word' id='word_1_90' title='bbox 758 650 811 670; x_wconf 91' lang='lat' dir='ltr'><strong>non</strong></span> <span class='ocrx_word' id='word_1_91' title='bbox 828 643 942 677; x_wconf 86' lang='lat' dir='ltr'><strong>possint.</strong></span> 
     </span>
    </p>
   </div>
   <div class='ocr_carea' id='block_1_16' title="bbox 215 688 994 728">
    <p class='ocr_par' dir='ltr' id='par_1_16' title="bbox 215 688 994 728">
     <span class='ocr_line' id='line_1_16' title="bbox 215 688 994 728; baseline -0.003 -12"><span class='ocrx_word' id='word_1_92' title='bbox 215 725 219 728; x_wconf 86' lang='lat'><strong>_</strong></span> <span class='ocrx_word' id='word_1_93' title='bbox 251 689 346 724; x_wconf 74' lang='lat' dir='ltr'><strong>Ejuad.</strong></span> <span class='ocrx_word' id='word_1_94' title='bbox 361 689 387 716; x_wconf 83' lang='lat' dir='ltr'><strong>in</strong></span> <span class='ocrx_word' id='word_1_95' title='bbox 399 688 479 728; x_wconf 77' lang='lat' dir='ltr'><strong>Orat.</strong></span> <span class='ocrx_word' id='word_1_96' title='bbox 495 688 602 721; x_wconf 75' lang='grc' dir='ltr'>Βοηιὶη.</span> <span class='ocrx_word' id='word_1_97' title='bbox 632 693 702 716; x_wconf 87' lang='lat' dir='ltr'><strong>orat.</strong></span> <span class='ocrx_word' id='word_1_98' title='bbox 727 689 753 716; x_wconf 78' lang='lat'><strong>5.</strong></span> <span class='ocrx_word' id='word_1_99' title='bbox 770 703 804 709; x_wconf 91' lang='lat'><strong>—</strong></span> <span class='ocrx_word' id='word_1_100' title='bbox 819 688 994 715; x_wconf 67' lang='lat' dir='ltr'><strong>Praasentiam</strong></span> 
     </span>
    </p>
   </div>
   <div class='ocr_carea' id='block_1_17' title="bbox 211 726 995 763">
    <p class='ocr_par' dir='ltr' id='par_1_17' title="bbox 211 726 995 763">
     <span class='ocr_line' id='line_1_17' title="bbox 211 726 995 763; baseline -0.001 -1"><span class='ocrx_word' id='word_1_101' title='bbox 211 726 281 762; x_wconf 82' lang='lat' dir='ltr'><strong>lucis</strong></span> <span class='ocrx_word' id='word_1_102' title='bbox 295 735 415 762; x_wconf 74' lang='lat' dir='ltr'><strong>tenebra:</strong></span> <span class='ocrx_word' id='word_1_103' title='bbox 431 726 544 763; x_wconf 85' lang='lat' dir='ltr'><strong>minime</strong></span> <span class='ocrx_word' id='word_1_104' title='bbox 558 734 696 763; x_wconf 82' lang='lat' dir='ltr'><strong>sustinent</strong></span> <span class='ocrx_word' id='word_1_105' title='bbox 714 743 721 762; x_wconf 91' lang='lat'><strong>:</strong></span> <span class='ocrx_word' id='word_1_106' title='bbox 743 734 855 762; x_wconf 80' lang='lat' dir='ltr'><strong>morbus</strong></span> <span class='ocrx_word' id='word_1_107' title='bbox 869 737 930 761; x_wconf 84' lang='lat' dir='ltr'><strong>orta</strong></span> <span class='ocrx_word' id='word_1_108' title='bbox 950 741 995 761; x_wconf 86' lang='lat' dir='ltr'><strong>sa-</strong></span> 
     </span>
    </p>
   </div>
   <div class='ocr_carea' id='block_1_18' title="bbox 213 780 996 819">
    <p class='ocr_par' dir='ltr' id='par_1_18' title="bbox 213 780 996 819">
     <span class='ocr_line' id='line_1_18' title="bbox 213 780 996 819; baseline 0 -11"><span class='ocrx_word' id='word_1_109' title='bbox 213 781 298 819; x_wconf 81' lang='lat' dir='ltr'><strong>nitate</strong></span> <span class='ocrx_word' id='word_1_110' title='bbox 314 788 367 808; x_wconf 92' lang='lat' dir='ltr'><strong>non</strong></span> <span class='ocrx_word' id='word_1_111' title='bbox 397 785 489 808; x_wconf 86' lang='lat' dir='ltr'><strong>manet</strong></span> <span class='ocrx_word' id='word_1_112' title='bbox 504 781 639 816; x_wconf 87' lang='lat' dir='ltr'><strong>amplius:</strong></span> <span class='ocrx_word' id='word_1_113' title='bbox 655 780 832 816; x_wconf 67' lang='lat' dir='ltr'><strong>mgritudines</strong></span> <span class='ocrx_word' id='word_1_114' title='bbox 861 784 996 816; x_wconf 56' lang='lat' dir='ltr'><strong>praesente</strong></span> 
     </span>
    </p>
   </div>
   <div class='ocr_carea' id='block_1_19' title="bbox 211 827 996 862">
    <p class='ocr_par' dir='ltr' id='par_1_19' title="bbox 211 827 996 862">
     <span class='ocr_line' id='line_1_19' title="bbox 211 827 996 862; baseline 0.001 -8"><span class='ocrx_word' id='word_1_115' title='bbox 211 827 413 862; x_wconf 83' lang='lat' dir='ltr'><strong>tranquillitate</strong></span> <span class='ocrx_word' id='word_1_116' title='bbox 441 827 494 854; x_wconf 92' lang='lat' dir='ltr'><strong>vim</strong></span> <span class='ocrx_word' id='word_1_117' title='bbox 527 834 605 854; x_wconf 85' lang='lat' dir='ltr'><strong>suam</strong></span> <span class='ocrx_word' id='word_1_118' title='bbox 634 834 689 854; x_wconf 90' lang='lat' dir='ltr'><strong>non</strong></span> <span class='ocrx_word' id='word_1_119' title='bbox 714 831 940 855; x_wconf 79' lang='lat' dir='ltr'><strong>exeruntzcassa</strong></span> <span class='ocrx_word' id='word_1_120' title='bbox 969 831 996 855; x_wconf 91' lang='lat' dir='ltr'><strong>et</strong></span> 
     </span>
    </p>
   </div>
   <div class='ocr_carea' id='block_1_20' title="bbox 1046 235 1663 274">
    <p class='ocr_par' dir='ltr' id='par_1_20' title="bbox 1046 235 1663 274">
     <span class='ocr_line' id='line_1_20' title="bbox 1046 235 1663 274; baseline 0.005 -12"><span class='ocrx_word' id='word_1_121' title='bbox 1046 235 1116 271; x_wconf 76' lang='grc' dir='ltr'>αὕτη</span> <span class='ocrx_word' id='word_1_122' title='bbox 1131 236 1323 272; x_wconf 81' lang='grc' dir='ltr'>προσκρούσει,</span> <span class='ocrx_word' id='word_1_123' title='bbox 1339 236 1408 272; x_wconf 75' lang='grc' dir='ltr'>αὕτη</span> <span class='ocrx_word' id='word_1_124' title='bbox 1421 238 1638 274; x_wconf 77' lang='grc' dir='ltr'>συντριϐήσεται.</span> <span class='ocrx_word' id='word_1_125' title='bbox 1655 248 1663 265; x_wconf 82' lang='grc' dir='ltr'><strong>ι</strong></span> 
     </span>
    </p>
   </div>
   <div class='ocr_carea' id='block_1_21' title="bbox 1084 326 1831 364">
    <p class='ocr_par' dir='ltr' id='par_1_21' title="bbox 1084 326 1831 364">
     <span class='ocr_line' id='line_1_21' title="bbox 1084 326 1831 364; baseline 0.008 -12"><span class='ocrx_word' id='word_1_126' title='bbox 1084 335 1093 352; x_wconf 75' lang='grc' dir='ltr'><strong>ι</strong></span> <span class='ocrx_word' id='word_1_127' title='bbox 1113 327 1150 353; x_wconf 88' lang='grc' dir='ltr'><strong>Οὑ</strong></span> <span class='ocrx_word' id='word_1_128' title='bbox 1172 326 1287 354; x_wconf 79' lang='grc' dir='ltr'><strong>δύνασθε</strong></span> <span class='ocrx_word' id='word_1_129' title='bbox 1316 327 1456 363; x_wconf 76' lang='grc' dir='ltr'><strong>τραπέζης</strong></span> <span class='ocrx_word' id='word_1_130' title='bbox 1478 328 1580 364; x_wconf 80' lang='grc' dir='ltr'><strong>Κυρίου</strong></span> <span class='ocrx_word' id='word_1_131' title='bbox 1612 329 1753 364; x_wconf 74' lang='grc' dir='ltr'><strong>μετέχειν,</strong></span> <span class='ocrx_word' id='word_1_132' title='bbox 1785 331 1831 358; x_wconf 74' lang='grc' dir='ltr'>καὶ</span> 
     </span>
    </p>
   </div>
   <div class='ocr_carea' id='block_1_22' title="bbox 1046 370 1832 410">
    <p class='ocr_par' dir='ltr' id='par_1_22' title="bbox 1046 370 1832 410">
     <span class='ocr_line' id='line_1_22' title="bbox 1046 370 1832 410; baseline 0.005 -13"><span class='ocrx_word' id='word_1_133' title='bbox 1046 371 1186 406; x_wconf 76' lang='grc' dir='ltr'><strong>τραπέζης</strong></span> <span class='ocrx_word' id='word_1_134' title='bbox 1201 370 1360 406; x_wconf 79' lang='grc' dir='ltr'>δαιμονίων.</span> <span class='ocrx_word' id='word_1_135' title='bbox 1397 372 1444 403; x_wconf 88' lang='grc' dir='ltr'>Τίς</span> <span class='ocrx_word' id='word_1_136' title='bbox 1470 373 1570 408; x_wconf 84' lang='grc' dir='ltr'>μετοχὴ</span> <span class='ocrx_word' id='word_1_137' title='bbox 1594 373 1766 410; x_wconf 79' lang='grc' dir='ltr'><strong>δικαιοσύνης</strong></span> <span class='ocrx_word' id='word_1_138' title='bbox 1787 375 1832 401; x_wconf 75' lang='grc' dir='ltr'>καὶ</span> 
     </span>
    </p>
   </div>
   <div class='ocr_carea' id='block_1_23' title="bbox 1046 416 1830 457">
    <p class='ocr_par' dir='ltr' id='par_1_23' title="bbox 1046 416 1830 457">
     <span class='ocr_line' id='line_1_23' title="bbox 1046 416 1830 457; baseline 0.004 -14"><span class='ocrx_word' id='word_1_139' title='bbox 1046 416 1176 451; x_wconf 83' lang='grc' dir='ltr'>ἀνομίας;</span> <span class='ocrx_word' id='word_1_140' title='bbox 1203 417 1287 457; x_wconf 34' lang='grc' dir='ltr'>ἢδτίς</span> <span class='ocrx_word' id='word_1_141' title='bbox 1304 417 1431 444; x_wconf 81' lang='grc' dir='ltr'>κοινωνία</span> <span class='ocrx_word' id='word_1_142' title='bbox 1448 418 1518 452; x_wconf 72' lang='grc' dir='ltr'>φωτὶ</span> <span class='ocrx_word' id='word_1_143' title='bbox 1539 417 1607 454; x_wconf 73' lang='grc' dir='ltr'>πρὸς</span> <span class='ocrx_word' id='word_1_144' title='bbox 1619 419 1732 453; x_wconf 66' lang='lat' dir='ltr'><strong>ard-rec;</strong></span> <span class='ocrx_word' id='word_1_145' title='bbox 1749 419 1791 451; x_wconf 87' lang='grc' dir='ltr'><strong>τίς</strong></span> <span class='ocrx_word' id='word_1_146' title='bbox 1803 420 1830 447; x_wconf 79' lang='grc' dir='ltr'>δὲ</span> 
     </span>
    </p>
   </div>
   <div class='ocr_carea' id='block_1_24' title="bbox 1047 462 1832 501">
    <p class='ocr_par' dir='ltr' id='par_1_24' title="bbox 1047 462 1832 501">
     <span class='ocr_line' id='line_1_24' title="bbox 1047 462 1832 501; baseline 0.004 -12"><span class='ocrx_word' id='word_1_147' title='bbox 1047 462 1223 498; x_wconf 81' lang='grc' dir='ltr'><strong>συμφώνησις</strong></span> <span class='ocrx_word' id='word_1_148' title='bbox 1238 463 1347 498; x_wconf 80' lang='grc' dir='ltr'><strong>Χριστῷ</strong></span> <span class='ocrx_word' id='word_1_149' title='bbox 1361 463 1428 498; x_wconf 76' lang='grc' dir='ltr'>πρὸς</span> <span class='ocrx_word' id='word_1_150' title='bbox 1444 463 1558 500; x_wconf 83' lang='grc' dir='ltr'>Βελίαρ;</span> <span class='ocrx_word' id='word_1_151' title='bbox 1572 464 1590 500; x_wconf 74' lang='grc' dir='ltr'><strong>η</strong></span> <span class='ocrx_word' id='word_1_152' title='bbox 1600 464 1642 496; x_wconf 80' lang='grc' dir='ltr'><strong>τίς</strong></span> <span class='ocrx_word' id='word_1_153' title='bbox 1651 465 1730 501; x_wconf 71' lang='grc' dir='ltr'>μερὶς</span> <span class='ocrx_word' id='word_1_154' title='bbox 1743 465 1832 501; x_wconf 86' lang='grc' dir='ltr'>πιστῷ</span> 
     </span>
    </p>
   </div>
   <div class='ocr_carea' id='block_1_25' title="bbox 1048 507 1831 546">
    <p class='ocr_par' dir='ltr' id='par_1_25' title="bbox 1048 507 1831 546">
     <span class='ocr_line' id='line_1_25' title="bbox 1048 507 1831 546; baseline 0.005 -13"><span class='ocrx_word' id='word_1_155' title='bbox 1048 507 1117 542; x_wconf 81' lang='grc' dir='ltr'><strong>μετά</strong></span> <span class='ocrx_word' id='word_1_156' title='bbox 1130 507 1245 534; x_wconf 78' lang='grc' dir='ltr'><strong>ἀπίστου</strong></span> <span class='ocrx_word' id='word_1_157' title='bbox 1258 516 1265 540; x_wconf 85' lang='grc'>;</span> <span class='ocrx_word' id='word_1_158' title='bbox 1282 508 1323 540; x_wconf 86' lang='grc' dir='ltr'><strong>τίς</strong></span> <span class='ocrx_word' id='word_1_159' title='bbox 1339 508 1367 534; x_wconf 80' lang='grc' dir='ltr'>δὲ</span> <span class='ocrx_word' id='word_1_160' title='bbox 1382 508 1580 543; x_wconf 77' lang='grc' dir='ltr'><strong>συγκατάθεσις</strong></span> <span class='ocrx_word' id='word_1_161' title='bbox 1606 509 1664 545; x_wconf 79' lang='grc' dir='ltr'>ναῷ</span> <span class='ocrx_word' id='word_1_162' title='bbox 1682 510 1749 537; x_wconf 88' lang='grc' dir='ltr'><strong>Θεοῦ</strong></span> <span class='ocrx_word' id='word_1_163' title='bbox 1762 512 1831 546; x_wconf 74' lang='grc' dir='ltr'>μετὰ</span> 
     </span>
    </p>
   </div>
   <div class='ocr_carea' id='block_1_26' title="bbox 1045 553 1207 587">
    <p class='ocr_par' dir='ltr' id='par_1_26' title="bbox 1045 553 1207 587">
     <span class='ocr_line' id='line_1_26' title="bbox 1045 553 1207 587; baseline -0.006 -7"><span class='ocrx_word' id='word_1_164' title='bbox 1045 553 1163 580; x_wconf 83' lang='grc' dir='ltr'>είδώλων</span> <span class='ocrx_word' id='word_1_165' title='bbox 1173 562 1181 587; x_wconf 84' lang='lat'><strong>;</strong></span> <span class='ocrx_word' id='word_1_166' title='bbox 1197 562 1207 579; x_wconf 67' lang='grc' dir='ltr'>θ</span> 
     </span>
    </p>
   </div>
   <div class='ocr_carea' id='block_1_27' title="bbox 1082 599 1830 638">
    <p class='ocr_par' dir='ltr' id='par_1_27' title="bbox 1082 599 1830 638">
     <span class='ocr_line' id='line_1_27' title="bbox 1082 599 1830 638; baseline 0.003 -11"><span class='ocrx_word' id='word_1_167' title='bbox 1082 599 1215 635; x_wconf 78' lang='grc' dir='ltr'>Ἀμικτος</span> <span class='ocrx_word' id='word_1_168' title='bbox 1231 600 1249 636; x_wconf 79' lang='grc' dir='ltr'><strong>ἡ</strong></span> <span class='ocrx_word' id='word_1_169' title='bbox 1265 599 1314 627; x_wconf 79' lang='grc' dir='ltr'><strong>τοῦ</strong></span> <span class='ocrx_word' id='word_1_170' title='bbox 1334 600 1477 637; x_wconf 81' lang='grc' dir='ltr'>ὲλεήμονος</span> <span class='ocrx_word' id='word_1_171' title='bbox 1491 602 1538 628; x_wconf 77' lang='grc' dir='ltr'>καὶ</span> <span class='ocrx_word' id='word_1_172' title='bbox 1557 601 1605 628; x_wconf 79' lang='grc' dir='ltr'>τοῦ</span> <span class='ocrx_word' id='word_1_173' title='bbox 1618 601 1738 638; x_wconf 76' lang='grc' dir='ltr'><strong>ἀπηνοῦς</strong></span> <span class='ocrx_word' id='word_1_174' title='bbox 1753 602 1830 629; x_wconf 74' lang='grc' dir='ltr'>ἔναν-</span> 
     </span>
    </p>
   </div>
   <div class='ocr_carea' id='block_1_28' title="bbox 1045 652 1429 677">
    <p class='ocr_par' dir='ltr' id='par_1_28' title="bbox 1045 652 1429 677">
     <span class='ocr_line' id='line_1_28' title="bbox 1045 652 1429 677; baseline 0.005 -7"><span class='ocrx_word' id='word_1_175' title='bbox 1045 653 1148 677; x_wconf 84' lang='grc' dir='ltr'>τιωσις.</span> <span class='ocrx_word' id='word_1_176' title='bbox 1427 652 1429 655; x_wconf 89' lang='grc'><strong>·</strong></span> 
     </span>
    </p>
   </div>
   <div class='ocr_carea' id='block_1_29' title="bbox 1080 689 1827 729">
    <p class='ocr_par' dir='ltr' id='par_1_29' title="bbox 1080 689 1827 729">
     <span class='ocr_line' id='line_1_29' title="bbox 1080 689 1827 729; baseline 0.007 -14"><span class='ocrx_word' id='word_1_177' title='bbox 1080 689 1136 725; x_wconf 84' lang='grc' dir='ltr'><strong>Οὐχ</strong></span> <span class='ocrx_word' id='word_1_178' title='bbox 1147 689 1275 726; x_wconf 73' lang='grc' dir='ltr'>ὑπομένει</span> <span class='ocrx_word' id='word_1_179' title='bbox 1288 689 1318 718; x_wconf 54' lang='lat' dir='ltr'><strong>ea</strong></span> <span class='ocrx_word' id='word_1_180' title='bbox 1338 691 1432 723; x_wconf 89' lang='grc' dir='ltr'>σκότος</span> <span class='ocrx_word' id='word_1_181' title='bbox 1440 691 1488 727; x_wconf 81' lang='grc' dir='ltr'>τὴν</span> <span class='ocrx_word' id='word_1_182' title='bbox 1503 692 1550 719; x_wconf 79' lang='grc' dir='ltr'>τοῦ</span> <span class='ocrx_word' id='word_1_183' title='bbox 1568 693 1656 728; x_wconf 81' lang='grc' dir='ltr'>φωτὸς</span> <span class='ocrx_word' id='word_1_184' title='bbox 1667 694 1827 729; x_wconf 77' lang='grc' dir='ltr'>παρουσίαν·</span> 
     </span>
    </p>
   </div>
   <div class='ocr_carea' id='block_1_30' title="bbox 1045 733 1831 774">
    <p class='ocr_par' dir='ltr' id='par_1_30' title="bbox 1045 733 1831 774">
     <span class='ocr_line' id='line_1_30' title="bbox 1045 733 1831 774; baseline 0.006 -14"><span class='ocrx_word' id='word_1_185' title='bbox 1045 733 1075 760; x_wconf 82' lang='grc' dir='ltr'><strong>ού</strong></span> <span class='ocrx_word' id='word_1_186' title='bbox 1087 734 1163 766; x_wconf 81' lang='grc' dir='ltr'>νόσος</span> <span class='ocrx_word' id='word_1_187' title='bbox 1193 734 1289 769; x_wconf 77' lang='grc' dir='ltr'>ὑγείας</span> <span class='ocrx_word' id='word_1_188' title='bbox 1314 735 1496 772; x_wconf 75' lang='grc' dir='ltr'>ἐπιλαϐούσης</span> <span class='ocrx_word' id='word_1_189' title='bbox 1513 737 1637 765; x_wconf 83' lang='grc' dir='ltr'>ἵσταται·</span> <span class='ocrx_word' id='word_1_190' title='bbox 1660 738 1711 765; x_wconf 75' lang='grc' dir='ltr'>οὐκ</span> <span class='ocrx_word' id='word_1_191' title='bbox 1725 739 1831 774; x_wconf 70' lang='grc' dir='ltr'>ἐνεργεῖ</span> 
     </span>
    </p>
   </div>
   <div class='ocr_carea' id='block_1_31' title="bbox 1045 778 1830 818">
    <p class='ocr_par' dir='ltr' id='par_1_31' title="bbox 1045 778 1830 818">
     <span class='ocr_line' id='line_1_31' title="bbox 1045 778 1830 818; baseline 0.008 -13"><span class='ocrx_word' id='word_1_192' title='bbox 1045 778 1078 806; x_wconf 85' lang='grc' dir='ltr'><strong>τὰ</strong></span> <span class='ocrx_word' id='word_1_193' title='bbox 1095 779 1169 814; x_wconf 91' lang='grc' dir='ltr'><strong>πάθη</strong></span> <span class='ocrx_word' id='word_1_194' title='bbox 1184 780 1234 814; x_wconf 81' lang='grc' dir='ltr'>τῆς</span> <span class='ocrx_word' id='word_1_195' title='bbox 1253 780 1387 812; x_wconf 81' lang='grc' dir='ltr'>ἀπαθείας</span> <span class='ocrx_word' id='word_1_196' title='bbox 1403 782 1543 817; x_wconf 82' lang='grc' dir='ltr'>παρούσης</span> <span class='ocrx_word' id='word_1_197' title='bbox 1554 790 1561 797; x_wconf 93' lang='grc'><strong>·</strong></span> <span class='ocrx_word' id='word_1_198' title='bbox 1580 782 1694 818; x_wconf 83' lang='grc' dir='ltr'>φροῦδος</span> <span class='ocrx_word' id='word_1_199' title='bbox 1709 784 1723 811; x_wconf 82' lang='grc' dir='ltr'><strong>ό</strong></span> <span class='ocrx_word' id='word_1_200' title='bbox 1748 784 1830 811; x_wconf 84' lang='grc' dir='ltr'>θάνα-</span> 
     </span>
    </p>
   </div>
   <div class='ocr_carea' id='block_1_32' title="bbox 1045 824 1828 866">
    <p class='ocr_par' dir='ltr' id='par_1_32' title="bbox 1045 824 1828 866">
     <span class='ocr_line' id='line_1_32' title="bbox 1045 824 1828 866; baseline 0.009 -16"><span class='ocrx_word' id='word_1_201' title='bbox 1045 831 1102 856; x_wconf 80' lang='grc' dir='ltr'>τος,</span> <span class='ocrx_word' id='word_1_202' title='bbox 1115 824 1220 860; x_wconf 83' lang='grc' dir='ltr'>ἀφανὴς</span> <span class='ocrx_word' id='word_1_203' title='bbox 1232 826 1249 860; x_wconf 86' lang='grc' dir='ltr'>ὴ</span> <span class='ocrx_word' id='word_1_204' title='bbox 1267 825 1364 861; x_wconf 79' lang='grc' dir='ltr'>φθορὰ,</span> <span class='ocrx_word' id='word_1_205' title='bbox 1378 826 1442 854; x_wconf 81' lang='grc' dir='ltr'>ὃταν</span> <span class='ocrx_word' id='word_1_206' title='bbox 1456 827 1486 854; x_wconf 72' lang='grc' dir='ltr'>ὲν</span> <span class='ocrx_word' id='word_1_207' title='bbox 1502 828 1568 863; x_wconf 78' lang='grc' dir='ltr'>ἡμῖν</span> <span class='ocrx_word' id='word_1_208' title='bbox 1586 828 1716 866; x_wconf 79' lang='grc' dir='ltr'><strong>βασιλεύῃ</strong></span> <span class='ocrx_word' id='word_1_209' title='bbox 1730 830 1747 865; x_wconf 85' lang='grc' dir='ltr'><strong>ή</strong></span> <span class='ocrx_word' id='word_1_210' title='bbox 1761 829 1828 864; x_wconf 79' lang='grc' dir='ltr'><strong>ζωὴ.</strong></span> 
     </span>
    </p>
   </div>
   <div class='ocr_carea' id='block_1_33' title="bbox 213 867 997 908">
    <p class='ocr_par' dir='ltr' id='par_1_33' title="bbox 213 871 995 906">
     <span class='ocr_line' id='line_1_33' title="bbox 213 871 995 906; baseline 0.001 -8"><span class='ocrx_word' id='word_1_211' title='bbox 213 871 304 903; x_wconf 87' lang='lat' dir='ltr'><strong>inanis</strong></span> <span class='ocrx_word' id='word_1_212' title='bbox 316 878 390 898; x_wconf 91' lang='lat' dir='ltr'><strong>mors</strong></span> <span class='ocrx_word' id='word_1_213' title='bbox 401 875 452 903; x_wconf 88' lang='lat' dir='ltr'><strong>est,</strong></span> <span class='ocrx_word' id='word_1_214' title='bbox 469 871 610 899; x_wconf 84' lang='lat' dir='ltr'><strong>evanescit</strong></span> <span class='ocrx_word' id='word_1_215' title='bbox 626 871 777 906; x_wconf 80' lang='lat' dir='ltr'><strong>corruptio,</strong></span> <span class='ocrx_word' id='word_1_216' title='bbox 808 878 869 898; x_wconf 90' lang='lat' dir='ltr'><strong>cum</strong></span> <span class='ocrx_word' id='word_1_217' title='bbox 897 872 952 899; x_wconf 86' lang='lat' dir='ltr'><strong>vita</strong></span> <span class='ocrx_word' id='word_1_218' title='bbox 968 872 995 899; x_wconf 90' lang='lat' dir='ltr'><strong>in</strong></span> 
     </span>
    </p>
   </div>
   <div class='ocr_carea' id='block_1_34' title="bbox 1047 867 1499 908">
    <p class='ocr_par' dir='ltr' id='par_1_34' title="bbox 1047 870 1499 908">
     <span class='ocr_line' id='line_1_34' title="bbox 1047 870 1499 908; baseline 0.007 -11"><span class='ocrx_word' id='word_1_219' title='bbox 1047 870 1094 897; x_wconf 74' lang='lat' dir='ltr'><strong>ml</strong></span> <span class='ocrx_word' id='word_1_220' title='bbox 1109 871 1126 906; x_wconf 87' lang='grc' dir='ltr'><strong>ή</strong></span> <span class='ocrx_word' id='word_1_221' title='bbox 1136 870 1274 907; x_wconf 85' lang='grc' dir='ltr'>ἀφθαρσία</span> <span class='ocrx_word' id='word_1_222' title='bbox 1289 871 1319 898; x_wconf 84' lang='grc' dir='ltr'><strong>τὺ</strong></span> <span class='ocrx_word' id='word_1_223' title='bbox 1328 872 1428 908; x_wconf 85' lang='grc' dir='ltr'>κράτος</span> <span class='ocrx_word' id='word_1_224' title='bbox 1440 872 1499 908; x_wconf 75' lang='grc' dir='ltr'>ἔχῃ.</span> 
     </span>
    </p>
   </div>
   <div class='ocr_carea' id='block_1_35' title="bbox 212 912 900 951">
    <p class='ocr_par' dir='ltr' id='par_1_35' title="bbox 212 912 900 951">
     <span class='ocr_line' id='line_1_35' title="bbox 212 912 900 951; baseline 0.001 -8"><span class='ocrx_word' id='word_1_225' title='bbox 212 912 289 944; x_wconf 77' lang='lat' dir='ltr'><strong>nobis</strong></span> <span class='ocrx_word' id='word_1_226' title='bbox 304 920 410 951; x_wconf 78' lang='lat' dir='ltr'><strong>regnat.</strong></span> <span class='ocrx_word' id='word_1_227' title='bbox 426 920 454 943; x_wconf 93' lang='lat' dir='ltr'><strong>et</strong></span> <span class='ocrx_word' id='word_1_228' title='bbox 469 916 638 951; x_wconf 87' lang='lat' dir='ltr'><strong>incorruptio</strong></span> <span class='ocrx_word' id='word_1_229' title='bbox 653 916 770 951; x_wconf 85' lang='lat' dir='ltr'><strong>imperio</strong></span> <span class='ocrx_word' id='word_1_230' title='bbox 785 914 900 951; x_wconf 78' lang='lat' dir='ltr'><strong>potitur.</strong></span> 
     </span>
    </p>
   </div>
   <div class='ocr_carea' id='block_1_36' title="bbox 246 960 998 995">
    <p class='ocr_par' dir='ltr' id='par_1_36' title="bbox 246 960 998 995">
     <span class='ocr_line' id='line_1_36' title="bbox 246 960 998 995; baseline 0.001 -7"><span class='ocrx_word' id='word_1_231' title='bbox 246 961 314 989; x_wconf 80' lang='lat' dir='ltr'><strong>Ibid.</strong></span> <span class='ocrx_word' id='word_1_232' title='bbox 328 966 398 988; x_wconf 85' lang='lat' dir='ltr'><strong>orat.</strong></span> <span class='ocrx_word' id='word_1_233' title='bbox 414 961 440 989; x_wconf 83' lang='lat'><strong>5.</strong></span> <span class='ocrx_word' id='word_1_234' title='bbox 453 975 488 981; x_wconf 90' lang='lat'><strong>—</strong></span> <span class='ocrx_word' id='word_1_235' title='bbox 504 960 563 988; x_wconf 84' lang='lat' dir='ltr'><strong>Fiat</strong></span> <span class='ocrx_word' id='word_1_236' title='bbox 577 961 604 988; x_wconf 88' lang='lat' dir='ltr'><strong>in</strong></span> <span class='ocrx_word' id='word_1_237' title='bbox 621 968 662 988; x_wconf 90' lang='lat' dir='ltr'><strong>me</strong></span> <span class='ocrx_word' id='word_1_238' title='bbox 676 961 800 989; x_wconf 83' lang='lat' dir='ltr'><strong>voluntas</strong></span> <span class='ocrx_word' id='word_1_239' title='bbox 819 966 864 989; x_wconf 88' lang='lat' dir='ltr'><strong>tua</strong></span> <span class='ocrx_word' id='word_1_240' title='bbox 874 981 882 995; x_wconf 92' lang='lat'><strong>,</strong></span> <span class='ocrx_word' id='word_1_241' title='bbox 898 966 926 989; x_wconf 86' lang='lat' dir='ltr'><strong>ut</strong></span> <span class='ocrx_word' id='word_1_242' title='bbox 940 961 998 989; x_wconf 84' lang='lat' dir='ltr'><strong>dia-</strong></span> 
     </span>
    </p>
   </div>
   <div class='ocr_carea' id='block_1_37' title="bbox 213 1006 998 1042">
    <p class='ocr_par' dir='ltr' id='par_1_37' title="bbox 213 1006 998 1042">
     <span class='ocr_line' id='line_1_37' title="bbox 213 1006 998 1042; baseline 0 -8"><span class='ocrx_word' id='word_1_243' title='bbox 213 1008 263 1035; x_wconf 90' lang='lat' dir='ltr'><strong>boli</strong></span> <span class='ocrx_word' id='word_1_244' title='bbox 281 1007 407 1035; x_wconf 86' lang='lat' dir='ltr'><strong>voluntas</strong></span> <span class='ocrx_word' id='word_1_245' title='bbox 422 1007 634 1041; x_wconf 83' lang='lat' dir='ltr'><strong>exstingualur.</strong></span> <span class='ocrx_word' id='word_1_246' title='bbox 651 1006 718 1034; x_wconf 77' lang='lat' dir='ltr'><strong>Nam</strong></span> <span class='ocrx_word' id='word_1_247' title='bbox 728 1007 954 1042; x_wconf 86' lang='lat' dir='ltr'><strong>quemadmodum</strong></span> <span class='ocrx_word' id='word_1_248' title='bbox 970 1008 998 1035; x_wconf 91' lang='lat' dir='ltr'><strong>in</strong></span> 
     </span>
    </p>
   </div>
   <div class='ocr_carea' id='block_1_38' title="bbox 212 1051 998 1089">
    <p class='ocr_par' dir='ltr' id='par_1_38' title="bbox 212 1051 998 1089">
     <span class='ocr_line' id='line_1_38' title="bbox 212 1051 998 1089; baseline -0.001 -8"><span class='ocrx_word' id='word_1_249' title='bbox 212 1053 367 1088; x_wconf 81' lang='lat' dir='ltr'><strong>caliginosis</strong></span> <span class='ocrx_word' id='word_1_250' title='bbox 387 1053 487 1085; x_wconf 85' lang='lat' dir='ltr'><strong>antris,</strong></span> <span class='ocrx_word' id='word_1_251' title='bbox 502 1052 576 1080; x_wconf 88' lang='lat' dir='ltr'><strong>illato</strong></span> <span class='ocrx_word' id='word_1_252' title='bbox 606 1051 707 1080; x_wconf 86' lang='lat' dir='ltr'><strong>lumine</strong></span> <span class='ocrx_word' id='word_1_253' title='bbox 723 1053 811 1089; x_wconf 82' lang='lat' dir='ltr'><strong>caligo</strong></span> <span class='ocrx_word' id='word_1_254' title='bbox 829 1053 942 1086; x_wconf 88' lang='lat' dir='ltr'><strong>desinit,</strong></span> <span class='ocrx_word' id='word_1_255' title='bbox 960 1053 998 1080; x_wconf 88' lang='lat' dir='ltr'><strong>ita</strong></span> 
     </span>
    </p>
   </div>
   <div class='ocr_carea' id='block_1_39' title="bbox 212 1097 998 1132">
    <p class='ocr_par' dir='ltr' id='par_1_39' title="bbox 212 1097 998 1132">
     <span class='ocr_line' id='line_1_39' title="bbox 212 1097 998 1132; baseline -0.004 -6"><span class='ocrx_word' id='word_1_256' title='bbox 212 1099 234 1126; x_wconf 76' lang='lat' dir='ltr'><strong>si</strong></span> <span class='ocrx_word' id='word_1_257' title='bbox 251 1103 297 1126; x_wconf 88' lang='lat' dir='ltr'><strong>tua</strong></span> <span class='ocrx_word' id='word_1_258' title='bbox 314 1098 339 1125; x_wconf 90' lang='lat' dir='ltr'><strong>in</strong></span> <span class='ocrx_word' id='word_1_259' title='bbox 354 1105 397 1125; x_wconf 86' lang='lat' dir='ltr'><strong>me</strong></span> <span class='ocrx_word' id='word_1_260' title='bbox 423 1097 550 1125; x_wconf 73' lang='lat' dir='ltr'><strong>voluntas</strong></span> <span class='ocrx_word' id='word_1_261' title='bbox 573 1097 631 1130; x_wconf 85' lang='lat' dir='ltr'><strong>ﬁat,</strong></span> <span class='ocrx_word' id='word_1_262' title='bbox 648 1097 789 1132; x_wconf 89' lang='lat' dir='ltr'><strong>improbus</strong></span> <span class='ocrx_word' id='word_1_263' title='bbox 804 1097 929 1125; x_wconf 86' lang='lat' dir='ltr'><strong>omniset</strong></span> <span class='ocrx_word' id='word_1_264' title='bbox 944 1097 998 1124; x_wconf 89' lang='lat' dir='ltr'><strong>ini-</strong></span> 
     </span>
    </p>
   </div>
   <div class='ocr_carea' id='block_1_40' title="bbox 214 1141 881 1178">
    <p class='ocr_par' dir='ltr' id='par_1_40' title="bbox 214 1141 881 1178">
     <span class='ocr_line' id='line_1_40' title="bbox 214 1141 881 1178; baseline 0 -9"><span class='ocrx_word' id='word_1_265' title='bbox 214 1151 279 1178; x_wconf 65' lang='lat' dir='ltr'><strong>quos</strong></span> <span class='ocrx_word' id='word_1_266' title='bbox 294 1143 441 1171; x_wconf 87' lang='lat' dir='ltr'><strong>voluntatis</strong></span> <span class='ocrx_word' id='word_1_267' title='bbox 455 1147 545 1170; x_wconf 88' lang='lat' dir='ltr'><strong>motus</strong></span> <span class='ocrx_word' id='word_1_268' title='bbox 561 1142 588 1169; x_wconf 93' lang='lat' dir='ltr'><strong>in</strong></span> <span class='ocrx_word' id='word_1_269' title='bbox 606 1141 722 1170; x_wconf 86' lang='lat' dir='ltr'><strong>nihilum</strong></span> <span class='ocrx_word' id='word_1_270' title='bbox 737 1141 881 1177; x_wconf 73' lang='lat' dir='ltr'><strong>redigitur.</strong></span> 
     </span>
    </p>
   </div>
   <div class='ocr_carea' id='block_1_41' title="bbox 248 1230 999 1266">
    <p class='ocr_par' dir='ltr' id='par_1_41' title="bbox 248 1230 999 1266">
     <span class='ocr_line' id='line_1_41' title="bbox 248 1230 999 1266; baseline 0 -8"><span class='ocrx_word' id='word_1_271' title='bbox 248 1231 317 1260; x_wconf 79' lang='lat' dir='ltr'><strong>Nili.</strong></span> <span class='ocrx_word' id='word_1_272' title='bbox 334 1231 610 1266; x_wconf 81' lang='lat' dir='ltr'><strong>-—Nequevoluplas</strong></span> <span class='ocrx_word' id='word_1_273' title='bbox 639 1231 761 1259; x_wconf 86' lang='lat' dir='ltr'><strong>laborem</strong></span> <span class='ocrx_word' id='word_1_274' title='bbox 786 1230 919 1263; x_wconf 87' lang='lat' dir='ltr'><strong>admittit,</strong></span> <span class='ocrx_word' id='word_1_275' title='bbox 949 1238 999 1258; x_wconf 81' lang='lat' dir='ltr'><strong>nec</strong></span> 
     </span>
    </p>
   </div>
   <div class='ocr_carea' id='block_1_42' title="bbox 211 1277 999 1309">
    <p class='ocr_par' dir='ltr' id='par_1_42' title="bbox 211 1277 999 1309">
     <span class='ocr_line' id='line_1_42' title="bbox 211 1277 999 1309; baseline 0 -5"><span class='ocrx_word' id='word_1_276' title='bbox 211 1277 332 1306; x_wconf 71' lang='lat' dir='ltr'><strong>laetitiam</strong></span> <span class='ocrx_word' id='word_1_277' title='bbox 343 1284 457 1309; x_wconf 59' lang='lat' dir='ltr'><strong>maeror,</strong></span> <span class='ocrx_word' id='word_1_278' title='bbox 480 1285 531 1305; x_wconf 89' lang='lat' dir='ltr'><strong>nec</strong></span> <span class='ocrx_word' id='word_1_279' title='bbox 547 1277 660 1305; x_wconf 86' lang='lat' dir='ltr'><strong>tristitia</strong></span> <span class='ocrx_word' id='word_1_280' title='bbox 689 1277 902 1305; x_wconf 83' lang='lat' dir='ltr'><strong>oblectationem</strong></span> <span class='ocrx_word' id='word_1_281' title='bbox 922 1286 929 1304; x_wconf 87' lang='lat'><strong>:</strong></span> <span class='ocrx_word' id='word_1_282' title='bbox 947 1284 999 1304; x_wconf 87' lang='lat' dir='ltr'><strong>nec</strong></span> 
     </span>
    </p>
   </div>
   <div class='ocr_carea' id='block_1_43' title="bbox 212 1321 999 1357">
    <p class='ocr_par' dir='ltr' id='par_1_43' title="bbox 212 1321 999 1357">
     <span class='ocr_line' id='line_1_43' title="bbox 212 1321 999 1357; baseline -0.001 -8"><span class='ocrx_word' id='word_1_283' title='bbox 212 1330 308 1351; x_wconf 77' lang='lat' dir='ltr'><strong>rursus</strong></span> <span class='ocrx_word' id='word_1_284' title='bbox 338 1323 415 1350; x_wconf 85' lang='lat' dir='ltr'><strong>labor</strong></span> <span class='ocrx_word' id='word_1_285' title='bbox 441 1322 608 1357; x_wconf 89' lang='lat' dir='ltr'><strong>voluptatem</strong></span> <span class='ocrx_word' id='word_1_286' title='bbox 637 1321 811 1357; x_wconf 81' lang='lat' dir='ltr'><strong>conjunctam</strong></span> <span class='ocrx_word' id='word_1_287' title='bbox 840 1321 999 1354; x_wconf 81' lang='lat' dir='ltr'><strong>habet,nec</strong></span> 
     </span>
    </p>
   </div>
   <div class='ocr_carea' id='block_1_44' title="bbox 211 1367 1000 1400">
    <p class='ocr_par' dir='ltr' id='par_1_44' title="bbox 211 1367 1000 1400">
     <span class='ocr_line' id='line_1_44' title="bbox 211 1367 1000 1400; baseline 0 -6"><span class='ocrx_word' id='word_1_288' title='bbox 211 1370 313 1396; x_wconf 73' lang='lat' dir='ltr'><strong>‘mmror</strong></span> <span class='ocrx_word' id='word_1_289' title='bbox 337 1367 471 1400; x_wconf 79' lang='lat' dir='ltr'><strong>hetitiam.</strong></span> <span class='ocrx_word' id='word_1_290' title='bbox 491 1375 540 1395; x_wconf 91' lang='lat' dir='ltr'><strong>nec</strong></span> <span class='ocrx_word' id='word_1_291' title='bbox 564 1367 773 1396; x_wconf 86' lang='lat' dir='ltr'><strong>oblectationem</strong></span> <span class='ocrx_word' id='word_1_292' title='bbox 790 1367 911 1395; x_wconf 86' lang='lat' dir='ltr'><strong>tristitia.</strong></span> <span class='ocrx_word' id='word_1_293' title='bbox 927 1367 1000 1394; x_wconf 58' lang='lat' dir='ltr'><strong>Aﬂ‘eé</strong></span> 
     </span>
    </p>
   </div>
   <div class='ocr_carea' id='block_1_45' title="bbox 210 1413 996 1449">
    <p class='ocr_par' dir='ltr' id='par_1_45' title="bbox 210 1413 996 1449">
     <span class='ocr_line' id='line_1_45' title="bbox 210 1413 996 1449; baseline -0.001 -8"><span class='ocrx_word' id='word_1_294' title='bbox 210 1420 271 1442; x_wconf 86' lang='lat' dir='ltr'><strong>ctus</strong></span> <span class='ocrx_word' id='word_1_295' title='bbox 296 1414 377 1449; x_wconf 78' lang='lat'><strong>382</strong></span> <span class='ocrx_word' id='word_1_296' title='bbox 406 1413 478 1441; x_wconf 89' lang='lat' dir='ltr'><strong>enim</strong></span> <span class='ocrx_word' id='word_1_297' title='bbox 498 1414 628 1442; x_wconf 88' lang='lat' dir='ltr'><strong>contrarii</strong></span> <span class='ocrx_word' id='word_1_298' title='bbox 655 1421 715 1442; x_wconf 89' lang='lat' dir='ltr'><strong>eam</strong></span> <span class='ocrx_word' id='word_1_299' title='bbox 738 1414 870 1441; x_wconf 86' lang='lat' dir='ltr'><strong>rationem</strong></span> <span class='ocrx_word' id='word_1_300' title='bbox 887 1413 996 1446; x_wconf 78' lang='lat' dir='ltr'><strong>habent,</strong></span> 
     </span>
    </p>
   </div>
   <div class='ocr_carea' id='block_1_46' title="bbox 211 1459 998 1495">
    <p class='ocr_par' dir='ltr' id='par_1_46' title="bbox 211 1459 998 1495">
     <span class='ocr_line' id='line_1_46' title="bbox 211 1459 998 1495; baseline 0 -9"><span class='ocrx_word' id='word_1_301' title='bbox 211 1461 240 1488; x_wconf 78' lang='grc' dir='ltr'><strong>ιιι</strong></span> <span class='ocrx_word' id='word_1_302' title='bbox 255 1460 366 1487; x_wconf 84' lang='lat' dir='ltr'><strong>minime</strong></span> <span class='ocrx_word' id='word_1_303' title='bbox 384 1459 454 1486; x_wconf 89' lang='lat' dir='ltr'><strong>inter</strong></span> <span class='ocrx_word' id='word_1_304' title='bbox 469 1466 499 1487; x_wconf 84' lang='lat' dir='ltr'><strong>se</strong></span> <span class='ocrx_word' id='word_1_305' title='bbox 513 1459 634 1494; x_wconf 84' lang='lat' dir='ltr'><strong>copulari</strong></span> <span class='ocrx_word' id='word_1_306' title='bbox 649 1463 761 1495; x_wconf 83' lang='lat' dir='ltr'><strong>queant,</strong></span> <span class='ocrx_word' id='word_1_307' title='bbox 778 1466 829 1487; x_wconf 87' lang='lat' dir='ltr'><strong>nec</strong></span> <span class='ocrx_word' id='word_1_308' title='bbox 844 1459 934 1486; x_wconf 86' lang='lat' dir='ltr'><strong>amico</strong></span> <span class='ocrx_word' id='word_1_309' title='bbox 947 1467 998 1486; x_wconf 89' lang='lat' dir='ltr'><strong>uu-</strong></span> 
     </span>
    </p>
   </div>
   <div class='ocr_carea' id='block_1_47' title="bbox 211 1504 994 1542">
    <p class='ocr_par' dir='ltr' id='par_1_47' title="bbox 211 1504 994 1542">
     <span class='ocr_line' id='line_1_47' title="bbox 211 1504 994 1542; baseline -0.003 -9"><span class='ocrx_word' id='word_1_310' title='bbox 211 1513 290 1542; x_wconf 84' lang='lat' dir='ltr'><strong>quam</strong></span> <span class='ocrx_word' id='word_1_311' title='bbox 324 1504 427 1532; x_wconf 77' lang='lat' dir='ltr'><strong>fcedere</strong></span> <span class='ocrx_word' id='word_1_312' title='bbox 450 1504 603 1532; x_wconf 89' lang='lat' dir='ltr'><strong>consociari</strong></span> <span class='ocrx_word' id='word_1_313' title='bbox 618 1525 626 1538; x_wconf 92' lang='lat'><strong>,</strong></span> <span class='ocrx_word' id='word_1_314' title='bbox 651 1509 762 1540; x_wconf 80' lang='lat' dir='ltr'><strong>propter</strong></span> <span class='ocrx_word' id='word_1_315' title='bbox 792 1505 994 1540; x_wconf 77' lang='lat' dir='ltr'><strong>implacabilem</strong></span> 
     </span>
    </p>
   </div>
   <div class='ocr_carea' id='block_1_48' title="bbox 212 1536 1031 1586">
    <p class='ocr_par' dir='ltr' id='par_1_48' title="bbox 212 1536 1031 1586">
     <span class='ocr_line' id='line_1_48' title="bbox 212 1536 1031 1586; baseline 0.001 -10"><span class='ocrx_word' id='word_1_316' title='bbox 212 1536 284 1578; x_wconf 78' lang='lat' dir='ltr'><strong>illam</strong></span> <span class='ocrx_word' id='word_1_317' title='bbox 313 1550 482 1578; x_wconf 88' lang='lat' dir='ltr'><strong>inimicitiam</strong></span> <span class='ocrx_word' id='word_1_318' title='bbox 499 1536 730 1586; x_wconf 73' lang='lat' dir='ltr'><strong>simultatemque,</strong></span> <span class='ocrx_word' id='word_1_319' title='bbox 760 1536 842 1585; x_wconf 77' lang='lat' dir='ltr'><strong>quam</strong></span> <span class='ocrx_word' id='word_1_320' title='bbox 869 1536 1031 1578; x_wconf 78' lang='lat' dir='ltr'><strong>habentaG</strong></span> 
     </span>
    </p>
   </div>
   <div class='ocr_carea' id='block_1_49' title="bbox 212 1602 834 1624">
    <p class='ocr_par' dir='ltr' id='par_1_49' title="bbox 212 1602 834 1624">
     <span class='ocr_line' id='line_1_49' title="bbox 212 1602 834 1624; baseline -0.011 -1"><span class='ocrx_word' id='word_1_321' title='bbox 212 1602 319 1624; x_wconf 80' lang='lat' dir='ltr'><strong>natura.</strong></span> <span class='ocrx_word' id='word_1_322' title='bbox 833 1612 834 1616; x_wconf 54' lang='grc' dir='ltr'><strong>η</strong></span> 
     </span>
    </p>
   </div>
   <div class='ocr_carea' id='block_1_50' title="bbox 245 1639 998 1674">
    <p class='ocr_par' dir='ltr' id='par_1_50' title="bbox 245 1639 998 1674">
     <span class='ocr_line' id='line_1_50' title="bbox 245 1639 998 1674; baseline 0 -8"><span class='ocrx_word' id='word_1_323' title='bbox 245 1639 511 1668; x_wconf 79' lang='lat' dir='ltr'><strong>Philanis.—Fieri</strong></span> <span class='ocrx_word' id='word_1_324' title='bbox 536 1647 591 1667; x_wconf 90' lang='lat' dir='ltr'><strong>non</strong></span> <span class='ocrx_word' id='word_1_325' title='bbox 621 1644 710 1674; x_wconf 85' lang='lat' dir='ltr'><strong>potest</strong></span> <span class='ocrx_word' id='word_1_326' title='bbox 737 1644 766 1666; x_wconf 92' lang='lat' dir='ltr'><strong>ut</strong></span> <span class='ocrx_word' id='word_1_327' title='bbox 795 1646 873 1666; x_wconf 87' lang='lat' dir='ltr'><strong>amor</strong></span> <span class='ocrx_word' id='word_1_328' title='bbox 904 1639 998 1666; x_wconf 89' lang='lat' dir='ltr'><strong>mundi</strong></span> 
     </span>
    </p>
   </div>
   <div class='ocr_carea' id='block_1_51' title="bbox 213 1680 995 1718">
    <p class='ocr_par' dir='ltr' id='par_1_51' title="bbox 213 1680 995 1718">
     <span class='ocr_line' id='line_1_51' title="bbox 213 1680 995 1718; baseline -0.001 -5"><span class='ocrx_word' id='word_1_329' title='bbox 213 1695 265 1714; x_wconf 90' lang='lat' dir='ltr'><strong>una</strong></span> <span class='ocrx_word' id='word_1_330' title='bbox 280 1687 395 1714; x_wconf 79' lang='lat' dir='ltr'><strong>exsistat</strong></span> <span class='ocrx_word' id='word_1_331' title='bbox 410 1693 472 1713; x_wconf 90' lang='lat' dir='ltr'><strong>cum</strong></span> <span class='ocrx_word' id='word_1_332' title='bbox 488 1692 582 1713; x_wconf 90' lang='lat' dir='ltr'><strong>amore</strong></span> <span class='ocrx_word' id='word_1_333' title='bbox 609 1680 674 1718; x_wconf 73' lang='lat' dir='ltr'><strong>Dei;</strong></span> <span class='ocrx_word' id='word_1_334' title='bbox 699 1685 784 1714; x_wconf 89' lang='lat' dir='ltr'><strong>veluti</strong></span> <span class='ocrx_word' id='word_1_335' title='bbox 802 1692 853 1713; x_wconf 82' lang='lat' dir='ltr'><strong>nec</strong></span> <span class='ocrx_word' id='word_1_336' title='bbox 878 1685 946 1718; x_wconf 83' lang='lat' dir='ltr'><strong>ﬁeri,</strong></span> <span class='ocrx_word' id='word_1_337' title='bbox 966 1689 995 1712; x_wconf 85' lang='lat' dir='ltr'><strong>ut</strong></span> 
     </span>
    </p>
   </div>
   <div class='ocr_carea' id='block_1_52' title="bbox 211 1730 714 1760">
    <p class='ocr_par' dir='ltr' id='par_1_52' title="bbox 211 1730 714 1760">
     <span class='ocr_line' id='line_1_52' title="bbox 211 1730 714 1760; baseline -0.004 -1"><span class='ocrx_word' id='word_1_338' title='bbox 211 1733 256 1759; x_wconf 77' lang='lat' dir='ltr'><strong>lux</strong></span> <span class='ocrx_word' id='word_1_339' title='bbox 271 1739 332 1759; x_wconf 92' lang='lat' dir='ltr'><strong>cum</strong></span> <span class='ocrx_word' id='word_1_340' title='bbox 345 1731 466 1760; x_wconf 83' lang='lat' dir='ltr'><strong>tenebris</strong></span> <span class='ocrx_word' id='word_1_341' title='bbox 482 1730 563 1759; x_wconf 87' lang='lat' dir='ltr'><strong>simul</strong></span> <span class='ocrx_word' id='word_1_342' title='bbox 579 1735 714 1758; x_wconf 85' lang='lat' dir='ltr'><strong>versetur.</strong></span> 
     </span>
    </p>
   </div>
   <div class='ocr_carea' id='block_1_53' title="bbox 488 1797 684 1825">
    <p class='ocr_par' dir='ltr' id='par_1_53' title="bbox 488 1797 684 1825">
     <span class='ocr_line' id='line_1_53' title="bbox 488 1797 684 1825; baseline 0.005 -1"><span class='ocrx_word' id='word_1_343' title='bbox 488 1797 640 1825; x_wconf 79' lang='lat' dir='ltr'><strong>LITTERA</strong></span> <span class='ocrx_word' id='word_1_344' title='bbox 651 1797 684 1825; x_wconf 82' lang='grc' dir='ltr'><strong>Β.</strong></span> 
     </span>
    </p>
   </div>
   <div class='ocr_carea' id='block_1_54' title="bbox 347 1854 864 1890">
    <p class='ocr_par' dir='ltr' id='par_1_54' title="bbox 347 1854 864 1890">
     <span class='ocr_line' id='line_1_54' title="bbox 347 1854 864 1890; baseline -0.004 -7"><span class='ocrx_word' id='word_1_345' title='bbox 347 1855 498 1883; x_wconf 85' lang='lat' dir='ltr'><strong>TITULUS</strong></span> <span class='ocrx_word' id='word_1_346' title='bbox 519 1854 576 1882; x_wconf 87' lang='grc'><strong>1.-</strong></span> <span class='ocrx_word' id='word_1_347' title='bbox 594 1854 630 1882; x_wconf 82' lang='lat' dir='ltr'><strong>De</strong></span> <span class='ocrx_word' id='word_1_348' title='bbox 641 1862 718 1890; x_wconf 81' lang='lat' dir='ltr'><strong>regno</strong></span> <span class='ocrx_word' id='word_1_349' title='bbox 730 1854 864 1882; x_wconf 72' lang='lat' dir='ltr'><strong>cwlarum.</strong></span> 
     </span>
    </p>
   </div>
   <div class='ocr_carea' id='block_1_55' title="bbox 249 1910 999 1946">
    <p class='ocr_par' dir='ltr' id='par_1_55' title="bbox 249 1910 999 1946">
     <span class='ocr_line' id='line_1_55' title="bbox 249 1910 999 1946; baseline -0.001 -7"><span class='ocrx_word' id='word_1_350' title='bbox 249 1912 346 1939; x_wconf 76' lang='lat' dir='ltr'><strong>ﬂuuit.</strong></span> <span class='ocrx_word' id='word_1_351' title='bbox 364 1919 400 1943; x_wconf 80' lang='lat' dir='ltr'><strong>vr,</strong></span> <span class='ocrx_word' id='word_1_352' title='bbox 412 1911 457 1939; x_wconf 77' lang='lat'><strong>35.</strong></span> <span class='ocrx_word' id='word_1_353' title='bbox 471 1919 520 1937; x_wconf 73' lang='grc' dir='ltr'>-ι</span> <span class='ocrx_word' id='word_1_354' title='bbox 538 1910 658 1944; x_wconf 63' lang='lat' dir='ltr'><strong>Quaerite</strong></span> <span class='ocrx_word' id='word_1_355' title='bbox 671 1917 736 1946; x_wconf 89' lang='lat' dir='ltr'><strong>ergo</strong></span> <span class='ocrx_word' id='word_1_356' title='bbox 750 1910 866 1945; x_wconf 90' lang='lat' dir='ltr'><strong>primum</strong></span> <span class='ocrx_word' id='word_1_357' title='bbox 885 1917 999 1946; x_wconf 73' lang='lat' dir='ltr'><strong>regnum</strong></span> 
     </span>
    </p>
   </div>
   <div class='ocr_carea' id='block_1_56' title="bbox 214 1955 1000 1992">
    <p class='ocr_par' dir='ltr' id='par_1_56' title="bbox 214 1955 1000 1992">
     <span class='ocr_line' id='line_1_56' title="bbox 214 1955 1000 1992; baseline -0.003 -7"><span class='ocrx_word' id='word_1_358' title='bbox 214 1959 258 1986; x_wconf 83' lang='lat' dir='ltr'><strong>Dei</strong></span> <span class='ocrx_word' id='word_1_359' title='bbox 273 1957 441 1992; x_wconf 82' lang='lat' dir='ltr'><strong>etjustitiam</strong></span> <span class='ocrx_word' id='word_1_360' title='bbox 457 1957 528 1991; x_wconf 87' lang='lat' dir='ltr'><strong>ejus,</strong></span> <span class='ocrx_word' id='word_1_361' title='bbox 545 1960 572 1984; x_wconf 90' lang='lat' dir='ltr'><strong>et</strong></span> <span class='ocrx_word' id='word_1_362' title='bbox 588 1957 646 1984; x_wconf 69' lang='lat' dir='ltr'><strong>haec</strong></span> <span class='ocrx_word' id='word_1_363' title='bbox 662 1956 755 1984; x_wconf 86' lang='lat' dir='ltr'><strong>om’nia</strong></span> <span class='ocrx_word' id='word_1_364' title='bbox 778 1955 941 1991; x_wconf 85' lang='lat' dir='ltr'><strong>adjicientur</strong></span> <span class='ocrx_word' id='word_1_365' title='bbox 955 1963 1000 1983; x_wconf 83' lang='lat' dir='ltr'><strong>vo-</strong></span> 
     </span>
    </p>
   </div>
   <div class='ocr_carea' id='block_1_57' title="bbox 213 2006 295 2033">
    <p class='ocr_par' dir='ltr' id='par_1_57' title="bbox 213 2006 295 2033">
     <span class='ocr_line' id='line_1_57' title="bbox 213 2006 295 2033; baseline -0.037 0"><span class='ocrx_word' id='word_1_366' title='bbox 213 2006 266 2033; x_wconf 83' lang='lat' dir='ltr'><strong>bis.</strong></span> <span class='ocrx_word' id='word_1_367' title='bbox 286 2014 295 2030; x_wconf 78' lang='grc' dir='ltr'><strong>ι</strong></span> 
     </span>
    </p>
   </div>
   <div class='ocr_carea' id='block_1_58' title="bbox 249 2037 1000 2083">
    <p class='ocr_par' dir='ltr' id='par_1_58' title="bbox 249 2037 1000 2083">
     <span class='ocr_line' id='line_1_58' title="bbox 249 2037 1000 2083; baseline -0.004 -5"><span class='ocrx_word' id='word_1_368' title='bbox 249 2050 346 2078; x_wconf 77' lang='lat' dir='ltr'><strong>Matth.</strong></span> <span class='ocrx_word' id='word_1_369' title='bbox 379 2057 417 2077; x_wconf 72' lang='grc' dir='ltr'>ιι.</span> <span class='ocrx_word' id='word_1_370' title='bbox 435 2049 479 2076; x_wconf 74' lang='lat' dir='ltr'><strong>te.</strong></span> <span class='ocrx_word' id='word_1_371' title='bbox 495 2063 529 2068; x_wconf 88' lang='lat'><strong><em>—</em></strong></span> <span class='ocrx_word' id='word_1_372' title='bbox 545 2048 586 2075; x_wconf 73' lang='grc' dir='ltr'><strong>«Α</strong></span> <span class='ocrx_word' id='word_1_373' title='bbox 609 2048 706 2076; x_wconf 87' lang='lat' dir='ltr'><strong>diebus</strong></span> <span class='ocrx_word' id='word_1_374' title='bbox 726 2037 840 2076; x_wconf 65' lang='lat' dir='ltr'><strong>tomis</strong></span> <span class='ocrx_word' id='word_1_375' title='bbox 868 2047 1000 2083; x_wconf 68' lang='lat' dir='ltr'><strong>Baptista:</strong></span> 
     </span>
    </p>
   </div>
   <div class='ocr_carea' id='block_1_59' title="bbox 214 2092 1000 2131">
    <p class='ocr_par' dir='ltr' id='par_1_59' title="bbox 214 2092 1000 2131">
     <span class='ocr_line' id='line_1_59' title="bbox 214 2092 1000 2131; baseline -0.006 -6"><span class='ocrx_word' id='word_1_376' title='bbox 214 2104 326 2131; x_wconf 79' lang='lat' dir='ltr'><strong>regnum</strong></span> <span class='ocrx_word' id='word_1_377' title='bbox 341 2096 472 2124; x_wconf 61' lang='lat' dir='ltr'><strong>calorum</strong></span> <span class='ocrx_word' id='word_1_378' title='bbox 498 2095 554 2122; x_wconf 90' lang='lat' dir='ltr'><strong>vim</strong></span> <span class='ocrx_word' id='word_1_379' title='bbox 574 2094 692 2129; x_wconf 85' lang='lat' dir='ltr'><strong>patitur.</strong></span> <span class='ocrx_word' id='word_1_380' title='bbox 708 2098 734 2121; x_wconf 87' lang='lat' dir='ltr'><strong>et.</strong></span> <span class='ocrx_word' id='word_1_381' title='bbox 754 2092 868 2121; x_wconf 86' lang='lat' dir='ltr'><strong>violenti</strong></span> <span class='ocrx_word' id='word_1_382' title='bbox 889 2094 1000 2128; x_wconf 85' lang='lat' dir='ltr'><strong>rapiunt</strong></span> 
     </span>
    </p>
   </div>
   <div class='ocr_carea' id='block_1_60' title="bbox 212 2142 323 2169">
    <p class='ocr_par' dir='ltr' id='par_1_60' title="bbox 212 2142 323 2169">
     <span class='ocr_line' id='line_1_60' title="bbox 212 2142 323 2169; baseline -0.027 0"><span class='ocrx_word' id='word_1_383' title='bbox 212 2142 293 2169; x_wconf 84' lang='lat' dir='ltr'><strong>illud.</strong></span> <span class='ocrx_word' id='word_1_384' title='bbox 313 2150 323 2166; x_wconf 76' lang='grc' dir='ltr'><strong>ι</strong></span> 
     </span>
    </p>
   </div>
   <div class='ocr_carea' id='block_1_61' title="bbox 1082 959 1830 998">
    <p class='ocr_par' dir='ltr' id='par_1_61' title="bbox 1082 959 1830 998">
     <span class='ocr_line' id='line_1_61' title="bbox 1082 959 1830 998; baseline 0.007 -13"><span class='ocrx_word' id='word_1_385' title='bbox 1082 959 1225 994; x_wconf 78' lang='grc' dir='ltr'><strong>Γενηθήτω</strong></span> <span class='ocrx_word' id='word_1_386' title='bbox 1240 959 1269 987; x_wconf 80' lang='grc' dir='ltr'>ὲν</span> <span class='ocrx_word' id='word_1_387' title='bbox 1292 960 1355 995; x_wconf 71' lang='grc' dir='ltr'>ἐμοὶ</span> <span class='ocrx_word' id='word_1_388' title='bbox 1368 961 1399 988; x_wconf 78' lang='grc' dir='ltr'>τὸ</span> <span class='ocrx_word' id='word_1_389' title='bbox 1414 961 1518 997; x_wconf 82' lang='grc' dir='ltr'>θέλημά</span> <span class='ocrx_word' id='word_1_390' title='bbox 1536 970 1594 995; x_wconf 81' lang='grc' dir='ltr'>σου,</span> <span class='ocrx_word' id='word_1_391' title='bbox 1608 962 1652 990; x_wconf 82' lang='grc' dir='ltr'><strong>ῑνα</strong></span> <span class='ocrx_word' id='word_1_392' title='bbox 1666 962 1766 998; x_wconf 74' lang='grc' dir='ltr'>σῦεσθῇ</span> <span class='ocrx_word' id='word_1_393' title='bbox 1783 963 1830 990; x_wconf 79' lang='grc' dir='ltr'>τοῦ</span> 
     </span>
    </p>
   </div>
   <div class='ocr_carea' id='block_1_62' title="bbox 1046 1003 1830 1043">
    <p class='ocr_par' dir='ltr' id='par_1_62' title="bbox 1046 1003 1830 1043">
     <span class='ocr_line' id='line_1_62' title="bbox 1046 1003 1830 1043; baseline 0.009 -14"><span class='ocrx_word' id='word_1_394' title='bbox 1046 1003 1171 1031; x_wconf 76' lang='grc' dir='ltr'>διαϐόλου</span> <span class='ocrx_word' id='word_1_395' title='bbox 1178 1004 1208 1031; x_wconf 82' lang='grc' dir='ltr'>τὸ</span> <span class='ocrx_word' id='word_1_396' title='bbox 1218 1004 1280 1040; x_wconf 81' lang='grc' dir='ltr'>θέλη</span> <span class='ocrx_word' id='word_1_397' title='bbox 1285 1005 1422 1040; x_wconf 82' lang='grc' dir='ltr'>μα.”Ωσπε</span> <span class='ocrx_word' id='word_1_398' title='bbox 1426 1015 1441 1041; x_wconf 91' lang='grc' dir='ltr'><strong>ρ</strong></span> <span class='ocrx_word' id='word_1_399' title='bbox 1453 1008 1507 1043; x_wconf 82' lang='grc' dir='ltr'><strong>γάρ</strong></span> <span class='ocrx_word' id='word_1_400' title='bbox 1517 1008 1546 1034; x_wconf 72' lang='grc' dir='ltr'>ὲν</span> <span class='ocrx_word' id='word_1_401' title='bbox 1560 1008 1616 1040; x_wconf 89' lang='grc' dir='ltr'>τοῖς</span> <span class='ocrx_word' id='word_1_402' title='bbox 1633 1008 1764 1043; x_wconf 78' lang='grc' dir='ltr'>ζοφώδεσι</span> <span class='ocrx_word' id='word_1_403' title='bbox 1776 1009 1830 1036; x_wconf 85' lang='grc' dir='ltr'><strong>τῶν</strong></span> 
     </span>
    </p>
   </div>
   <div class='ocr_carea' id='block_1_63' title="bbox 1048 1049 1831 1090">
    <p class='ocr_par' dir='ltr' id='par_1_63' title="bbox 1048 1049 1831 1090">
     <span class='ocr_line' id='line_1_63' title="bbox 1048 1049 1831 1090; baseline 0.008 -14"><span class='ocrx_word' id='word_1_404' title='bbox 1048 1049 1197 1085; x_wconf 85' lang='grc' dir='ltr'>σπηλαίων,</span> <span class='ocrx_word' id='word_1_405' title='bbox 1211 1052 1299 1085; x_wconf 78' lang='grc' dir='ltr'>φωτὸς</span> <span class='ocrx_word' id='word_1_406' title='bbox 1315 1052 1543 1088; x_wconf 78' lang='grc' dir='ltr'>εἰσκομισθέντος,</span> <span class='ocrx_word' id='word_1_407' title='bbox 1560 1054 1575 1080; x_wconf 79' lang='grc' dir='ltr'>ὁ</span> <span class='ocrx_word' id='word_1_408' title='bbox 1604 1053 1685 1089; x_wconf 77' lang='grc' dir='ltr'>ζόφος</span> <span class='ocrx_word' id='word_1_409' title='bbox 1703 1054 1831 1090; x_wconf 76' lang='grc' dir='ltr'>ἐξαφανί-</span> 
     </span>
    </p>
   </div>
   <div class='ocr_carea' id='block_1_64' title="bbox 1048 1095 1829 1136">
    <p class='ocr_par' dir='ltr' id='par_1_64' title="bbox 1048 1095 1829 1136">
     <span class='ocr_line' id='line_1_64' title="bbox 1048 1095 1829 1136; baseline 0.008 -14"><span class='ocrx_word' id='word_1_410' title='bbox 1048 1095 1134 1128; x_wconf 81' lang='grc' dir='ltr'>ζεται,</span> <span class='ocrx_word' id='word_1_411' title='bbox 1146 1095 1232 1128; x_wconf 77' lang='grc' dir='ltr'>οὕτως</span> <span class='ocrx_word' id='word_1_412' title='bbox 1244 1096 1291 1123; x_wconf 83' lang='grc' dir='ltr'>τοῦ</span> <span class='ocrx_word' id='word_1_413' title='bbox 1308 1097 1356 1125; x_wconf 79' lang='grc' dir='ltr'>σοῦ</span> <span class='ocrx_word' id='word_1_414' title='bbox 1385 1098 1536 1134; x_wconf 79' lang='grc' dir='ltr'>θελήματος</span> <span class='ocrx_word' id='word_1_415' title='bbox 1555 1100 1584 1127; x_wconf 79' lang='grc' dir='ltr'>ὲν</span> <span class='ocrx_word' id='word_1_416' title='bbox 1601 1100 1662 1135; x_wconf 66' lang='grc' dir='ltr'>ἐμοὶ</span> <span class='ocrx_word' id='word_1_417' title='bbox 1673 1100 1829 1136; x_wconf 76' lang='grc' dir='ltr'>γενομένου,</span> 
     </span>
    </p>
   </div>
   <div class='ocr_carea' id='block_1_65' title="bbox 1048 1141 1830 1183">
    <p class='ocr_par' dir='ltr' id='par_1_65' title="bbox 1048 1141 1830 1183">
     <span class='ocr_line' id='line_1_65' title="bbox 1048 1141 1830 1183; baseline 0.009 -16"><span class='ocrx_word' id='word_1_418' title='bbox 1048 1141 1122 1168; x_wconf 78' lang='grc' dir='ltr'>πᾶσα</span> <span class='ocrx_word' id='word_1_419' title='bbox 1139 1142 1246 1177; x_wconf 83' lang='grc' dir='ltr'>πονηρὰ</span> <span class='ocrx_word' id='word_1_420' title='bbox 1273 1142 1320 1169; x_wconf 72' lang='grc' dir='ltr'><strong>καὶ</strong></span> <span class='ocrx_word' id='word_1_421' title='bbox 1335 1143 1435 1175; x_wconf 81' lang='grc' dir='ltr'>ἄτοπος</span> <span class='ocrx_word' id='word_1_422' title='bbox 1449 1144 1498 1180; x_wconf 83' lang='grc' dir='ltr'>τῆς</span> <span class='ocrx_word' id='word_1_423' title='bbox 1521 1145 1707 1181; x_wconf 81' lang='grc' dir='ltr'>προαιρέσεως</span> <span class='ocrx_word' id='word_1_424' title='bbox 1724 1146 1830 1183; x_wconf 79' lang='grc' dir='ltr'>κίνησις</span> 
     </span>
    </p>
   </div>
   <div class='ocr_carea' id='block_1_66' title="bbox 1048 1185 1427 1222">
    <p class='ocr_par' dir='ltr' id='par_1_66' title="bbox 1048 1185 1427 1222">
     <span class='ocr_line' id='line_1_66' title="bbox 1048 1185 1427 1222; baseline 0.011 -11"><span class='ocrx_word' id='word_1_425' title='bbox 1048 1186 1088 1217; x_wconf 75' lang='grc' dir='ltr'>εἰς</span> <span class='ocrx_word' id='word_1_426' title='bbox 1100 1185 1130 1212; x_wconf 83' lang='grc' dir='ltr'><strong>τὸ</strong></span> <span class='ocrx_word' id='word_1_427' title='bbox 1146 1186 1184 1222; x_wconf 79' lang='grc' dir='ltr'>μὴ</span> <span class='ocrx_word' id='word_1_428' title='bbox 1199 1185 1228 1213; x_wconf 78' lang='grc' dir='ltr'>ὃν</span> <span class='ocrx_word' id='word_1_429' title='bbox 1243 1187 1427 1222; x_wconf 86' lang='grc' dir='ltr'>περιίσταται.</span> 
     </span>
    </p>
   </div>
   <div class='ocr_carea' id='block_1_67' title="bbox 1088 1231 1830 1272">
    <p class='ocr_par' dir='ltr' id='par_1_67' title="bbox 1088 1231 1830 1272">
     <span class='ocr_line' id='line_1_67' title="bbox 1088 1231 1830 1272; baseline 0.005 -13"><span class='ocrx_word' id='word_1_430' title='bbox 1088 1231 1184 1267; x_wconf 76' lang='grc' dir='ltr'>Ἡδονὴ</span> <span class='ocrx_word' id='word_1_431' title='bbox 1202 1232 1234 1260; x_wconf 85' lang='grc' dir='ltr'>οὐ</span> <span class='ocrx_word' id='word_1_432' title='bbox 1247 1233 1428 1269; x_wconf 79' lang='grc' dir='ltr'>παραδέχεται</span> <span class='ocrx_word' id='word_1_433' title='bbox 1455 1234 1546 1267; x_wconf 87' lang='grc' dir='ltr'>πόνον,</span> <span class='ocrx_word' id='word_1_434' title='bbox 1566 1235 1626 1262; x_wconf 81' lang='grc' dir='ltr'>οὐδὲ</span> <span class='ocrx_word' id='word_1_435' title='bbox 1647 1236 1720 1272; x_wconf 84' lang='grc' dir='ltr'>λύπη</span> <span class='ocrx_word' id='word_1_436' title='bbox 1733 1236 1830 1272; x_wconf 82' lang='grc' dir='ltr'>χαρὰν,</span> 
     </span>
    </p>
   </div>
   <div class='ocr_carea' id='block_1_68' title="bbox 1048 1275 1830 1314">
    <p class='ocr_par' dir='ltr' id='par_1_68' title="bbox 1048 1275 1830 1314">
     <span class='ocr_line' id='line_1_68' title="bbox 1048 1275 1830 1314; baseline 0.004 -11"><span class='ocrx_word' id='word_1_437' title='bbox 1048 1275 1108 1304; x_wconf 71' lang='grc' dir='ltr'>ούδδ</span> <span class='ocrx_word' id='word_1_438' title='bbox 1135 1278 1270 1312; x_wconf 81' lang='grc' dir='ltr'>κατήφεια</span> <span class='ocrx_word' id='word_1_439' title='bbox 1292 1277 1473 1314; x_wconf 81' lang='grc' dir='ltr'>εὐφροσύνην,</span> <span class='ocrx_word' id='word_1_440' title='bbox 1503 1279 1564 1306; x_wconf 75' lang='grc' dir='ltr'>οὐδὲ</span> <span class='ocrx_word' id='word_1_441' title='bbox 1590 1278 1623 1307; x_wconf 85' lang='grc' dir='ltr'>αὖ</span> <span class='ocrx_word' id='word_1_442' title='bbox 1645 1281 1726 1307; x_wconf 83' lang='grc' dir='ltr'>πάλιν</span> <span class='ocrx_word' id='word_1_443' title='bbox 1750 1281 1830 1312; x_wconf 86' lang='grc' dir='ltr'>πόνος</span> 
     </span>
    </p>
   </div>
   <div class='ocr_carea' id='block_1_69' title="bbox 1048 1320 1830 1361">
    <p class='ocr_par' dir='ltr' id='par_1_69' title="bbox 1048 1320 1830 1361">
     <span class='ocr_line' id='line_1_69' title="bbox 1048 1320 1830 1361; baseline 0.006 -14"><span class='ocrx_word' id='word_1_444' title='bbox 1048 1320 1218 1349; x_wconf 82' lang='grc' dir='ltr'>δυναστεύων</span> <span class='ocrx_word' id='word_1_445' title='bbox 1232 1322 1328 1358; x_wconf 75' lang='grc' dir='ltr'>ἡδονὴν</span> <span class='ocrx_word' id='word_1_446' title='bbox 1354 1323 1506 1358; x_wconf 85' lang='grc' dir='ltr'>προσίεται,</span> <span class='ocrx_word' id='word_1_447' title='bbox 1523 1324 1584 1352; x_wconf 72' lang='grc' dir='ltr'>οὐδὲ</span> <span class='ocrx_word' id='word_1_448' title='bbox 1608 1325 1747 1361; x_wconf 83' lang='grc' dir='ltr'>κρατοῦσα</span> <span class='ocrx_word' id='word_1_449' title='bbox 1758 1325 1830 1360; x_wconf 89' lang='grc' dir='ltr'>λύπη</span> 
     </span>
    </p>
   </div>
   <div class='ocr_carea' id='block_1_70' title="bbox 1048 1365 1829 1405">
    <p class='ocr_par' dir='ltr' id='par_1_70' title="bbox 1048 1365 1829 1405">
     <span class='ocr_line' id='line_1_70' title="bbox 1048 1365 1829 1405; baseline 0.008 -14"><span class='ocrx_word' id='word_1_450' title='bbox 1048 1365 1104 1401; x_wconf 71' lang='grc' dir='ltr'>ἔχει</span> <span class='ocrx_word' id='word_1_451' title='bbox 1114 1367 1201 1402; x_wconf 84' lang='grc' dir='ltr'>χαράν</span> <span class='ocrx_word' id='word_1_452' title='bbox 1211 1366 1446 1404; x_wconf 79' lang='grc' dir='ltr'>παρεζευγμένην,</span> <span class='ocrx_word' id='word_1_453' title='bbox 1463 1369 1522 1396; x_wconf 74' lang='grc' dir='ltr'>οὐδὲ</span> <span class='ocrx_word' id='word_1_454' title='bbox 1538 1369 1674 1405; x_wconf 79' lang='grc' dir='ltr'>κατηφείᾳ</span> <span class='ocrx_word' id='word_1_455' title='bbox 1695 1370 1829 1405; x_wconf 77' lang='grc' dir='ltr'>ἐγκέκρα-</span> 
     </span>
    </p>
   </div>
   <div class='ocr_carea' id='block_1_71' title="bbox 1047 1412 1830 1450">
    <p class='ocr_par' dir='ltr' id='par_1_71' title="bbox 1047 1412 1830 1450">
     <span class='ocr_line' id='line_1_71' title="bbox 1047 1412 1830 1450; baseline 0.004 -12"><span class='ocrx_word' id='word_1_456' title='bbox 1047 1420 1093 1439; x_wconf 88' lang='grc' dir='ltr'><strong>ται</strong></span> <span class='ocrx_word' id='word_1_457' title='bbox 1103 1412 1268 1448; x_wconf 80' lang='grc' dir='ltr'>εὺφροσύνη.</span> <span class='ocrx_word' id='word_1_458' title='bbox 1280 1413 1483 1446; x_wconf 86' lang='grc' dir='ltr'>’Δνεπιπλόκως</span> <span class='ocrx_word' id='word_1_459' title='bbox 1511 1414 1565 1450; x_wconf 84' lang='grc' dir='ltr'><strong>γὰρ</strong></span> <span class='ocrx_word' id='word_1_460' title='bbox 1579 1415 1635 1450; x_wconf 72' lang='grc' dir='ltr'>ἔχει</span> <span class='ocrx_word' id='word_1_461' title='bbox 1651 1415 1718 1450; x_wconf 78' lang='grc' dir='ltr'>πρὸς</span> <span class='ocrx_word' id='word_1_462' title='bbox 1729 1415 1830 1450; x_wconf 79' lang='grc' dir='ltr'>ᾆλληλα</span> 
     </span>
    </p>
   </div>
   <div class='ocr_carea' id='block_1_72' title="bbox 1048 1457 1825 1494">
    <p class='ocr_par' dir='ltr' id='par_1_72' title="bbox 1048 1457 1825 1494">
     <span class='ocr_line' id='line_1_72' title="bbox 1048 1457 1825 1494; baseline 0.005 -10"><span class='ocrx_word' id='word_1_463' title='bbox 1048 1458 1082 1489; x_wconf 76' lang='grc' dir='ltr'><strong>τὰ</strong></span> <span class='ocrx_word' id='word_1_464' title='bbox 1096 1457 1211 1485; x_wconf 69' lang='grc' dir='ltr'>ἐναντία.</span> <span class='ocrx_word' id='word_1_465' title='bbox 1220 1458 1304 1494; x_wconf 84' lang='grc' dir='ltr'>πάθη,</span> <span class='ocrx_word' id='word_1_466' title='bbox 1320 1459 1367 1485; x_wconf 80' lang='grc' dir='ltr'>καὶ</span> <span class='ocrx_word' id='word_1_467' title='bbox 1379 1459 1429 1486; x_wconf 86' lang='grc' dir='ltr'>οὐκ</span> <span class='ocrx_word' id='word_1_468' title='bbox 1443 1460 1476 1487; x_wconf 84' lang='grc' dir='ltr'><strong>ἃν</strong></span> <span class='ocrx_word' id='word_1_469' title='bbox 1497 1461 1536 1492; x_wconf 83' lang='grc' dir='ltr'><strong>είς</strong></span> <span class='ocrx_word' id='word_1_470' title='bbox 1550 1460 1648 1488; x_wconf 76' lang='grc' dir='ltr'>ταυτὸν</span> <span class='ocrx_word' id='word_1_471' title='bbox 1662 1460 1734 1487; x_wconf 75' lang='grc' dir='ltr'>ἔλθοι</span> <span class='ocrx_word' id='word_1_472' title='bbox 1751 1461 1825 1488; x_wconf 82' lang='grc' dir='ltr'>ποτέ·</span> 
     </span>
    </p>
   </div>
   <div class='ocr_carea' id='block_1_73' title="bbox 1048 1503 1832 1541">
    <p class='ocr_par' dir='ltr' id='par_1_73' title="bbox 1048 1503 1832 1541">
     <span class='ocr_line' id='line_1_73' title="bbox 1048 1503 1832 1541; baseline 0 -9"><span class='ocrx_word' id='word_1_473' title='bbox 1048 1504 1108 1532; x_wconf 70' lang='grc' dir='ltr'>οὐδὲ</span> <span class='ocrx_word' id='word_1_474' title='bbox 1137 1503 1284 1540; x_wconf 83' lang='grc' dir='ltr'>ὁμηρεύσει</span> <span class='ocrx_word' id='word_1_475' title='bbox 1301 1504 1367 1531; x_wconf 76' lang='grc' dir='ltr'>ποτε</span> <span class='ocrx_word' id='word_1_476' title='bbox 1393 1505 1462 1540; x_wconf 79' lang='grc' dir='ltr'>πρὸς</span> <span class='ocrx_word' id='word_1_477' title='bbox 1490 1505 1598 1541; x_wconf 86' lang='grc' dir='ltr'>φιλικὴν</span> <span class='ocrx_word' id='word_1_478' title='bbox 1614 1506 1772 1538; x_wconf 84' lang='grc' dir='ltr'>κοινωνίαν,</span> <span class='ocrx_word' id='word_1_479' title='bbox 1787 1506 1832 1532; x_wconf 85' lang='grc' dir='ltr'><strong>διά</strong></span> 
     </span>
    </p>
   </div>
   <div class='ocr_carea' id='block_1_74' title="bbox 1050 1549 1829 1588">
    <p class='ocr_par' dir='ltr' id='par_1_74' title="bbox 1050 1549 1829 1588">
     <span class='ocr_line' id='line_1_74' title="bbox 1050 1549 1829 1588; baseline 0.001 -10"><span class='ocrx_word' id='word_1_480' title='bbox 1050 1550 1099 1586; x_wconf 81' lang='grc' dir='ltr'>τὴν</span> <span class='ocrx_word' id='word_1_481' title='bbox 1115 1551 1147 1577; x_wconf 79' lang='grc' dir='ltr'>ὲκ</span> <span class='ocrx_word' id='word_1_482' title='bbox 1161 1550 1269 1585; x_wconf 77' lang='grc' dir='ltr'>φύσεως</span> <span class='ocrx_word' id='word_1_483' title='bbox 1298 1549 1430 1578; x_wconf 75' lang='grc' dir='ltr'>ἄσπονδον</span> <span class='ocrx_word' id='word_1_484' title='bbox 1458 1550 1558 1587; x_wconf 78' lang='grc' dir='ltr'>ἔχθραν</span> <span class='ocrx_word' id='word_1_485' title='bbox 1574 1552 1621 1579; x_wconf 74' lang='grc' dir='ltr'>καὶ</span> <span class='ocrx_word' id='word_1_486' title='bbox 1644 1552 1829 1588; x_wconf 83' lang='grc' dir='ltr'>ἀλλοτρίωσιν.</span> 
     </span>
    </p>
   </div>
   <div class='ocr_carea' id='block_1_75' title="bbox 1092 1639 1831 1676">
    <p class='ocr_par' dir='ltr' id='par_1_75' title="bbox 1092 1639 1831 1676">
     <span class='ocr_line' id='line_1_75' title="bbox 1092 1639 1831 1676; baseline -0.001 -9"><span class='ocrx_word' id='word_1_487' title='bbox 1092 1640 1244 1676; x_wconf 75' lang='grc' dir='ltr'>’Δμήχανον</span> <span class='ocrx_word' id='word_1_488' title='bbox 1276 1639 1457 1675; x_wconf 82' lang='grc' dir='ltr'>συνυπάρχειν</span> <span class='ocrx_word' id='word_1_489' title='bbox 1480 1639 1530 1676; x_wconf 83' lang='grc' dir='ltr'>τὴν</span> <span class='ocrx_word' id='word_1_490' title='bbox 1561 1639 1629 1676; x_wconf 81' lang='grc' dir='ltr'>πρὸς</span> <span class='ocrx_word' id='word_1_491' title='bbox 1657 1640 1703 1667; x_wconf 78' lang='grc' dir='ltr'>τὸν</span> <span class='ocrx_word' id='word_1_492' title='bbox 1731 1640 1831 1675; x_wconf 84' lang='grc' dir='ltr'>κόσμον</span> 
     </span>
    </p>
   </div>
   <div class='ocr_carea' id='block_1_76' title="bbox 1050 1684 1832 1721">
    <p class='ocr_par' dir='ltr' id='par_1_76' title="bbox 1050 1684 1832 1721">
     <span class='ocr_line' id='line_1_76' title="bbox 1050 1684 1832 1721; baseline 0.001 -9"><span class='ocrx_word' id='word_1_493' title='bbox 1050 1685 1161 1720; x_wconf 80' lang='grc' dir='ltr'>ἀγάπην</span> <span class='ocrx_word' id='word_1_494' title='bbox 1171 1685 1204 1720; x_wconf 80' lang='grc' dir='ltr'><strong>τῇ</strong></span> <span class='ocrx_word' id='word_1_495' title='bbox 1220 1684 1289 1719; x_wconf 80' lang='grc' dir='ltr'>πρὸς</span> <span class='ocrx_word' id='word_1_496' title='bbox 1304 1684 1350 1711; x_wconf 75' lang='grc' dir='ltr'>τὸν</span> <span class='ocrx_word' id='word_1_497' title='bbox 1362 1684 1428 1710; x_wconf 82' lang='grc' dir='ltr'>Θεὸν</span> <span class='ocrx_word' id='word_1_498' title='bbox 1440 1684 1545 1719; x_wconf 75' lang='grc' dir='ltr'>ἀγάπῃ,</span> <span class='ocrx_word' id='word_1_499' title='bbox 1566 1685 1604 1716; x_wconf 85' lang='grc' dir='ltr'>ὼς</span> <span class='ocrx_word' id='word_1_500' title='bbox 1615 1685 1754 1721; x_wconf 88' lang='grc' dir='ltr'>ἀμήχανον</span> <span class='ocrx_word' id='word_1_501' title='bbox 1769 1694 1832 1713; x_wconf 86' lang='grc' dir='ltr'>συν-</span> 
     </span>
    </p>
   </div>
   <div class='ocr_carea' id='block_1_77' title="bbox 1051 1729 1609 1766">
    <p class='ocr_par' dir='ltr' id='par_1_77' title="bbox 1051 1729 1609 1766">
     <span class='ocr_line' id='line_1_77' title="bbox 1051 1729 1609 1766; baseline 0.002 -8"><span class='ocrx_word' id='word_1_502' title='bbox 1051 1731 1182 1766; x_wconf 83' lang='grc' dir='ltr'>υπάρχειν</span> <span class='ocrx_word' id='word_1_503' title='bbox 1196 1730 1320 1766; x_wconf 78' lang='grc' dir='ltr'>ἀλλήλοις</span> <span class='ocrx_word' id='word_1_504' title='bbox 1337 1729 1393 1764; x_wconf 87' lang='grc' dir='ltr'><strong>φῶς</strong></span> <span class='ocrx_word' id='word_1_505' title='bbox 1408 1729 1456 1756; x_wconf 64' lang='grc' dir='ltr'><strong>κα)⁸</strong></span> <span class='ocrx_word' id='word_1_506' title='bbox 1470 1730 1564 1762; x_wconf 79' lang='grc' dir='ltr'>σκότος</span> <span class='ocrx_word' id='word_1_507' title='bbox 1576 1734 1590 1749; x_wconf 74' lang='grc' dir='ltr'><strong><em>ι</em></strong></span> <span class='ocrx_word' id='word_1_508' title='bbox 1601 1750 1609 1759; x_wconf 90' lang='grc'><strong>.</strong></span> 
     </span>
    </p>
   </div>
   <div class='ocr_carea' id='block_1_78' title="bbox 1314 1798 1563 1825">
    <p class='ocr_par' dir='ltr' id='par_1_78' title="bbox 1314 1798 1563 1825">
     <span class='ocr_line' id='line_1_78' title="bbox 1314 1798 1563 1825; baseline 0.004 -1"><span class='ocrx_word' id='word_1_509' title='bbox 1314 1798 1515 1825; x_wconf 79' lang='grc' dir='ltr'><strong>ΣΤΟΙΧΕΙΟΝ</strong></span> <span class='ocrx_word' id='word_1_510' title='bbox 1528 1799 1563 1825; x_wconf 83' lang='grc' dir='ltr'><strong>Β.</strong></span> 
     </span>
    </p>
   </div>
   <div class='ocr_carea' id='block_1_79' title="bbox 1108 1851 1760 1888">
    <p class='ocr_par' dir='ltr' id='par_1_79' title="bbox 1108 1851 1760 1888">
     <span class='ocr_line' id='line_1_79' title="bbox 1108 1851 1760 1888; baseline 0.003 -8"><span class='ocrx_word' id='word_1_511' title='bbox 1108 1853 1232 1881; x_wconf 82' lang='grc' dir='ltr'><strong>ΤῙΤΛΟΣ</strong></span> <span class='ocrx_word' id='word_1_512' title='bbox 1249 1851 1290 1880; x_wconf 82' lang='grc' dir='ltr'><strong>Δ¹.</strong></span> <span class='ocrx_word' id='word_1_513' title='bbox 1301 1868 1336 1874; x_wconf 90' lang='grc'><strong>-</strong></span> <span class='ocrx_word' id='word_1_514' title='bbox 1350 1852 1420 1887; x_wconf 74' lang='grc' dir='ltr'>Περὶ</span> <span class='ocrx_word' id='word_1_515' title='bbox 1438 1853 1600 1886; x_wconf 75' lang='grc' dir='ltr'>βασιλείας</span> <span class='ocrx_word' id='word_1_516' title='bbox 1612 1854 1760 1888; x_wconf 76' lang='grc' dir='ltr'>οὐρανῶν.</span> 
     </span>
    </p>
   </div>
   <div class='ocr_carea' id='block_1_80' title="bbox 1089 1910 1832 1946">
    <p class='ocr_par' dir='ltr' id='par_1_80' title="bbox 1089 1910 1832 1946">
     <span class='ocr_line' id='line_1_80' title="bbox 1089 1910 1832 1946; baseline 0.003 -9"><span class='ocrx_word' id='word_1_517' title='bbox 1089 1921 1098 1937; x_wconf 76' lang='grc' dir='ltr'><strong>ι</strong></span> <span class='ocrx_word' id='word_1_518' title='bbox 1116 1911 1225 1946; x_wconf 81' lang='grc' dir='ltr'>Ζητεττε</span> <span class='ocrx_word' id='word_1_519' title='bbox 1247 1911 1296 1946; x_wconf 85' lang='grc' dir='ltr'>τὴν</span> <span class='ocrx_word' id='word_1_520' title='bbox 1329 1910 1466 1946; x_wconf 79' lang='grc' dir='ltr'>βασιλείαν</span> <span class='ocrx_word' id='word_1_521' title='bbox 1491 1910 1538 1938; x_wconf 84' lang='grc' dir='ltr'>τοῦ</span> <span class='ocrx_word' id='word_1_522' title='bbox 1558 1911 1637 1944; x_wconf 80' lang='grc' dir='ltr'>Θεοῦ,</span> <span class='ocrx_word' id='word_1_523' title='bbox 1658 1912 1705 1938; x_wconf 77' lang='grc' dir='ltr'><strong>καὶ</strong></span> <span class='ocrx_word' id='word_1_524' title='bbox 1719 1913 1768 1946; x_wconf 82' lang='grc' dir='ltr'>τὴν</span> <span class='ocrx_word' id='word_1_525' title='bbox 1794 1913 1832 1939; x_wconf 87' lang='grc' dir='ltr'>δι-</span> 
     </span>
    </p>
   </div>
   <div class='ocr_carea' id='block_1_81' title="bbox 1051 1956 1831 1994">
    <p class='ocr_par' dir='ltr' id='par_1_81' title="bbox 1051 1956 1831 1994">
     <span class='ocr_line' id='line_1_81' title="bbox 1051 1956 1831 1994; baseline 0.003 -10"><span class='ocrx_word' id='word_1_526' title='bbox 1051 1957 1197 1993; x_wconf 86' lang='grc' dir='ltr'>καιοσύνην</span> <span class='ocrx_word' id='word_1_527' title='bbox 1222 1956 1316 1989; x_wconf 83' lang='grc' dir='ltr'>αὐτοῦ,</span> <span class='ocrx_word' id='word_1_528' title='bbox 1346 1956 1493 1985; x_wconf 76' lang='grc' dir='ltr'>καὶταῦτα</span> <span class='ocrx_word' id='word_1_529' title='bbox 1513 1957 1602 1985; x_wconf 85' lang='grc' dir='ltr'>πάντα</span> <span class='ocrx_word' id='word_1_530' title='bbox 1619 1959 1831 1994; x_wconf 85' lang='grc' dir='ltr'>προστεθήσεται</span> 
     </span>
    </p>
   </div>
   <div class='ocr_carea' id='block_1_82' title="bbox 1051 2003 1156 2038">
    <p class='ocr_par' dir='ltr' id='par_1_82' title="bbox 1051 2003 1156 2038">
     <span class='ocr_line' id='line_1_82' title="bbox 1051 2003 1156 2038; baseline 0.01 -9"><span class='ocrx_word' id='word_1_531' title='bbox 1051 2003 1125 2038; x_wconf 78' lang='grc' dir='ltr'>ὑμῖν.</span> <span class='ocrx_word' id='word_1_532' title='bbox 1147 2012 1156 2029; x_wconf 76' lang='grc' dir='ltr'><strong>ι</strong></span> 
     </span>
    </p>
   </div>
   <div class='ocr_carea' id='block_1_83' title="bbox 1089 2048 1831 2084">
    <p class='ocr_par' dir='ltr' id='par_1_83' title="bbox 1089 2048 1831 2084">
     <span class='ocr_line' id='line_1_83' title="bbox 1089 2048 1831 2084; baseline 0.001 -9"><span class='ocrx_word' id='word_1_533' title='bbox 1089 2057 1098 2075; x_wconf 79' lang='grc' dir='ltr'><strong>ι</strong></span> <span class='ocrx_word' id='word_1_534' title='bbox 1118 2048 1185 2075; x_wconf 81' lang='grc' dir='ltr'>’Δπδ</span> <span class='ocrx_word' id='word_1_535' title='bbox 1205 2048 1260 2075; x_wconf 80' lang='grc' dir='ltr'><strong>ἰὦν</strong></span> <span class='ocrx_word' id='word_1_536' title='bbox 1288 2048 1400 2084; x_wconf 77' lang='grc' dir='ltr'>ἡμερῶν</span> <span class='ocrx_word' id='word_1_537' title='bbox 1432 2048 1555 2075; x_wconf 81' lang='grc' dir='ltr'>Ἰωάννου</span> <span class='ocrx_word' id='word_1_538' title='bbox 1583 2048 1631 2075; x_wconf 84' lang='grc' dir='ltr'>τοῦ</span> <span class='ocrx_word' id='word_1_539' title='bbox 1646 2048 1799 2076; x_wconf 84' lang='grc' dir='ltr'>Βαπτιστοῦ</span> <span class='ocrx_word' id='word_1_540' title='bbox 1814 2050 1831 2084; x_wconf 84' lang='grc' dir='ltr'><strong>ἠ</strong></span> 
     </span>
    </p>
   </div>
   <div class='ocr_carea' id='block_1_84' title="bbox 1051 2093 1832 2130">
    <p class='ocr_par' dir='ltr' id='par_1_84' title="bbox 1051 2093 1832 2130">
     <span class='ocr_line' id='line_1_84' title="bbox 1051 2093 1832 2130; baseline 0.003 -10"><span class='ocrx_word' id='word_1_541' title='bbox 1051 2093 1174 2129; x_wconf 75' lang='grc' dir='ltr'>βασιλεία</span> <span class='ocrx_word' id='word_1_542' title='bbox 1188 2094 1241 2120; x_wconf 90' lang='grc' dir='ltr'><strong>τῶν</strong></span> <span class='ocrx_word' id='word_1_543' title='bbox 1251 2094 1373 2130; x_wconf 82' lang='grc' dir='ltr'>οὐρανῶν</span> <span class='ocrx_word' id='word_1_544' title='bbox 1399 2093 1532 2129; x_wconf 79' lang='grc' dir='ltr'>βιάζεται,</span> <span class='ocrx_word' id='word_1_545' title='bbox 1551 2094 1598 2121; x_wconf 73' lang='grc' dir='ltr'>καὶ</span> <span class='ocrx_word' id='word_1_546' title='bbox 1618 2094 1726 2130; x_wconf 77' lang='grc' dir='ltr'>βιασταὶ</span> <span class='ocrx_word' id='word_1_547' title='bbox 1744 2095 1832 2130; x_wconf 79' lang='grc' dir='ltr'>ἀρπά-</span> 
     </span>
    </p>
   </div>
   <div class='ocr_carea' id='block_1_85' title="bbox 1051 2140 1279 2175">
    <p class='ocr_par' dir='ltr' id='par_1_85' title="bbox 1051 2140 1279 2175">
     <span class='ocr_line' id='line_1_85' title="bbox 1051 2140 1279 2175; baseline -0.004 -8"><span class='ocrx_word' id='word_1_548' title='bbox 1051 2140 1142 2173; x_wconf 86' lang='grc' dir='ltr'>ζουσιν</span> <span class='ocrx_word' id='word_1_549' title='bbox 1156 2140 1249 2175; x_wconf 81' lang='grc' dir='ltr'>αὐτὴν.</span> <span class='ocrx_word' id='word_1_550' title='bbox 1269 2149 1279 2166; x_wconf 77' lang='grc' dir='ltr'><strong>ι</strong></span> 
     </span>
    </p>
   </div>
   <div class='ocr_carea' id='block_1_86' title="bbox 248 2177 997 2227">
    <p class='ocr_par' dir='ltr' id='par_1_86' title="bbox 248 2182 997 2218">
     <span class='ocr_line' id='line_1_86' title="bbox 248 2182 997 2218; baseline -0.005 -4"><span class='ocrx_word' id='word_1_551' title='bbox 248 2186 346 2214; x_wconf 81' lang='lat' dir='ltr'><strong>Matth.</strong></span> <span class='ocrx_word' id='word_1_552' title='bbox 362 2193 422 2218; x_wconf 77' lang='lat' dir='ltr'><strong>xm,</strong></span> <span class='ocrx_word' id='word_1_553' title='bbox 438 2185 483 2218; x_wconf 67' lang='lat' dir='ltr'><strong>M,</strong></span> <span class='ocrx_word' id='word_1_554' title='bbox 494 2184 541 2211; x_wconf 61' lang='lat'><strong>£5.</strong></span> <span class='ocrx_word' id='word_1_555' title='bbox 559 2198 595 2206; x_wconf 73' lang='grc'><strong><em>.-</em></strong></span> <span class='ocrx_word' id='word_1_556' title='bbox 612 2192 621 2209; x_wconf 83' lang='grc' dir='ltr'><strong>ι</strong></span> <span class='ocrx_word' id='word_1_557' title='bbox 640 2182 735 2210; x_wconf 85' lang='lat' dir='ltr'><strong>Simile</strong></span> <span class='ocrx_word' id='word_1_558' title='bbox 749 2186 792 2210; x_wconf 79' lang='lat' dir='ltr'><strong>est</strong></span> <span class='ocrx_word' id='word_1_559' title='bbox 812 2190 925 2218; x_wconf 90' lang='lat' dir='ltr'><strong>regnum</strong></span> <span class='ocrx_word' id='word_1_560' title='bbox 941 2190 997 2211; x_wconf 77' lang='lat' dir='ltr'><strong>cte—</strong></span> 
     </span>
    </p>
   </div>
   <div class='ocr_carea' id='block_1_87' title="bbox 1047 2177 1832 2227">
    <p class='ocr_par' dir='ltr' id='par_1_87' title="bbox 1088 2177 1832 2223">
     <span class='ocr_line' id='line_1_87' title="bbox 1088 2177 1832 2223; baseline -0.001 -11"><span class='ocrx_word' id='word_1_561' title='bbox 1088 2195 1097 2212; x_wconf 80' lang='grc' dir='ltr'><strong>ι</strong></span> <span class='ocrx_word' id='word_1_562' title='bbox 1121 2186 1216 2223; x_wconf 80' lang='grc' dir='ltr'>Ὁμοία</span> <span class='ocrx_word' id='word_1_563' title='bbox 1230 2185 1331 2220; x_wconf 75' lang='grc' dir='ltr'>ἐστὶνή</span> <span class='ocrx_word' id='word_1_564' title='bbox 1351 2184 1474 2220; x_wconf 85' lang='grc' dir='ltr'>βασιλεία</span> <span class='ocrx_word' id='word_1_565' title='bbox 1495 2184 1550 2211; x_wconf 79' lang='grc' dir='ltr'><strong>τῶν</strong></span> <span class='ocrx_word' id='word_1_566' title='bbox 1566 2185 1686 2221; x_wconf 81' lang='grc' dir='ltr'>οὐρανῶν</span> <span class='ocrx_word' id='word_1_567' title='bbox 1703 2177 1832 2220; x_wconf 64' lang='grc' dir='ltr'>θησαυρῖῖ)</span> 
     </span>
    </p>
   </div>
   <div class='ocr_carea' id='block_1_88' title="bbox 211 2227 995 2263">
    <p class='ocr_par' dir='ltr' id='par_1_88' title="bbox 211 2227 995 2263">
     <span class='ocr_line' id='line_1_88' title="bbox 211 2227 995 2263; baseline -0.005 -5"><span class='ocrx_word' id='word_1_568' title='bbox 211 2233 298 2259; x_wconf 92' lang='lat' dir='ltr'><strong>lorum</strong></span> <span class='ocrx_word' id='word_1_569' title='bbox 325 2231 456 2258; x_wconf 82' lang='lat' dir='ltr'><strong>thesauro</strong></span> <span class='ocrx_word' id='word_1_570' title='bbox 479 2227 647 2256; x_wconf 79' lang='lat' dir='ltr'><strong>abscondito</strong></span> <span class='ocrx_word' id='word_1_571' title='bbox 680 2228 708 2255; x_wconf 89' lang='lat' dir='ltr'><strong>in</strong></span> <span class='ocrx_word' id='word_1_572' title='bbox 732 2234 811 2262; x_wconf 84' lang='lat' dir='ltr'><strong>agro,</strong></span> <span class='ocrx_word' id='word_1_573' title='bbox 838 2235 920 2262; x_wconf 89' lang='lat' dir='ltr'><strong>quem</strong></span> <span class='ocrx_word' id='word_1_574' title='bbox 948 2229 995 2263; x_wconf 85' lang='lat' dir='ltr'><strong>qui</strong></span> 
     </span>
    </p>
   </div>
   <div class='ocr_carea' id='block_1_89' title="bbox 212 2272 995 2308">
    <p class='ocr_par' dir='ltr' id='par_1_89' title="bbox 212 2272 995 2308">
     <span class='ocr_line' id='line_1_89' title="bbox 212 2272 995 2308; baseline -0.005 -4"><span class='ocrx_word' id='word_1_575' title='bbox 212 2276 314 2304; x_wconf 88' lang='lat' dir='ltr'><strong>invenit</strong></span> <span class='ocrx_word' id='word_1_576' title='bbox 329 2275 411 2302; x_wconf 88' lang='lat' dir='ltr'><strong>homo</strong></span> <span class='ocrx_word' id='word_1_577' title='bbox 427 2274 586 2306; x_wconf 83' lang='lat' dir='ltr'><strong>abscondit,</strong></span> <span class='ocrx_word' id='word_1_578' title='bbox 603 2278 630 2302; x_wconf 83' lang='lat' dir='ltr'><strong>et</strong></span> <span class='ocrx_word' id='word_1_579' title='bbox 645 2281 700 2308; x_wconf 65' lang='lat' dir='ltr'><strong>prae</strong></span> <span class='ocrx_word' id='word_1_580' title='bbox 712 2272 812 2308; x_wconf 87' lang='lat' dir='ltr'><strong>gaudio</strong></span> <span class='ocrx_word' id='word_1_581' title='bbox 824 2273 896 2301; x_wconf 86' lang='lat' dir='ltr'><strong>illius</strong></span> <span class='ocrx_word' id='word_1_582' title='bbox 910 2273 995 2307; x_wconf 87' lang='lat' dir='ltr'><strong>vadit,</strong></span> 
     </span>
    </p>
   </div>
   <div class='ocr_carea' id='block_1_90' title="bbox 210 2318 995 2355">
    <p class='ocr_par' dir='ltr' id='par_1_90' title="bbox 210 2318 995 2355">
     <span class='ocr_line' id='line_1_90' title="bbox 210 2318 995 2355; baseline -0.005 -6"><span class='ocrx_word' id='word_1_583' title='bbox 210 2328 237 2349; x_wconf 74' lang='grc' dir='ltr'>(ιι</span> <span class='ocrx_word' id='word_1_584' title='bbox 250 2321 342 2349; x_wconf 88' lang='lat' dir='ltr'><strong>vendit</strong></span> <span class='ocrx_word' id='word_1_585' title='bbox 352 2321 515 2355; x_wconf 73' lang='lat' dir='ltr'><strong>omnia’quze</strong></span> <span class='ocrx_word' id='word_1_586' title='bbox 525 2319 616 2353; x_wconf 85' lang='lat' dir='ltr'><strong>habet,</strong></span> <span class='ocrx_word' id='word_1_587' title='bbox 627 2322 656 2346; x_wconf 84' lang='lat' dir='ltr'><strong>et</strong></span> <span class='ocrx_word' id='word_1_588' title='bbox 670 2319 735 2346; x_wconf 89' lang='lat' dir='ltr'><strong>emit</strong></span> <span class='ocrx_word' id='word_1_589' title='bbox 744 2325 838 2354; x_wconf 87' lang='lat' dir='ltr'><strong>agrum</strong></span> <span class='ocrx_word' id='word_1_590' title='bbox 846 2318 948 2346; x_wconf 65' lang='lat' dir='ltr'><strong>illum.)</strong></span> <span class='ocrx_word' id='word_1_591' title='bbox 961 2333 995 2339; x_wconf 92' lang='lat'><em>—</em></span> 
     </span>
    </p>
   </div>
   <div class='ocr_carea' id='block_1_91' title="bbox 213 2364 995 2400">
    <p class='ocr_par' dir='ltr' id='par_1_91' title="bbox 213 2364 995 2400">
     <span class='ocr_line' id='line_1_91' title="bbox 213 2364 995 2400; baseline -0.003 -7"><span class='ocrx_word' id='word_1_592' title='bbox 213 2377 221 2393; x_wconf 81' lang='grc' dir='ltr'><strong>ι</strong></span> <span class='ocrx_word' id='word_1_593' title='bbox 242 2367 336 2395; x_wconf 87' lang='lat' dir='ltr'><strong>Simile</strong></span> <span class='ocrx_word' id='word_1_594' title='bbox 359 2370 401 2393; x_wconf 79' lang='lat' dir='ltr'><strong>est</strong></span> <span class='ocrx_word' id='word_1_595' title='bbox 421 2373 532 2400; x_wconf 79' lang='lat' dir='ltr'><strong>regnum</strong></span> <span class='ocrx_word' id='word_1_596' title='bbox 562 2364 693 2392; x_wconf 60' lang='lat' dir='ltr'><strong>calorum</strong></span> <span class='ocrx_word' id='word_1_597' title='bbox 709 2364 813 2392; x_wconf 85' lang='lat' dir='ltr'><strong>homini</strong></span> <span class='ocrx_word' id='word_1_598' title='bbox 833 2364 995 2399; x_wconf 77' lang='lat' dir='ltr'><strong>negotiatori</strong></span> 
     </span>
    </p>
   </div>
   <div class='ocr_carea' id='block_1_92' title="bbox 210 2409 994 2448">
    <p class='ocr_par' dir='ltr' id='par_1_92' title="bbox 210 2409 994 2448">
     <span class='ocr_line' id='line_1_92' title="bbox 210 2409 994 2448; baseline -0.005 -8"><span class='ocrx_word' id='word_1_599' title='bbox 210 2412 342 2448; x_wconf 69' lang='lat' dir='ltr'><strong>quaerenti</strong></span> <span class='ocrx_word' id='word_1_600' title='bbox 369 2412 454 2440; x_wconf 83' lang='lat' dir='ltr'><strong>bonas</strong></span> <span class='ocrx_word' id='word_1_601' title='bbox 482 2410 646 2446; x_wconf 82' lang='lat' dir='ltr'><strong>margaritas</strong></span> <span class='ocrx_word' id='word_1_602' title='bbox 665 2419 671 2436; x_wconf 90' lang='lat'>:</span> <span class='ocrx_word' id='word_1_603' title='bbox 690 2409 801 2437; x_wconf 83' lang='lat' dir='ltr'><strong>inventa</strong></span> <span class='ocrx_word' id='word_1_604' title='bbox 824 2414 915 2437; x_wconf 89' lang='lat' dir='ltr'><strong>autem</strong></span> <span class='ocrx_word' id='word_1_605' title='bbox 940 2416 994 2436; x_wconf 83' lang='lat' dir='ltr'><strong>una</strong></span> 
     </span>
    </p>
   </div>
   <div class='ocr_carea' id='block_1_93' title="bbox 211 2455 992 2494">
    <p class='ocr_par' dir='ltr' id='par_1_93' title="bbox 211 2455 992 2494">
     <span class='ocr_line' id='line_1_93' title="bbox 211 2455 992 2494; baseline -0.006 -8"><span class='ocrx_word' id='word_1_606' title='bbox 211 2460 331 2494; x_wconf 78' lang='lat' dir='ltr'><strong>pretiosa</strong></span> <span class='ocrx_word' id='word_1_607' title='bbox 357 2457 518 2494; x_wconf 78' lang='lat' dir='ltr'><strong>margarita,</strong></span> <span class='ocrx_word' id='word_1_608' title='bbox 548 2456 643 2484; x_wconf 87' lang='lat' dir='ltr'><strong>abiens</strong></span> <span class='ocrx_word' id='word_1_609' title='bbox 667 2456 792 2484; x_wconf 79' lang='lat' dir='ltr'><strong>vendidit</strong></span> <span class='ocrx_word' id='word_1_610' title='bbox 820 2455 912 2483; x_wconf 82' lang='lat' dir='ltr'><strong>omnia</strong></span> <span class='ocrx_word' id='word_1_611' title='bbox 933 2462 992 2489; x_wconf 78' lang='lat' dir='ltr'><strong>qua:</strong></span> 
     </span>
    </p>
   </div>
   <div class='ocr_carea' id='block_1_94' title="bbox 210 2504 569 2538">
    <p class='ocr_par' dir='ltr' id='par_1_94' title="bbox 210 2504 569 2538">
     <span class='ocr_line' id='line_1_94' title="bbox 210 2504 569 2538; baseline -0.008 -6"><span class='ocrx_word' id='word_1_612' title='bbox 210 2506 315 2538; x_wconf 80' lang='lat' dir='ltr'><strong>habuit,</strong></span> <span class='ocrx_word' id='word_1_613' title='bbox 332 2508 358 2532; x_wconf 91' lang='lat' dir='ltr'><strong>ct</strong></span> <span class='ocrx_word' id='word_1_614' title='bbox 379 2504 446 2532; x_wconf 80' lang='lat' dir='ltr'><strong>entit</strong></span> <span class='ocrx_word' id='word_1_615' title='bbox 468 2511 539 2531; x_wconf 85' lang='lat' dir='ltr'><strong>eam.</strong></span> <span class='ocrx_word' id='word_1_616' title='bbox 559 2512 569 2528; x_wconf 79' lang='grc' dir='ltr'><strong>ι</strong></span> 
     </span>
    </p>
   </div>
   <div class='ocr_carea' id='block_1_95' title="bbox 242 2545 993 2582">
    <p class='ocr_par' dir='ltr' id='par_1_95' title="bbox 242 2545 993 2582">
     <span class='ocr_line' id='line_1_95' title="bbox 242 2545 993 2582; baseline -0.007 -4"><span class='ocrx_word' id='word_1_617' title='bbox 242 2551 340 2579; x_wconf 74' lang='lat' dir='ltr'><strong>Matth.</strong></span> <span class='ocrx_word' id='word_1_618' title='bbox 362 2558 409 2582; x_wconf 72' lang='lat' dir='ltr'><strong>xx,</strong></span> <span class='ocrx_word' id='word_1_619' title='bbox 430 2551 455 2576; x_wconf 83' lang='grc' dir='ltr'>ι.</span> <span class='ocrx_word' id='word_1_620' title='bbox 474 2563 508 2569; x_wconf 90' lang='grc'><strong>--</strong></span> <span class='ocrx_word' id='word_1_621' title='bbox 528 2558 536 2574; x_wconf 85' lang='grc' dir='ltr'><strong>ι</strong></span> <span class='ocrx_word' id='word_1_622' title='bbox 553 2548 647 2576; x_wconf 86' lang='lat' dir='ltr'><strong>Simile</strong></span> <span class='ocrx_word' id='word_1_623' title='bbox 666 2551 708 2575; x_wconf 87' lang='lat' dir='ltr'><strong>est</strong></span> <span class='ocrx_word' id='word_1_624' title='bbox 733 2554 846 2582; x_wconf 80' lang='lat' dir='ltr'><strong>regnum</strong></span> <span class='ocrx_word' id='word_1_625' title='bbox 860 2545 993 2574; x_wconf 63' lang='lat' dir='ltr'><strong>caelorum</strong></span> 
     </span>
    </p>
   </div>
   <div class='ocr_carea' id='block_1_96' title="bbox 155 2591 994 2632">
    <p class='ocr_par' dir='ltr' id='par_1_96' title="bbox 155 2591 994 2632">
     <span class='ocr_line' id='line_1_96' title="bbox 155 2591 994 2632; baseline -0.01 -6"><span class='ocrx_word' id='word_1_626' title='bbox 155 2616 161 2621; x_wconf 82' lang='grc'><strong><em>-</em></strong></span> <span class='ocrx_word' id='word_1_627' title='bbox 209 2597 312 2625; x_wconf 87' lang='lat' dir='ltr'><strong>homini</strong></span> <span class='ocrx_word' id='word_1_628' title='bbox 327 2595 529 2632; x_wconf 81' lang='lat' dir='ltr'><strong>patrifamilias,</strong></span> <span class='ocrx_word' id='word_1_629' title='bbox 546 2594 592 2630; x_wconf 90' lang='lat' dir='ltr'><strong>qui</strong></span> <span class='ocrx_word' id='word_1_630' title='bbox 609 2593 675 2621; x_wconf 67' lang='lat' dir='ltr'><strong>eriit</strong></span> <span class='ocrx_word' id='word_1_631' title='bbox 691 2594 779 2628; x_wconf 89' lang='lat' dir='ltr'><strong>primo</strong></span> <span class='ocrx_word' id='word_1_632' title='bbox 801 2599 879 2620; x_wconf 89' lang='lat' dir='ltr'><strong>mane</strong></span> <span class='ocrx_word' id='word_1_633' title='bbox 892 2591 994 2619; x_wconf 80' lang='lat' dir='ltr'><strong>condu—</strong></span> 
     </span>
    </p>
   </div>
   <div class='ocr_carea' id='block_1_97' title="bbox 208 2643 699 2677">
    <p class='ocr_par' dir='ltr' id='par_1_97' title="bbox 208 2643 699 2677">
     <span class='ocr_line' id='line_1_97' title="bbox 208 2643 699 2677; baseline -0.01 -7"><span class='ocrx_word' id='word_1_634' title='bbox 208 2652 268 2670; x_wconf 78' lang='lat' dir='ltr'><strong>rere</strong></span> <span class='ocrx_word' id='word_1_635' title='bbox 284 2643 426 2677; x_wconf 72' lang='lat' dir='ltr'><strong>operarios</strong></span> <span class='ocrx_word' id='word_1_636' title='bbox 437 2649 463 2668; x_wconf 80' lang='lat' dir='ltr'><strong>ill</strong></span> <span class='ocrx_word' id='word_1_637' title='bbox 485 2648 602 2672; x_wconf 85' lang='lat' dir='ltr'><strong>vmeant,</strong></span> <span class='ocrx_word' id='word_1_638' title='bbox 621 2649 629 2665; x_wconf 86' lang='lat' dir='ltr'><strong>I</strong></span> <span class='ocrx_word' id='word_1_639' title='bbox 645 2644 699 2666; x_wconf 87' lang='lat' dir='ltr'><strong>etc.</strong></span> 
     </span>
    </p>
   </div>
   <div class='ocr_carea' id='block_1_98' title="bbox 200 2682 996 2723">
    <p class='ocr_par' dir='ltr' id='par_1_98' title="bbox 200 2682 996 2723">
     <span class='ocr_line' id='line_1_98' title="bbox 200 2682 996 2723; baseline -0.006 -9"><span class='ocrx_word' id='word_1_640' title='bbox 200 2720 204 2723; x_wconf 36' lang='lat'>.</span> <span class='ocrx_word' id='word_1_641' title='bbox 245 2687 341 2715; x_wconf 70' lang='lat' dir='ltr'><strong>&quot;uult.</strong></span> <span class='ocrx_word' id='word_1_642' title='bbox 367 2696 434 2719; x_wconf 63' lang='grc' dir='ltr'>χχιι,</span> <span class='ocrx_word' id='word_1_643' title='bbox 451 2686 527 2714; x_wconf 81' lang='lat' dir='ltr'><strong>i-iO.</strong></span> <span class='ocrx_word' id='word_1_644' title='bbox 545 2700 579 2708; x_wconf 88' lang='lat'><strong>——</strong></span> <span class='ocrx_word' id='word_1_645' title='bbox 599 2695 607 2711; x_wconf 85' lang='lat' dir='ltr'><strong>I</strong></span> <span class='ocrx_word' id='word_1_646' title='bbox 627 2683 808 2721; x_wconf 74' lang='lat' dir='ltr'><strong>Rcspondens</strong></span> <span class='ocrx_word' id='word_1_647' title='bbox 831 2682 910 2711; x_wconf 81' lang='lat' dir='ltr'><strong>Jestts</strong></span> <span class='ocrx_word' id='word_1_648' title='bbox 935 2690 996 2709; x_wconf 87' lang='lat' dir='ltr'><strong>rur-</strong></span> 
     </span>
    </p>
   </div>
   <div class='ocr_carea' id='block_1_99' title="bbox 1051 2230 1831 2266">
    <p class='ocr_par' dir='ltr' id='par_1_99' title="bbox 1051 2230 1831 2266">
     <span class='ocr_line' id='line_1_99' title="bbox 1051 2230 1831 2266; baseline -0.001 -8"><span class='ocrx_word' id='word_1_649' title='bbox 1051 2231 1233 2266; x_wconf 81' lang='grc' dir='ltr'>κεκρυμμένῳ</span> <span class='ocrx_word' id='word_1_650' title='bbox 1259 2231 1288 2257; x_wconf 83' lang='grc' dir='ltr'>ὲν</span> <span class='ocrx_word' id='word_1_651' title='bbox 1319 2231 1357 2265; x_wconf 83' lang='grc' dir='ltr'>τῷ</span> <span class='ocrx_word' id='word_1_652' title='bbox 1383 2230 1477 2266; x_wconf 82' lang='grc' dir='ltr'>ἀγρῷ,</span> <span class='ocrx_word' id='word_1_653' title='bbox 1509 2230 1539 2257; x_wconf 78' lang='grc' dir='ltr'>ὃν</span> <span class='ocrx_word' id='word_1_654' title='bbox 1563 2230 1651 2266; x_wconf 77' lang='grc' dir='ltr'>εὑρὼν</span> <span class='ocrx_word' id='word_1_655' title='bbox 1690 2230 1831 2266; x_wconf 79' lang='grc' dir='ltr'>ἄνθρωπος</span> 
     </span>
    </p>
   </div>
   <div class='ocr_carea' id='block_1_100' title="bbox 1049 2274 1830 2310">
    <p class='ocr_par' dir='ltr' id='par_1_100' title="bbox 1049 2274 1830 2310">
     <span class='ocr_line' id='line_1_100' title="bbox 1049 2274 1830 2310; baseline 0.001 -9"><span class='ocrx_word' id='word_1_656' title='bbox 1049 2274 1161 2310; x_wconf 71' lang='grc' dir='ltr'>ἔκρυψε,</span> <span class='ocrx_word' id='word_1_657' title='bbox 1176 2275 1223 2301; x_wconf 80' lang='grc' dir='ltr'>καὶ</span> <span class='ocrx_word' id='word_1_658' title='bbox 1251 2274 1306 2302; x_wconf 78' lang='grc' dir='ltr'>ἀπὸ</span> <span class='ocrx_word' id='word_1_659' title='bbox 1330 2275 1416 2310; x_wconf 77' lang='grc' dir='ltr'>χαρᾶς</span> <span class='ocrx_word' id='word_1_660' title='bbox 1443 2274 1524 2301; x_wconf 80' lang='grc' dir='ltr'>αὑτοῦ</span> <span class='ocrx_word' id='word_1_661' title='bbox 1539 2274 1648 2309; x_wconf 78' lang='grc' dir='ltr'>ὑπάγει,</span> <span class='ocrx_word' id='word_1_662' title='bbox 1672 2274 1719 2302; x_wconf 80' lang='grc' dir='ltr'>καὶ</span> <span class='ocrx_word' id='word_1_663' title='bbox 1742 2274 1830 2302; x_wconf 86' lang='grc' dir='ltr'>πάντα</span> 
     </span>
    </p>
   </div>
   <div class='ocr_carea' id='block_1_101' title="bbox 1049 2319 1827 2355">
    <p class='ocr_par' dir='ltr' id='par_1_101' title="bbox 1049 2319 1827 2355">
     <span class='ocr_line' id='line_1_101' title="bbox 1049 2319 1827 2355; baseline -0.003 -8"><span class='ocrx_word' id='word_1_664' title='bbox 1049 2321 1099 2347; x_wconf 83' lang='grc' dir='ltr'>ὅσα</span> <span class='ocrx_word' id='word_1_665' title='bbox 1113 2320 1180 2355; x_wconf 78' lang='grc' dir='ltr'>ἔχει,</span> <span class='ocrx_word' id='word_1_666' title='bbox 1197 2319 1291 2353; x_wconf 81' lang='grc' dir='ltr'>πωλεῖ,</span> <span class='ocrx_word' id='word_1_667' title='bbox 1306 2320 1351 2347; x_wconf 84' lang='grc' dir='ltr'>καὶ</span> <span class='ocrx_word' id='word_1_668' title='bbox 1376 2319 1507 2355; x_wconf 79' lang='grc' dir='ltr'>ἀγοράζει</span> <span class='ocrx_word' id='word_1_669' title='bbox 1531 2320 1577 2346; x_wconf 81' lang='grc' dir='ltr'>τὸν</span> <span class='ocrx_word' id='word_1_670' title='bbox 1594 2320 1677 2355; x_wconf 74' lang='grc' dir='ltr'>ἀγρὸν</span> <span class='ocrx_word' id='word_1_671' title='bbox 1692 2320 1805 2346; x_wconf 81' lang='grc' dir='ltr'>ἐκεῖνον.</span> <span class='ocrx_word' id='word_1_672' title='bbox 1818 2329 1827 2345; x_wconf 82' lang='grc' dir='ltr'><strong>ι</strong></span> 
     </span>
    </p>
   </div>
   <div class='ocr_carea' id='block_1_102' title="bbox 1049 2363 1830 2401">
    <p class='ocr_par' dir='ltr' id='par_1_102' title="bbox 1049 2363 1830 2401">
     <span class='ocr_line' id='line_1_102' title="bbox 1049 2363 1830 2401; baseline -0.003 -10"><span class='ocrx_word' id='word_1_673' title='bbox 1049 2381 1080 2387; x_wconf 90' lang='grc'><strong>-</strong></span> <span class='ocrx_word' id='word_1_674' title='bbox 1095 2375 1104 2391; x_wconf 78' lang='grc' dir='ltr'><strong>ι</strong></span> <span class='ocrx_word' id='word_1_675' title='bbox 1131 2366 1226 2401; x_wconf 80' lang='grc' dir='ltr'>Ὁμοία</span> <span class='ocrx_word' id='word_1_676' title='bbox 1243 2366 1316 2392; x_wconf 79' lang='grc' dir='ltr'>ἐστὶν</span> <span class='ocrx_word' id='word_1_677' title='bbox 1326 2366 1343 2400; x_wconf 83' lang='grc' dir='ltr'>ἡ</span> <span class='ocrx_word' id='word_1_678' title='bbox 1361 2364 1483 2400; x_wconf 83' lang='grc' dir='ltr'>βασιλεία</span> <span class='ocrx_word' id='word_1_679' title='bbox 1492 2364 1546 2391; x_wconf 91' lang='grc' dir='ltr'><strong>τῶν</strong></span> <span class='ocrx_word' id='word_1_680' title='bbox 1558 2364 1680 2400; x_wconf 84' lang='grc' dir='ltr'>οὐρανῶν</span> <span class='ocrx_word' id='word_1_681' title='bbox 1696 2363 1830 2399; x_wconf 86' lang='grc' dir='ltr'>ἀνθρώπῳ</span> 
     </span>
    </p>
   </div>
   <div class='ocr_carea' id='block_1_103' title="bbox 1049 2409 1831 2447">
    <p class='ocr_par' dir='ltr' id='par_1_103' title="bbox 1049 2409 1831 2447">
     <span class='ocr_line' id='line_1_103' title="bbox 1049 2409 1831 2447; baseline -0.004 -9"><span class='ocrx_word' id='word_1_682' title='bbox 1049 2411 1161 2447; x_wconf 77' lang='grc' dir='ltr'>ἐμπόρῳ</span> <span class='ocrx_word' id='word_1_683' title='bbox 1172 2411 1297 2446; x_wconf 81' lang='grc' dir='ltr'>ζητοῦντι</span> <span class='ocrx_word' id='word_1_684' title='bbox 1313 2410 1413 2442; x_wconf 75' lang='grc' dir='ltr'>καλοὺς</span> <span class='ocrx_word' id='word_1_685' title='bbox 1429 2410 1598 2446; x_wconf 86' lang='grc' dir='ltr'>μαργαρίτας</span> <span class='ocrx_word' id='word_1_686' title='bbox 1610 2417 1617 2425; x_wconf 83' lang='grc'><em>”</em></span> <span class='ocrx_word' id='word_1_687' title='bbox 1635 2410 1665 2442; x_wconf 81' lang='grc' dir='ltr'>ὃς</span> <span class='ocrx_word' id='word_1_688' title='bbox 1682 2409 1769 2445; x_wconf 77' lang='grc' dir='ltr'>εὑρὼν</span> <span class='ocrx_word' id='word_1_689' title='bbox 1783 2409 1831 2435; x_wconf 73' lang='grc' dir='ltr'>ἕνα</span> 
     </span>
    </p>
   </div>
   <div class='ocr_carea' id='block_1_104' title="bbox 1048 2454 1830 2491">
    <p class='ocr_par' dir='ltr' id='par_1_104' title="bbox 1048 2454 1830 2491">
     <span class='ocr_line' id='line_1_104' title="bbox 1048 2454 1830 2491; baseline -0.004 -8"><span class='ocrx_word' id='word_1_690' title='bbox 1048 2456 1194 2491; x_wconf 79' lang='grc' dir='ltr'>πολύτιμον</span> <span class='ocrx_word' id='word_1_691' title='bbox 1210 2456 1392 2491; x_wconf 83' lang='grc' dir='ltr'>μαργαρίτην.</span> <span class='ocrx_word' id='word_1_692' title='bbox 1401 2454 1524 2482; x_wconf 80' lang='grc' dir='ltr'>ἀπελθὼν</span> <span class='ocrx_word' id='word_1_693' title='bbox 1538 2454 1662 2490; x_wconf 86' lang='grc' dir='ltr'>πέπρακε</span> <span class='ocrx_word' id='word_1_694' title='bbox 1676 2455 1764 2482; x_wconf 78' lang='grc' dir='ltr'>πάντα</span> <span class='ocrx_word' id='word_1_695' title='bbox 1776 2455 1789 2480; x_wconf 81' lang='grc' dir='ltr'><strong>ό</strong></span> <span class='ocrx_word' id='word_1_696' title='bbox 1803 2462 1830 2480; x_wconf 87' lang='grc' dir='ltr'><strong>τι</strong></span> 
     </span>
    </p>
   </div>
   <div class='ocr_carea' id='block_1_105' title="bbox 1047 2499 1464 2536">
    <p class='ocr_par' dir='ltr' id='par_1_105' title="bbox 1047 2499 1464 2536">
     <span class='ocr_line' id='line_1_105' title="bbox 1047 2499 1464 2536; baseline -0.005 -9"><span class='ocrx_word' id='word_1_697' title='bbox 1047 2499 1113 2536; x_wconf 84' lang='grc' dir='ltr'>εἶχε,</span> <span class='ocrx_word' id='word_1_698' title='bbox 1133 2501 1179 2527; x_wconf 78' lang='grc' dir='ltr'><strong>καὶ</strong></span> <span class='ocrx_word' id='word_1_699' title='bbox 1198 2500 1332 2535; x_wconf 74' lang='grc' dir='ltr'>ἠγόρασεν</span> <span class='ocrx_word' id='word_1_700' title='bbox 1343 2500 1434 2526; x_wconf 85' lang='grc' dir='ltr'>αὐτόν.</span> <span class='ocrx_word' id='word_1_701' title='bbox 1455 2510 1464 2525; x_wconf 81' lang='grc' dir='ltr'><strong>ι</strong></span> 
     </span>
    </p>
   </div>
   <div class='ocr_carea' id='block_1_106' title="bbox 1086 2541 1830 2579">
    <p class='ocr_par' dir='ltr' id='par_1_106' title="bbox 1086 2541 1830 2579">
     <span class='ocr_line' id='line_1_106' title="bbox 1086 2541 1830 2579; baseline -0.005 -8"><span class='ocrx_word' id='word_1_702' title='bbox 1086 2555 1095 2571; x_wconf 80' lang='grc' dir='ltr'><strong>ι</strong></span> <span class='ocrx_word' id='word_1_703' title='bbox 1119 2544 1214 2579; x_wconf 84' lang='grc' dir='ltr'>Ὀμοία</span> <span class='ocrx_word' id='word_1_704' title='bbox 1233 2544 1307 2571; x_wconf 80' lang='grc' dir='ltr'>ἐστὶν</span> <span class='ocrx_word' id='word_1_705' title='bbox 1320 2545 1336 2579; x_wconf 83' lang='grc' dir='ltr'>ὴ</span> <span class='ocrx_word' id='word_1_706' title='bbox 1350 2543 1474 2578; x_wconf 88' lang='grc' dir='ltr'>βασιλεία</span> <span class='ocrx_word' id='word_1_707' title='bbox 1488 2543 1542 2570; x_wconf 88' lang='grc' dir='ltr'><strong>τῶν</strong></span> <span class='ocrx_word' id='word_1_708' title='bbox 1555 2543 1678 2578; x_wconf 83' lang='grc' dir='ltr'>οὐρανῶν</span> <span class='ocrx_word' id='word_1_709' title='bbox 1695 2541 1830 2577; x_wconf 77' lang='grc' dir='ltr'>ἀνθρώπῳ</span> 
     </span>
    </p>
   </div>
   <div class='ocr_carea' id='block_1_107' title="bbox 1047 2585 1829 2625">
    <p class='ocr_par' dir='ltr' id='par_1_107' title="bbox 1047 2585 1829 2625">
     <span class='ocr_line' id='line_1_107' title="bbox 1047 2585 1829 2625; baseline -0.006 -8"><span class='ocrx_word' id='word_1_710' title='bbox 1047 2590 1232 2625; x_wconf 77' lang='grc' dir='ltr'>οἰκοδεσπότῃ,</span> <span class='ocrx_word' id='word_1_711' title='bbox 1247 2590 1322 2621; x_wconf 75' lang='grc' dir='ltr'>ὅστις</span> <span class='ocrx_word' id='word_1_712' title='bbox 1350 2589 1459 2624; x_wconf 74' lang='grc' dir='ltr'>ἐξῆλθεν</span> <span class='ocrx_word' id='word_1_713' title='bbox 1479 2589 1537 2624; x_wconf 80' lang='grc' dir='ltr'>ἅμα</span> <span class='ocrx_word' id='word_1_714' title='bbox 1550 2587 1623 2623; x_wconf 85' lang='grc' dir='ltr'>πρωῒ</span> <span class='ocrx_word' id='word_1_715' title='bbox 1644 2585 1829 2623; x_wconf 72' lang='grc' dir='ltr'>μισθώσασθαι</span> 
     </span>
    </p>
   </div>
   <div class='ocr_carea' id='block_1_108' title="bbox 1048 2634 1399 2672">
    <p class='ocr_par' dir='ltr' id='par_1_108' title="bbox 1048 2634 1399 2672">
     <span class='ocr_line' id='line_1_108' title="bbox 1048 2634 1399 2672; baseline -0.003 -10"><span class='ocrx_word' id='word_1_716' title='bbox 1048 2636 1177 2672; x_wconf 76' lang='grc' dir='ltr'>ἐργάτας,</span> <span class='ocrx_word' id='word_1_717' title='bbox 1195 2644 1204 2660; x_wconf 80' lang='grc' dir='ltr'><strong>ι</strong></span> <span class='ocrx_word' id='word_1_718' title='bbox 1219 2635 1266 2661; x_wconf 83' lang='grc' dir='ltr'>καὶ</span> <span class='ocrx_word' id='word_1_719' title='bbox 1275 2634 1310 2661; x_wconf 85' lang='grc' dir='ltr'>τὰ</span> <span class='ocrx_word' id='word_1_720' title='bbox 1325 2635 1399 2669; x_wconf 80' lang='grc' dir='ltr'><strong>ἑξῆς.</strong></span> 
     </span>
    </p>
   </div>
   <div class='ocr_carea' id='block_1_109' title="bbox 1086 2675 1830 2715">
    <p class='ocr_par' dir='ltr' id='par_1_109' title="bbox 1086 2675 1830 2715">
     <span class='ocr_line' id='line_1_109' title="bbox 1086 2675 1830 2715; baseline -0.004 -9"><span class='ocrx_word' id='word_1_721' title='bbox 1086 2689 1096 2706; x_wconf 79' lang='grc' dir='ltr'><strong>ι</strong></span> <span class='ocrx_word' id='word_1_722' title='bbox 1120 2679 1291 2715; x_wconf 77' lang='grc' dir='ltr'>Ἀποκριθεὶς</span> <span class='ocrx_word' id='word_1_723' title='bbox 1316 2680 1330 2706; x_wconf 84' lang='grc' dir='ltr'><strong>ό</strong></span> <span class='ocrx_word' id='word_1_724' title='bbox 1351 2679 1464 2715; x_wconf 81' lang='grc' dir='ltr'>Ἰησοῦς,</span> <span class='ocrx_word' id='word_1_725' title='bbox 1491 2678 1570 2706; x_wconf 80' lang='grc' dir='ltr'>πάλιν</span> <span class='ocrx_word' id='word_1_726' title='bbox 1597 2675 1674 2705; x_wconf 76' lang='grc' dir='ltr'>εἶπεν</span> <span class='ocrx_word' id='word_1_727' title='bbox 1699 2678 1790 2708; x_wconf 78' lang='grc' dir='ltr'>αὐτοῖς</span> <span class='ocrx_word' id='word_1_728' title='bbox 1801 2677 1830 2703; x_wconf 79' lang='grc' dir='ltr'>ὲν</span> 
     </span>
    </p>
   </div>
   <div class='ocr_carea' id='block_1_110' title="bbox 808 2738 1146 2768">
    <p class='ocr_par' dir='ltr' id='par_1_110' title="bbox 808 2738 1146 2768">
     <span class='ocr_line' id='line_1_110' title="bbox 808 2738 1146 2768; baseline -0.003 -1"><span class='ocrx_word' id='word_1_729' title='bbox 808 2739 924 2767; x_wconf 62' lang='grc' dir='ltr'>νΑιιιΑ]</span> <span class='ocrx_word' id='word_1_730' title='bbox 942 2738 1146 2768; x_wconf 73' lang='lat' dir='ltr'><strong>LECTIONES.</strong></span> 
     </span>
    </p>
   </div>
   <div class='ocr_carea' id='block_1_111' title="bbox 246 2780 1829 2821">
    <p class='ocr_par' dir='ltr' id='par_1_111' title="bbox 246 2780 1829 2821">
     <span class='ocr_line' id='line_1_111' title="bbox 246 2780 1829 2821; baseline -0.004 -8"><span class='ocrx_word' id='word_1_731' title='bbox 246 2791 258 2804; x_wconf 77' lang='grc' dir='ltr'>ι</span> <span class='ocrx_word' id='word_1_732' title='bbox 275 2787 415 2821; x_wconf 83' lang='lat' dir='ltr'><strong>Ejusmodi</strong></span> <span class='ocrx_word' id='word_1_733' title='bbox 426 2787 569 2815; x_wconf 66' lang='lat' dir='ltr'><strong>sentcntiae</strong></span> <span class='ocrx_word' id='word_1_734' title='bbox 588 2786 688 2821; x_wconf 89' lang='lat' dir='ltr'><strong>quibus</strong></span> <span class='ocrx_word' id='word_1_735' title='bbox 714 2792 791 2821; x_wconf 78' lang='lat' dir='ltr'><strong>amor</strong></span> <span class='ocrx_word' id='word_1_736' title='bbox 811 2785 904 2813; x_wconf 88' lang='lat' dir='ltr'><strong>mundi</strong></span> <span class='ocrx_word' id='word_1_737' title='bbox 921 2784 1060 2813; x_wconf 86' lang='lat' dir='ltr'><strong>dilectioni</strong></span> <span class='ocrx_word' id='word_1_738' title='bbox 1082 2785 1128 2812; x_wconf 88' lang='lat' dir='ltr'><strong>Dei</strong></span> <span class='ocrx_word' id='word_1_739' title='bbox 1149 2789 1176 2813; x_wconf 90' lang='lat' dir='ltr'><strong>ct</strong></span> <span class='ocrx_word' id='word_1_740' title='bbox 1190 2784 1316 2812; x_wconf 84' lang='lat' dir='ltr'><strong>charilati</strong></span> <span class='ocrx_word' id='word_1_741' title='bbox 1337 2783 1436 2820; x_wconf 79' lang='lat' dir='ltr'><strong>opponi</strong></span> <span class='ocrx_word' id='word_1_742' title='bbox 1462 2783 1600 2816; x_wconf 89' lang='lat' dir='ltr'><strong>dicuntur,</strong></span> <span class='ocrx_word' id='word_1_743' title='bbox 1640 2780 1829 2809; x_wconf 76' lang='lat' dir='ltr'><strong>Christianum</strong></span> 
     </span>
    </p>
   </div>
   <div class='ocr_carea' id='block_1_112' title="bbox 211 2820 830 2855">
    <p class='ocr_par' dir='ltr' id='par_1_112' title="bbox 211 2820 830 2855">
     <span class='ocr_line' id='line_1_112' title="bbox 211 2820 830 2855; baseline 0.002 -9"><span class='ocrx_word' id='word_1_744' title='bbox 211 2826 344 2849; x_wconf 74' lang='lat' dir='ltr'><strong>auctorem</strong></span> <span class='ocrx_word' id='word_1_745' title='bbox 359 2822 449 2853; x_wconf 80' lang='lat' dir='ltr'><strong>potius</strong></span> <span class='ocrx_word' id='word_1_746' title='bbox 465 2829 547 2855; x_wconf 87' lang='lat' dir='ltr'><strong>quam</strong></span> <span class='ocrx_word' id='word_1_747' title='bbox 561 2820 684 2848; x_wconf 62' lang='lat' dir='ltr'><strong>Inﬂatum</strong></span> <span class='ocrx_word' id='word_1_748' title='bbox 700 2820 830 2855; x_wconf 88' lang='lat' dir='ltr'><strong>produnt.</strong></span> 
     </span>
    </p>
   </div>
  </div>
