2074 3115
236 136 301 168 1261

847 134 966 164 SACRA
977 134 1209 166 PARALLELA.

1800 144 1867 174 12ίί2

234 193 413 229 παραΰολαῖς,
427 192 515 226 λέγων
532 200 538 208 ·
558 191 695 226 Ὡμοιώθη
709 191 725 225 ἡ
741 190 863 225 βασιλεία
874 189 928 216 τῶν
941 189 1025 224 ούρα-

1079 198 1125 219 sus
1147 191 1256 219 locutus
1288 196 1330 219 est
1356 193 1395 220 eis
1412 193 1437 220 in
1452 194 1600 228 parabolis,
1630 195 1725 225 dicens
1746 207 1752 225 :
1771 197 1867 228 Simile

236 239 288 266 νῶν
303 237 438 273 ἀνθρώπῳ
449 237 564 272 βασιλεῖ,
583 237 656 268 ὅστις
671 236 781 271 ἐποίησε
795 236 899 270 γάμους
914 234 953 270 τῷ
973 233 1023 268 υἱῷ

237 283 330 312 αὑτοῦ.
354 283 408 310 Καὶ
428 282 572 309 ἀπέστειλε
601 282 664 314 τοὺς
685 281 795 313 δούλους
812 280 895 308 αὐτοῦ
910 280 1023 307 καλέσαι

236 331 299 361 τοὺς
310 329 495 364 κεκλημένους
519 329 559 360 είς
584 328 649 360 τοὺς
674 327 791 363 γάμους,
805 328 853 354 καὶ
864 327 914 354 οὐκ
927 326 1023 362 ἤθελον

235 375 321 402 ἐλθεῖν
336 383 343 390 ·
374 374 454 401 πάλιν
483 373 643 401 ἀπέστειλεν
663 374 760 405 ἄλλους
777 373 898 405 δούλους,
915 373 1002 406 λέγων
1013 380 1020 387 ·

235 422 338 449 Εἴπατε
352 422 409 452 τοῖς
420 420 612 456 κεκλημένοις,
631 419 698 446 Ἰδοὺ
707 420 738 446 τὸ
754 419 866 454 ἄριστόν
879 427 930 454 μου
950 417 1023 454 ἡτοί-

237 475 321 502 μασα,
333 467 357 493 oi
370 466 466 501 ταῦροι
486 467 531 492 καὶ
543 466 576 492 τὰ
588 464 693 491 σιτιστὰ
708 464 855 499 τεθυμένα,
869 463 918 490 καὶ
934 463 1023 489 πάντα

235 513 344 548 ἐτοιμα¹
360 513 437 539 δεῦτε
467 513 507 543 είς
521 512 584 543 τοὺς
603 511 720 546 γάμους.
737 511 770 537 Οἱ
792 510 820 536 δὲ
836 510 1024 545 ἀμελήσαντες

235 559 365 593 ἀπῆλθον,
379 559 394 585 ὁ
411 559 460 593 μὲν
472 558 512 589 εἰς
526 558 556 584 τὸ
573 558 637 584 ῐδιον
661 557 751 592 ἔργον,
773 557 787 583 ὁ
805 556 834 582 δὲ
850 557 891 587 εἰς
904 556 954 591 τὴν
971 556 1022 590 ἑμ-

236 604 334 639 πορίαν
356 603 439 630 αὐτοῦ
452 611 458 618 ·
480 604 505 629 ot
528 603 556 630 δὲ
576 602 665 629 λοιποὶ¹
678 601 866 637 κρατήσαντες
885 600 949 631 τοὺς
963 599 1024 626 δού-

235 651 297 682 λους
312 649 405 682 αὐτοῦ,
419 649 535 685 ὕϐρισαν
561 648 608 675 καὶ
629 648 804 674 ἀπέκτειναν.
833 647 888 673 Καὶ
903 646 1024 678 ἀκούσας

235 697 249 723 ὁ
264 694 391 730 βασιλεῦς
405 695 517 726 ἐκεῖνος,
543 693 679 729 ὠργίσθη,
696 694 743 719 καὶ
762 692 875 727 πέμψας
891 691 925 718 τὰ
940 699 1023 726 στρα-

235 739 359 777 τεύματα
383 740 477 772 αὐτοῦ,
493 739 619 766 ἀπώλεσε
647 738 710 770 τοὺς
726 739 816 773 φονεῖς
831 737 961 770 ἐκείνους,
977 737 1024 763 καὶ

235 787 285 822 τὴν
299 785 375 812 πόλιν
397 785 487 821 αὐτῶν
503 785 664 819 ἐνέπρησεν.
679 783 747 810 Τότε
764 783 838 817 λέγει
854 783 910 814 τοῖς
920 781 1023 814 δούλοις

237 832 329 860 αὐτοῦ·
351 832 380 859 Ὀ
393 833 442 867 μὲν
459 831 546 867 γάμος
563 830 683 866 ἕτοιμος,
711 830 736 856 οί
749 830 777 856 δὲ
797 828 963 865 κεκλημένοι
974 829 1024 855 οὐκ

1077 241 1119 264 est
1132 244 1246 272 regnum
1257 237 1389 265 caelorum
1405 238 1509 266 homini
1527 240 1594 275 regi,
1605 242 1652 276 qui
1682 242 1745 270 fecit
1757 244 1867 278 nuptias

1077 281 1135 309 lilio
1152 289 1212 310 suo.
1231 282 1265 309 Et
1282 283 1360 311 misit
1376 291 1471 312 servos
1494 293 1560 313 suos
1575 293 1675 315 vocare
1689 288 1821 317 imitatos
1832 290 1866 317 ad

1077 326 1203 362 nuptias;
1215 330 1243 355 et
1254 327 1383 355 nolebant
1405 329 1510 358 venire.
1527 330 1625 359 lterum
1642 333 1714 360 misit
1726 334 1796 361 alios
1809 341 1868 362 ser-

1077 380 1126 401 vos
1153 374 1247 401 dicens
1272 383 1279 401 :
1305 374 1392 402 Dicite
1420 376 1546 403 invitatis
1574 387 1580 404 :
1614 378 1686 406 Ecce
1719 381 1865 415 prandium

1077 425 1167 446 meum
1184 419 1289 454 paravi,
1303 421 1375 447 tauri
1407 423 1460 449 mei
1475 426 1503 450 et
1521 423 1612 451 altilia
1641 426 1730 453 occisa
1746 431 1821 457 sunt.
1840 433 1868 455 et

1076 465 1169 492 omnia
1185 469 1280 500 parata
1297 476 1305 494 :
1325 467 1416 495 venite
1437 468 1470 495 ad
1481 470 1604 504 nuptias.
1617 470 1658 498 illi
1672 476 1766 500 autem
1779 474 1869 508 negle-

1079 517 1187 544 xerunt,
1203 515 1232 540 et
1245 512 1385 547 abierunt,
1402 514 1472 542 alius
1484 515 1512 542 in
1530 516 1623 544 villam
1647 524 1737 552 suam,
1756 523 1782 547 et
1798 520 1868 548 alius

1077 557 1112 585 ad
1124 559 1338 593 negotiationem
1365 567 1454 588 suam.
1491 561 1599 598 Reliqui
1625 571 1689 592 vero
1718 568 1869 595 tenuerunt

1078 611 1182 637 servos,
1190 608 1217 632 et
1231 606 1405 635 contumeliis
1429 607 1542 637 aﬂectos
1558 611 1733 640 occiderunt.
1749 613 1807 641 Rex
1819 621 1869 641 au-

1077 654 1132 678 tem
1148 658 1210 678 eum
1220 651 1352 684 audisset.
1367 653 1454 682 iratus
1474 659 1525 686 est,
1547 661 1574 683 et
1597 657 1689 685 missis
1700 659 1868 688 exercitibus

1078 696 1146 728 suis,
1164 697 1281 731 perdidit
1297 698 1452 728 homicidas
1467 700 1540 734 illos,
1556 705 1583 729 et
1599 703 1740 731 civitatem
1757 705 1867 733 illorum

1078 743 1230 771 succendit.
1249 743 1328 772 Tunc
1350 745 1389 773 ait
1411 747 1502 774 servis
1526 747 1724 784 suis:Nttptiae
1756 752 1867 786 quidem

1077 792 1182 824 parata;
1194 794 1271 824 sunt,
1286 791 1334 819 sed
1350 791 1396 827 qui
1414 792 1522 821 invitati
1549 799 1640 828 erant,
1668 804 1723 823 non
1758 797 1869 825 fuerunt

1078 833 1165 869 digni.
1182 834 1221 863 lle
1237 843 1303 871 ergo
1319 836 1352 864 ad
1373 838 1465 865 exitus
1495 839 1616 873 viarum,
1632 846 1661 869 et.
1686 850 1869 878 quoscunque

236 877 306 913 ἦσαν
319 878 398 911 ἄξιοι.
435 877 588 913 Πορεύεσθε
611 875 657 904 οὖν
679 877 726 903 ἐπὶ
752 876 802 908 τὰς
819 876 953 909 διεξόδους
972 875 1026 902 τῶν

1079 878 1249 914 inveneritis,
1268 886 1365 910 vocate
1375 883 1408 910 ad
1433 885 1554 920 nuptias.
1576 885 1610 913 Et
1627 875 1752 922 egressis.
1776 875 1869 917 Servis

237 925 316 956 ὁδῶν,
330 924 377 951 καὶ
391 924 471 956 ὅσους
486 923 519 950 ἂν
550 922 661 958 εὕρητε,
688 922 821 949 καλέσατε
843 923 883 953 είς
899 922 962 953 τοὺς
976 921 1028 956 γάρ

238 979 317 1005 μους.
328 970 385 997 Καὶ
395 969 546 1002 ἐξελθόντες
559 970 583 995 οἱ
597 969 686 996 δοῦλοι
705 969 805 995 ἐκεῖνοι
822 969 862 999 είς
874 968 924 1000 τὰς
938 967 1025 1000 ὁδοὺς,

237 1018 391 1051 συνήγαγον
406 1016 510 1047 πάντας
524 1016 604 1047 ὅσους
610 1011 700 1050 εὗρον,
715 1013 851 1050 πονηρούς
858 1021 888 1040 τε
897 1013 944 1040 καὶ
960 1014 1028 1047 ἁγα-

238 1063 300 1094 θούς
311 1071 318 1078 ο
333 1063 382 1089 καὶ
395 1062 548 1098 ἐνεπλήσθη
571 1062 586 1088 ὀ
608 1061 698 1097 γάμος
715 1061 921 1096 ἀνακειμένων·
942 1069 952 1087 ι
979 1059 1028 1087 καὶ

237 1109 273 1135 τὰ
284 1108 366 1135 λοιπὰ
379 1107 426 1135 τοῦ
436 1108 546 1143 χωρίου.

276 1155 364 1191 ςΤιίνιε
385 1153 514 1190 ὡμοιώθη
540 1155 557 1189 ἡ
589 1152 715 1188 βασιλεία
741 1153 796 1181 τῶν
821 1153 944 1189 οὐρανῶν
961 1153 1028 1182 δέκα

239 1200 393 1236 παρθένοις,
419 1200 523 1231 αἵτινες
549 1199 681 1226 λαϐοῦσαι
704 1199 753 1231 τὰς
766 1199 909 1234 λαμπάδας
926 1199 1026 1232 αὐτῶν,

239 1246 350 1282 ἐξῆλθον
373 1246 412 1276 είς
421 1245 573 1280 ἀπάντησιν
588 1244 634 1271 τοῦ
655 1244 783 1280 νυμφίου,
804 1254 814 1271 ι
827 1245 917 1271 καὶτὰ
929 1244 1023 1272 λοιπά.

278 1301 287 1318 ι
312 1292 424 1327 ἸΕλεγεν
440 1293 454 1319 ὁ
465 1291 566 1327 Κύριος
578 1300 586 1307 ·
609 1291 703 1322 Οὕτως
722 1292 796 1318 ἐστὶν
812 1292 829 1327 ἡ
845 1291 968 1326 βασιλεία
980 1290 1027 1317 τοῦ

239 1339 318 1373 Θεοῦ,
330 1339 367 1371 ὡς
382 1339 429 1366 ἐὰν
455 1338 599 1374 ἄνθρωπος
614 1337 684 1374 βάλῃ
711 1337 756 1364 τὸν
788 1337 887 1373 σπόρον
909 1337 955 1364 ἐπὶ
978 1338 1028 1372 τῆς

239 1385 300 1420 γῆς,
320 1385 367 1412 καὶ
391 1384 519 1421 καθεύδῃ,
547 1385 595 1411 καὶ
621 1384 761 1420 ἐγείρηται
787 1383 873 1411 νύκτα
898 1384 945 1410 καὶ
961 1383 1029 1419 ἡμέ-

241 1439 300 1467 ραν,
312 1431 359 1458 καὶ
373 1431 386 1458 ὁ
401 1431 501 1466 σπόρος
517 1430 654 1466 βλαστάνῃ
667 1451 674 1463 ,
694 1430 741 1456 καὶ
759 1429 914 1465 μηκύνηται
926 1429 963 1461 ὼς
978 1428 1028 1455 οὐκ

239 1475 308 1503 οἶδεν
322 1476 411 1507 αὑτός.
424 1476 570 1511 Λύτομάτη
596 1476 650 1510 γὰρ
667 1476 683 1510 ἡ
699 1475 735 1510 γῆ
751 1475 933 1509 καρποφορεῖ,
949 1473 1027 1508 πρῶ-

239 1530 285 1548 τον
297 1521 403 1556 χόρτον,
418 1519 477 1547 εἶτα
506 1520 636 1555 ἄσταχυν,
662 1519 722 1547 εἶτα
749 1520 841 1555 πλήρη
862 1520 935 1545 σῖτον
947 1519 975 1546 ὲν
988 1518 1027 1554 τῷ

241 1567 347 1601 στάχυϊ,
361 1566 446 1592 Ὅταν
457 1566 485 1592 δὲ
503 1565 617 1601 παραδῴ
626 1567 639 1592 ὁ
650 1565 766 1600 καρπὸς,
784 1565 885 1597 εὐθέως
896 1565 1027 1592 ἀποστέλ-

240 1612 466 1647 λειτδδρέπανον,
478 1611 701 1647 ὄτιπαρέστηκεν
721 1612 735 1637 ὸ
752 1611 892 1646 θερισμός.
912 1610 1025 1645 Ἔλεγε·

241 1658 299 1685 Τίνι
319 1657 446 1693 ὁμοιώσω
473 1657 522 1691 τὴν
545 1656 684 1691 βασιλείαν
714 1655 761 1682 τοῦ
775 1656 860 1688 Θεοῦ;
879 1655 896 1690 ἢ
917 1656 947 1682 ὲν
962 1655 1027 1690 ποίᾳ

241 1706 382 1741 παραϐολῇ
419 1705 630 1740 παραϐάλλομεν
663 1705 766 1739 αὑτήν;
795 1704 839 1735 Ὡς
871 1703 962 1738 κόκκῳ
987 1711 1029 1729 σι-

241 1752 394 1783 νάπεως,δς
412 1752 477 1779 ὅταν
493 1752 583 1786 σπαρῇ
600 1750 703 1785 ὲπὶτῆς
714 1750 774 1786 γῆς,
784 1749 945 1785 μικρότερον
963 1749 1029 1776 πάν-

241 1807 295 1824 των
309 1797 363 1824 τῶν
375 1797 540 1833 σπερμάτων
549 1798 602 1824 τῶν
620 1797 665 1823 ἐπὶ
678 1798 728 1832 τῆς
743 1797 795 1831 γῆς
817 1797 886 1828 ἐστι,
906 1795 954 1822 καὶ
965 1796 1028 1822 ὅταν

243 1844 346 1878 σπαρῇ,
360 1843 500 1870 ἀναϐαίνει
527 1843 635 1869 πάντων
645 1842 699 1868 τῶν
717 1841 842 1876 λαχάνων
858 1841 969 1876 μείζων,
982 1841 1029 1868 καὶ

242 1891 314 1917 ποιεῖ
338 1889 452 1920 κλάδους
478 1889 624 1924 μεγάλους,
649 1888 720 1915 ὥστε
748 1887 879 1914 δύνασθαι
902 1887 955 1913 ὐπδ
979 1887 1028 1923 τὴν

243 1935 323 1963 σκιὰν
335 1935 417 1962 αὐτοῦ
430 1935 464 1961 τὰ
480 1934 591 1961 πετεινὰ
605 1934 651 1961 τοῦ
666 1932 782 1968 οὐρανοῦ
794 1931 993 1967 κατασκηνοῠν.
1016 1941 1025 1957 ι

258 2011 262 2014 _
280 1990 289 2006 t
304 1980 353 2006 Διὰ
366 1979 471 2006 πολλῶν
487 1978 602 2014 θλίψεων
617 1979 656 2005 δεῖ
681 1979 755 2013 ἡμᾶς
767 1977 900 2004 εἰσελθεῖν
923 1977 963 2009 εἰς
975 1976 1026 2012 τὴν

243 2025 383 2060 βασιλείαν
396 2024 443 2051 τοῦ
459 2024 538 2051 Θεοῦ.
564 2034 573 2050 ι

280 2081 289 2097 ι
309 2072 365 2098 Οὐκ
387 2070 459 2097 ἐστιν
484 2071 502 2105 ἡ
531 2069 653 2104 βασιλεία
687 2068 734 2094 τοῦ
756 2068 824 2094 Θεοῦ
850 2067 954 2103 βρῶσις
980 2067 1029 2094 καὶ

241 2117 319 2149 πόσις
336 2137 343 2150 ,
369 2116 436 2142 ἀλλὰ
459 2115 615 2149 δικαιοσύνη
643 2113 689 2140 καὶ
722 2113 795 2148 χαρὰ
828 2113 857 2138 ὲν
888 2111 1029 2146 Πνεύματι

240 2163 321 2197 ἁγίῳ.
341 2172 350 2188 ι

280 2218 289 2234 ι
307 2209 362 2235 Οὺκ
374 2207 402 2233 ὲν
412 2207 483 2242 λόγῳ
496 2206 513 2241 ἡ
527 2205 650 2241 βασιλεία
664 2206 711 2231 τοῦ
729 2203 808 2236 Θεοῦ,
823 2202 880 2230 ἀλλ’
896 2203 924 2229 ὲν
948 2201 1028 2229 δυνὰ-
1048 2217 1070 2245 D

245 2263 299 2290 μει.
317 2264 326 2280 ι

281 2311 290 2327 ι
303 2301 338 2327 Ἦ
351 2301 401 2327 οὐκ
413 2299 512 2331 οἴδατε,
523 2299 564 2334 ὃτι
579 2298 665 2326 ἄδικοι
681 2297 819 2332 βασιλείαν
834 2295 902 2322 Θεοῦ
919 2295 950 2322 οὐ
965 2286 1031 2330 κληξ

245 2349 442 2383 ρονομήσουσι,
456 2345 501 2381 Μὴ
514 2344 650 2371 πλανᾶσθε
662 2352 668 2358 ·
683 2343 745 2369 οὔτε
757 2343 862 2378 πόρνοι,
879 2341 940 2368 οὒτε
954 2342 1030 2368 εἰδω-

243 2394 381 2428 λολάτραι,
395 2392 456 2419 οὔτε
488 2391 589 2427 μοιχοὶ,
617 2389 679 2416 οὔτε
701 2389 829 2424 μαλακοὶ,
845 2387 906 2414 οὒτε
920 2387 1032 2422 ἀρσενο-

245 2441 341 2470 κοῖται,
358 2439 419 2465 οὗτε
430 2439 554 2473 λοίδοροι,
569 2437 600 2463 οὐ
613 2436 737 2471 μέθυσοι,
752 2435 802 2469 οὺχ
824 2434 961 2469 ἅρπαγες,
982 2433 1031 2468 βα-

246 2484 348 2511 σιλείαν
363 2484 430 2510 Θεοῦ
439 2484 686 2520 κληρονομήσουσι.
705 2493 713 2509 ι

290 2573 483 2608 Τελειούμενος
509 2573 662 2609 ἄνθρωπος,
684 2574 724 2606 εἰς
755 2573 805 2609 τὴν
828 2572 883 2599 τῶν
906 2570 1031 2606 ἀγγέλων

245 2621 323 2654 ἀξίαν
343 2619 484 2654 ἀνάγεται.

280 2667 332 2693 Τὸν
348 2665 451 2692 ἐκεῖθεν
464 2665 518 2691 τῶν
536 2665 721 2700 ἑορταζόντων
739 2663 817 2701 ἦχον.
834 2665 899 2692 ἔνθα
914 2665 1031 2700 εὐφραι-

246 2713 366 2748 νομένων
383 2712 491 2738 πὰντων
513 2712 529 2746 ἡ
556 2712 692 2743 κατοικία,
718 2712 767 2738 οὐκ
782 2711 847 2738 ἄλλο
864 2720 901 2742 τι,
922 2711 938 2746 ἢ
955 2711 1032 2737 τοῦτο

247 2757 315 2785 εἶναι
329 2757 442 2793 νομίζω,
457 2756 522 2783 Θεὸν
539 2756 709 2791 ὑμνούμενον
726 2765 756 2782 τε
780 2757 830 2782 καὶ
855 2755 1032 2791 δοξαζόμενον

245 2805 302 2836 τοῖς
321 2804 370 2838 τῆς
386 2804 475 2829 ἐκεῖσε
492 2801 627 2832 πολιτείας
645 2801 817 2836 ἠξιωμένοις.

1078 925 1137 959 ejus
1154 925 1180 952 in
1197 927 1514 964 vias,congregaverunt
1533 939 1631 960 omnes
1660 940 1729 967 quos
1760 933 1870 962 invene-

1077 975 1143 998 runt
1155 972 1243 1000 malos
1254 977 1281 1002 et
1295 973 1395 1007 bonos,
1414 979 1442 1003 et
1454 976 1573 1011 impletae
1600 984 1663 1006 sunt
1690 980 1793 1014 uuptim
1817 980 1871 1009 dis-

1078 1018 1270 1046 cumbentium
1287 1030 1294 1048 :
1313 1029 1322 1046 ι
1337 1025 1364 1048 et
1378 1021 1484 1056 reliqua
1497 1022 1580 1057 hujus
1599 1024 1663 1051 loci.

1114 1151 1212 1179 Matth.
1226 1160 1288 1184 xxv,
1304 1152 1329 1179 l.
1344 1167 1379 1174 -—
1391 1161 1400 1179 ι
1423 1152 1502 1181 Tunc
1526 1153 1618 1181 simile
1635 1154 1738 1182 factum
1762 1160 1803 1182 est
1823 1162 1870 1183 re-

1079 1206 1162 1233 gnum
1177 1199 1311 1227 cmlorum
1324 1199 1420 1227 decem
1436 1200 1600 1236 virginibus,
1615 1209 1675 1236 quae
1700 1201 1870 1237 accipientes

1081 1244 1220 1278 lampades
1231 1251 1305 1275 suas,
1317 1244 1443 1272 exierunt
1459 1244 1566 1272 obviam
1583 1252 1699 1280 sponso,
1721 1254 1730 1270 ι
1743 1252 1796 1273 etc.

1118 1288 1203 1317 Marc.
1227 1297 1264 1321 tv,
1281 1289 1336 1316 26-
1359 1289 1403 1316 52.
1416 1304 1452 1309 -
1472 1299 1482 1315 ι
1500 1289 1614 1318 Dicebat
1644 1290 1778 1318 Domintts
1803 1300 1809 1318 :
1826 1290 1871 1318 Sic

1080 1338 1245 1371 estregnum
1260 1335 1405 1368 ctelorum,
1420 1336 1649 1370 quemadmodum
1661 1337 1683 1364 si
1697 1337 1872 1372 homojaciat

1080 1385 1233 1408 sementem
1252 1380 1278 1408 in
1307 1385 1420 1414 terram,
1434 1385 1463 1409 et
1489 1380 1618 1414 dormiat,
1635 1385 1662 1409 et
1678 1386 1806 1417 exsurgat
1823 1389 1872 1408 no-

1079 1433 1124 1454 cte
1139 1431 1166 1455 et
1181 1427 1240 1460 die,
1257 1432 1285 1454 ct
1311 1435 1406 1455 semen
1430 1427 1578 1463 germinet,
1599 1432 1626 1455 et
1648 1427 1785 1455 increscat
1808 1428 1870 1455 dum

1081 1474 1171 1501 nescit
1190 1473 1244 1501 ille.
1260 1473 1340 1501 Ultro
1355 1474 1427 1501 enim
1462 1478 1536 1501 terra
1570 1474 1728 1505 l'ructilicat.
1751 1473 1871 1508 pritnttm

1079 1519 1205 1552 herbam,
1221 1519 1321 1547 deinde
1333 1519 1449 1553 spicam,
1463 1519 1563 1547 deinde
1577 1518 1658 1554 383
1684 1519 1795 1554 plenum
1811 1518 1872 1545 fru-

1081 1569 1203 1593 mentum
1216 1565 1244 1591 in
1254 1565 1340 1599 spica.
1354 1564 1385 1591 Et
1407 1573 1468 1593 cum
1477 1572 1509 1592 ex
1519 1572 1550 1592 se
1567 1565 1727 1600 produxerit
1739 1564 1869 1595 fructum.

1081 1611 1173 1640 statim
1195 1611 1277 1638 mittit
1293 1610 1401 1643 falcem,
1414 1610 1542 1645 quoniam
1576 1611 1653 1637 adest
1681 1610 1788 1638 messis.
1817 1611 1866 1638 Cui

1082 1656 1240 1686 assimilabo
1256 1663 1372 1691 regnum
1387 1655 1453 1683 Dei?
1470 1655 1537 1683 etin
1551 1663 1604 1690 qua
1633 1655 1764 1690 parabola
1795 1662 1870 1683 com-

1082 1711 1211 1738 paramus
1225 1702 1314 1730 illud?
1339 1702 1416 1729 Sicut
1445 1709 1532 1736 grano
1563 1701 1679 1736 sinapis,
1705 1701 1780 1736 quod
1809 1709 1870 1729 cum

1082 1749 1246 1776 seminatum
1264 1747 1346 1775 fuerit
1367 1747 1393 1774 in
1409 1751 1491 1778 terra,
1510 1747 1600 1774 minus
1617 1751 1659 1774 est
1685 1746 1813 1774 omnibus
1829 1754 1872 1774 se-

1073 1794 1213 1824 minibus,
1248 1802 1310 1829 qua}
1335 1798 1400 1822 sttnt
1417 1793 1443 1820 in
1462 1797 1532 1820 lerra
1548 1801 1555 1825 ;
1569 1796 1596 1819 et
1607 1799 1670 1819 eum
1706 1792 1870 1820 seminatutn

1082 1840 1174 1873 fuerit,
1193 1840 1318 1868 ascendit
1332 1839 1462 1867 omnibus
1487 1839 1610 1866 oleribus
1645 1837 1745 1872 majus,
1760 1842 1788 1864 et
1803 1837 1870 1864 facit

1081 1893 1173 1914 ramos
1189 1893 1318 1921 magnos,
1334 1889 1363 1912 ut
1378 1885 1485 1919 possint
1500 1883 1552 1911 sub
1581 1883 1677 1910 umbra
1697 1882 1758 1917 ejus
1788 1883 1869 1909 volu-

1082 1939 1143 1959 cres
1163 1931 1224 1959 coeli
1238 1931 1375 1959 habitare.
1388 1939 1397 1955 ι

1117 1978 1177 2004 Act.
1195 1985 1251 2009 xw,
1265 1977 1311 2003 2i.
1323 1991 1358 1996 —
1374 1986 1382 2001 ι
1400 1975 1452 2002 Per
1465 1976 1566 2001 multas
1583 1974 1777 2001 Iribulationes
1789 1982 1872 2009 opor-

1083 2029 1120 2052 tet
1136 2031 1186 2051 nos
1202 2023 1306 2050 intrare
1322 2023 1349 2049 in
1368 2029 1482 2057 regnum
1499 2020 1557 2048 Dei.
1575 2030 1584 2046 ι

1121 2069 1197 2096 Rom.
1217 2076 1271 2099 xtv,
1290 2068 1333 2094 l7.
1351 2083 1384 2087 —
1402 2076 1410 2093 ι
1429 2065 1489 2093 Non
1504 2071 1546 2094 est
1563 2073 1676 2100 regnum
1699 2066 1746 2094 Dei
1767 2074 1830 2094 esca
1845 2071 1871 2094 t-t

1083 2118 1175 2149 pottts,
1194 2113 1242 2140 sed
1260 2111 1368 2147 justitia
1382 2116 1409 2139 ct
1429 2111 1559 2147 gaudium
1576 2111 1603 2138 in
1616 2110 1719 2146 Spiritu
1735 2115 1841 2139 saneto.
1860 2122 1869 2137 ι

1121 2198 1133 2224 1
1149 2198 1210 2225 Car.
1225 2204 1262 2230 tv,
1275 2196 1320 2223 ‘20.
1336 2210 1370 2214 —
1384 2206 1392 2221 ι
1414 2194 1473 2222 Νοη
1496 2193 1524 2221 in
1545 2200 1673 2222 sermone
1697 2196 1740 2221 est
1758 2200 1872 2228 regnum

1085 2244 1145 2277 Dei,
1161 2244 1207 2271 sed
1226 2243 1254 2270 in
1270 2244 1381 2269 virtute.
1401 2251 1410 2266 ι

1120 2290 1134 2317 1
1148 2289 1211 2318 Cor.
1229 2297 1267 2322 VI,
1283 2288 1310 2320 9,
1326 2288 1413 2315 10.-
1429 2297 1438 2313 ι
1451 2287 1492 2314 An
1508 2286 1636 2319 nescitis,
1650 2285 1714 2321 quia
1731 2286 1818 2320 iniqui
1830 2293 1873 2313 re-

1082 2345 1164 2374 gnum
1182 2336 1229 2364 Dei
1244 2343 1297 2363 nou
1316 2333 1517 2370 possidebunt?
1533 2332 1624 2360 Nolite
1638 2340 1733 2360 errare
1752 2340 1759 2358 :
1783 2339 1872 2366 neque

1083 2382 1236 2414 fornicarii,
1255 2388 1343 2416 neque
1357 2379 1439 2407 idolis
1455 2378 1621 2409 servientes.
1636 2385 1726 2412 neque
1740 2376 1869 2408 adulteri,

1083 2421 1172 2464 neque
1200 2428 1308 2459 molles,
1326 2434 1416 2461 neque
1441 2425 1628 2452 masculorum
1661 2423 1870 2455 concubitores,

1082 2483 1171 2510 neque
1187 2474 1325 2506 maledici,
1344 2480 1432 2507 neque
1446 2471 1560 2502 ebriosi,
1585 2477 1674 2505 neque
1694 2476 1808 2504 rapaces
1829 2476 1872 2496 re-

1082 2529 1166 2558 gnum
1186 2520 1231 2548 Dei
1250 2519 1437 2554 possidebunt.
1459 2528 1468 2543 ι

1121 2567 1228 2594 Basilii.
1243 2581 1277 2586 ——
1294 2564 1382 2592 llomo
1396 2572 1459 2592 cum
1475 2566 1697 2594 consummatur,
1713 2561 1746 2589 ad
1760 2561 1873 2597 angelo-

1085 2621 1145 2640 rum
1166 2612 1330 2647 dignitatctu
1353 2610 1491 2638 evehitur.

1119 2659 1149 2686 S.
1166 2659 1243 2694 (ἔνι-α.
1262 2657 1330 2685 Nuz.
1353 2662 1422 2684 orat.
1449 2658 1476 2684 in
1499 2655 1550 2684 SS.
1578 2655 1684 2682 Lumin.
1707 2668 1742 2674 —-
1768 2654 1872 2681 Senum

1085 2706 1160 2733 illum
1175 2705 1357 2740 epulantium,
1370 2704 1415 2730 ubi
1426 2703 1578 2730 laetantium
1592 2701 1728 2729 habitatio
1740 2705 1792 2732 est,
1804 2700 1873 2727 nihil

1085 2752 1161 2780 aliud
1178 2760 1238 2779 esse
1257 2752 1410 2783 existimo,
1441 2750 1493 2777 nisi
1512 2749 1559 2777 Dei
1573 2748 1759 2776 laudationem
1777 2746 1875 2782 prtcdi-

1085 2799 1286 2832 caliouemquc,
1299 2805 1359 2832 qua:
1371 2797 1448 2823 abiis
1458 2796 1625 2826 celebratur,
1638 2794 1683 2829 qui
1700 2794 1783 2822 vitam
1802 2791 1875 2819 illam

1085 2853 1165 2879 agerc
1184 2845 1259 2880 (ligni
1272 2844 1357 2871 habiti
1378 2847 1450 2869 sunt.
