2074 3115
210 139 279 172 1263

209 243 441 276 adtnodutnvaria
453 242 586 271 suntvita‘.
595 240 778 272 instituta,sic
790 238 883 266 multa:
892 245 1002 273 quoque

209 290 281 325 apud
295 289 379 317 Deum
391 289 547 316 mansiones
560 291 641 315 sunt:
656 292 715 321 qua:
729 284 839 321 quidem
854 283 1003 318 unicuique

209 335 364 370 promerito
376 333 591 361 distribuuntur.
602 331 758 367 Acqnidcm
773 330 844 357 alius
859 329 931 356 hanc
947 329 1003 357 vir-

209 386 305 414 tutem,
321 381 392 408 alius
416 380 501 413 illam,
516 380 608 415 plures
620 377 703 410 alius,
721 376 794 404 alius
810 376 928 411 denique
940 383 1001 403 om-

210 435 268 460 nes,
299 425 322 454 si
341 426 400 454 ﬁeri
426 426 541 461 possit:
563 428 670 451 tantum
693 421 839 458 procedat,
866 425 893 449 et
918 428 1002 456 porro

208 471 334 507 progredi
351 470 474 503 studeat,
491 473 518 497 et
534 468 637 504 optime
652 469 833 502 prateuntem,
848 470 877 492 ιιι
891 472 937 500 per
954 472 1003 491 an~

208 521 315 552 gustatu
332 516 403 544 viam
421 519 448 543 et
468 518 586 550 portam,
608 512 643 540 ad
668 511 850 540 beatitudinis
865 510 943 538 illius
959 509 1003 537 fu-

208 567 276 590 turae
290 561 462 589 latitudinem
478 565 553 589 recta
570 558 718 586 ducentem
748 559 895 592 sequatur.

243 607 339 642 Ejusd.
368 611 437 634 orat.
452 607 480 633 in
505 605 573 633 (ἕως.
596 604 675 639 fratr.
693 601 804 630 —Una
828 609 871 629 me
895 604 1004 636 oportet

208 653 321 689 sepeliri
341 660 403 680 cum
419 651 540 683 Christo,
559 657 612 678 una
626 657 690 677 cum
710 648 1002 682 Christoresurgere,

207 707 261 726 una
280 707 341 726 cum
357 698 469 725 Christo
482 696 621 723 haeredem
637 702 699 723 esse
713 714 720 728 ,
744 693 830 722 ﬁlium
853 692 903 721 Dei
920 692 1000 725 eﬂici,

211 746 267 772 imo
281 745 362 772 deum
374 744 478 779 ipsum.

243 789 368 825 Nyssem'.
386 804 419 810 —
439 787 556 816 Virtutis
583 787 726 823 praemium
755 786 808 814 hoc
828 789 892 818 est,
920 785 1002 813 deum

209 836 278 868 ﬁeri,
298 839 327 862 ct
347 834 500 870 purissimo
515 833 620 861 lumine
637 832 809 860 collustrari.
828 845 863 852 —
880 830 960 860 Certa
976 834 1003 858 et.

803 138 833 169 S.
850 137 1011 168 JOANNIS
1025 138 1244 168 DAMASCENI
1268 143 1273 145 ‘

245 200 275 227 S.
289 199 401 234 Gregor.
423 198 569 229 Nazianz.,
584 196 621 223 De
633 203 722 222 amore
732 202 840 229 pauper.
856 209 890 213 —
901 193 1004 226 Qucm-
1019 200 1041 228 Α

1774 140 1843 172 1264

1091 195 1199 230 Ὥσπερ
1213 193 1337 230 διάφοροι
1354 194 1418 229 βίων
1432 195 1564 230 αἱρέσεις,
1588 195 1675 228 οὕτως
1698 198 1745 224 καὶ
1763 195 1844 231 μοναὶ

1056 239 1134 267 ἄλλαι
1153 239 1230 275 παρὰ
1244 239 1282 275 τῷ
1295 239 1356 275 Θεῷ
1372 240 1442 267 κατὰ
1457 240 1505 276 τὴν
1520 240 1599 272 ἀξίαν
1613 241 1721 276 ἑκάστῳ
1734 241 1844 277 μεριζό-

1058 295 1146 321 μεναι.
1163 287 1219 313 Καὶ
1235 287 1248 314 ὁ
1267 286 1317 321 μὲν
1331 286 1410 322 τήνδε
1426 287 1598 322 κατορθούτω
1612 286 1720 323 ἀρετὴν,
1734 289 1748 314 ὸ
1757 288 1785 314 δὲ
1795 278 1849 320 τὰς’

1056 332 1176 365 ἁπάσας,
1193 333 1217 359 εἱ
1234 330 1290 360 οἷόν
1304 341 1333 359 τε
1343 341 1351 348 ·
1365 333 1446 369 μόνον
1457 333 1585 367 ὁδευέτω,
1604 334 1651 359 καὶ
1668 333 1787 368 sertae...
1796 334 1843 361 τοῦ

1056 378 1162 413 πρόσω,
1177 377 1306 405 καὶκατὰ
1319 378 1403 410 πόδας
1419 379 1528 406 ἑπέσθω
1541 379 1580 414 τῷ
1595 379 1687 411 καλῶς
1702 379 1842 415 ὁδηγοῦντι

1056 425 1102 452 καὶ
1132 425 1343 458 κατευθύνοντι,
1375 426 1424 452 καὶ
1448 425 1494 452 διὰ
1526 426 1576 462 τῆς
1598 428 1694 463 στενῆς
1716 426 1778 454 ὁδοῦ
1797 428 1845 455 καὶ

1057 471 1144 506 πύλης
1159 471 1207 498 ἐπὶ
1232 471 1262 498 τὸ
1288 471 1388 504 πλάτος
1409 471 1502 506 ἄγοντι
1521 472 1570 507 τῆς
1587 472 1691 500 ἐκεῖθεν
1712 473 1844 509 μακαριό-

1055 525 1147 552 τητος.

1092 608 1202 644 Χριστῷ
1222 607 1391 643 συνταφῆναί
1407 617 1441 643 με
1468 607 1519 640 δεῖ,
1537 608 1649 644 Χριστῷ
1666 610 1842 645 συναστῆναι,

1057 654 1313 689 συγκληρονομῆσαι
1330 653 1452 689 Χριστῷ,
1472 654 1530 680 υίὸν
1546 654 1673 689 γενέσθαι
1685 655 1764 688 Θεοῦ,
1777 655 1837 683 θεὸν

1056 700 1137 727 αὐτόν
1143 721 1152 730 .
1829 708 1834 713 “

1091 788 1192 818 ’Δθλον
1207 791 1318 826 ἀρετῆς,
1345 791 1406 818 θεὸν
1434 791 1572 826 γενέσθαι,
1598 791 1645 818 καὶ
1660 791 1700 826 τῷ
1717 792 1843 828 καθαρω-

1057 838 1132 874 τάτῳ
1160 839 1230 873 φωτὶ
1264 838 1532 873 καταστράπτεσθαι.
1560 853 1594 859 -—
1623 838 1660 865 Τὸ
1672 839 1769 865 πιστὸν
1795 840 1842 866 καὶ

209 882 362 909 indubitata
377 880 477 908 futurae
493 879 590 915 gratiae
615 886 679 914 spes
696 877 829 912 majorem
846 877 875 904 in
888 876 998 903 modum

1054 883 1237 918 ἁναμφίϐολον
1253 883 1304 918 τῆς
1329 883 1511 919 ἐλπιζομένης
1537 883 1648 919 χάριτος
1663 904 1670 916 ,
1689 884 1842 916 ἀπόλαυσις

207 935 255 955 eos
271 927 401 959 oblectat,
418 925 465 960 qui
483 931 544 952 eam
562 931 611 959 per
624 923 788 959 patientiam
808 925 982 957 exspectant.

243 982 338 1017 Ejusd.
355 982 427 1009 hom.
439 986 497 1008 octo
510 981 537 1008 in
550 979 809 1015 Beatilud.—Regni
825 979 943 1014 dignitas
956 987 1002 1008 sn-

208 1030 344 1063 periorem
358 1036 387 1056 se
403 1027 576 1064 tyrannidem
603 1034 657 1054 non
676 1026 768 1053 habet.
789 1041 824 1046 -—-
847 1025 1002 1053 Tribnlatio

209 1074 260 1101 llos
274 1078 315 1101 est
332 1073 468 1101 bonorum
484 1080 544 1108 quae
558 1071 766 1107 praestolamur.
787 1070 895 1098 Florcm
918 1071 1002 1106 igitur

209 1123 320 1155 propter
337 1119 458 1147 fructum
469 1119 651 1154 decerpamus
659 1141 668 1150 ,

244 1187 329 1215 Clem.
355 1187 432 1214 Alex.
459 1186 525 1219 Quis
545 1186 614 1212 dives
634 1184 701 1212 salu.
714 1183 730 1222 §
743 1183 791 1211 21.
807 1198 842 1204 —-
865 1181 923 1210 Non
939 1182 1001 1209 dor-

209 1234 355 1262 mientium
373 1241 423 1261 nec
439 1233 599 1268 ignavorum
614 1235 656 1260 est
672 1236 791 1266 regnum
806 1228 865 1262 Dei,
883 1229 931 1256 sed
947 1228 1002 1255 vio-

210 1279 275 1306 lenti
287 1279 399 1313 rapiunt
414 1278 491 1305 illud.
505 1277 561 1305 Hoc
574 1276 647 1304 enim
660 1276 751 1305 solum
764 1271 902 1303 violentiae
913 1281 1001 1309 genus

210 1324 359 1351 honestum
375 1327 403 1351 et
419 1323 583 1358 pra‘clarum
595 1326 649 1353 est,
666 1321 722 1348 Deo
735 1321 792 1348 vim
810 1319 928 1351 inferre.
945 1324 972 1346 et
986 1325 1001 1346 a

206 1368 265 1396 Deo
279 1369 363 1395 vitam
387 1372 562 1402 extorquere.
588 1366 637 1394 ille
650 1370 754 1397 autem,
781 1372 845 1392 cum
872 1364 1002 1400 cognitos

206 1414 271 1442 illos
291 1414 402 1447 habeat,
416 1413 462 1449 qui
477 1413 605 1444 ﬁrmiter,
622 1411 676 1438 imo
694 1411 831 1439 violenter
848 1409 1000 1445 stringunt,

204 1460 342 1487 concedet
369 1464 396 1487 et
421 1459 498 1487 dabit
519 1466 628 1487 manus.
646 1457 718 1486 Deus
739 1457 813 1485 enim
829 1457 931 1493 gaudet
948 1456 1002 1484 hoc

211 1505 293 1533 modo
305 1504 443 1540 superari.

1053 932 1110 962 τοῖς
1121 931 1155 958 δι’
1166 931 1306 967 ὑπομονῆς
1322 930 1553 966 ἀπεκδεχομένοις
1570 931 1688 965 γίνεται.

1094 986 1127 1013 Ἦ
1157 986 1209 1022 τῆς
1238 986 1377 1022 βασιλείας
1410 986 1483 1019 ἀξία,
1512 987 1714 1023 ὑπερκειμένην
1742 987 1841 1023 ἑαυτῆς

1052 1033 1198 1068 τυραννίδα
1208 1033 1259 1060 οὐκ
1273 1033 1341 1068 ἔχει.
1357 1047 1393 1053 -
1409 1032 1470 1060 Τῶν
1480 1033 1717 1069 προσδοκωμένων
1731 1033 1841 1068 ἀγαθῶν

1052 1079 1072 1159 Ξ
1083 1079 1174 1151 θλίιίὲις
1187 1078 1268 1112 ἄνθος
1283 1079 1368 1107 ἐστίν.
1385 1079 1436 1107 Διὰ
1451 1079 1497 1107 τὸν
1518 1080 1625 1116 καρπὸν
1638 1080 1669 1107 τδ
1683 1080 1763 1113 ἄνθος
1778 1081 1840 1116 δρε-

1073 1133 1132 1160 ωμε
1152 1133 1179 1152 α.
1827 1138 1830 1139 ν

1089 1190 1126 1217 Οὐ
1139 1189 1193 1217 τῶν
1207 1190 1393 1219 καθευδόντων
1411 1192 1459 1219 καὶ
1480 1192 1668 1228 βλακευόντων
1678 1194 1696 1229 ἠ
1717 1193 1841 1229 βασιλεία

1053 1234 1100 1262 τοῦ
1117 1235 1197 1268 Θεοῦ,
1210 1235 1269 1263 ἀλλ’
1282 1236 1307 1262 oi
1323 1235 1434 1272 βιασταὶ
1461 1237 1631 1273 ἁρπάζουσιν
1648 1238 1744 1274 αὑτήν.
1766 1239 1840 1275 Δῦτη

1053 1281 1107 1317 γὰρ
1119 1281 1187 1317 μόνη
1202 1281 1248 1317 βία
1264 1282 1344 1318 καλὴ,
1358 1281 1426 1309 Θεὸν
1448 1282 1606 1318 βιάσασθαι,
1624 1285 1671 1311 καὶ
1687 1285 1762 1320 παρὰ
1773 1285 1840 1312 Θεοῦ

1053 1326 1126 1362 ζωὴν
1140 1327 1273 1362 ἁρπάσαι.
1293 1327 1323 1354 '0
1336 1327 1364 1354 δὲ
1380 1329 1462 1361 γνοὺς
1475 1330 1539 1361 τοὺς
1556 1329 1683 1365 βεϐαίως,
1701 1329 1800 1366 μᾶλλον
1813 1329 1840 1357 δὲ

1053 1371 1148 1408 βιαίως
1168 1372 1379 1409 ἀντεχομένους,
1402 1373 1575 1410 συνεχώρησε
1598 1375 1644 1401 καὶ
1660 1373 1728 1408 εἶξε.
1744 1375 1839 1411 Χαίρει

1052 1418 1107 1454 γὰρ
1118 1419 1131 1445 ὀ
1143 1418 1209 1450 Θεὸς
1219 1419 1254 1445 τὰ
1267 1417 1380 1445 τοιαῦτα
1395 1419 1563 1455 ἡττώμενος.

246 1550 343 1586 Ejusd.
359 1558 392 1578 ex
402 1551 479 1586 epist.
494 1550 539 1576 2i.
553 1565 588 1570 ——
605 1549 728 1584 Regnum
745 1548 814 1576 illud
832 1548 1000 1584 incorrupti-

1087 1550 1144 1577 Οὐκ
1162 1550 1219 1586 ἔχει
1242 1550 1392 1587 ἐπιθυμίαν
1409 1555 1423 1576 1
1437 1552 1454 1587 ἡ
1469 1551 1607 1588 ἄφθαρτος
1625 1551 1760 1587 βασιλεία,
1773 1553 1841 1581 ἀλλὰ

208 1597 265 1625 bile
282 1596 462 1631 cupiditatem
482 1603 536 1622 non
549 1594 641 1627 habet,
657 1593 705 1622 sed
718 1593 853 1621 bonorum
874 1593 999 1620 omnium

210 1642 394 1678 praesentiam.
416 1641 495 1669 Unde
520 1640 557 1668 ibi
584 1648 640 1667 non
658 1645 700 1668 est
714 1639 876 1674 cupiditatis
891 1638 972 1667 locus
991 1646 997 1664 :

208 1697 242 1717 ex
261 1688 375 1724 penuria
400 1687 501 1722 quippe
528 1684 611 1721 385.
638 1685 776 1720 cupiditas
800 1685 908 1717 oritur;
926 1685 1000 1720 quod

206 1741 276 1762 vero
287 1733 349 1768 quis
364 1732 493 1760 omnibus
514 1731 646 1767 potiatur,
662 1731 726 1758 hinc
750 1730 854 1763 oritur,
878 1735 908 1758 ut
931 1731 1000 1758 nihil

209 1779 400 1814 concupiscat.
415 1793 449 1797 ——
462 1777 586 1812 Regnum
607 1776 655 1804 Dei
681 1780 770 1803 status
783 1783 881 1804 eorum
902 1775 1000 1803 dicen-

209 1826 263 1852 dus
276 1829 329 1857 est,
344 1824 392 1860 qui
407 1824 491 1851 vitam
507 1827 589 1860 agant
606 1822 707 1850 divinis
724 1822 834 1858 legibus
852 1826 1001 1850 consenta-

209 1879 302 1899 neum.

209 1926 278 1954 Tl'i'.
292 1926 325 1955 ll.
345 1942 377 1948 -
393 1926 429 1954 De
445 1925 555 1953 consilio
575 1925 621 1952 Dei
644 1933 652 1951 :
681 1930 705 1952 et
730 1923 799 1960 quod
823 1933 868 1952 nec
887 1925 995 1957 mutari,

316 1961 557 1996 necvcampreltendi
569 1960 601 1987 ab
624 1960 773 1987 hominibus
790 1964 886 1993 potest.

247 2018 322 2046 Paul.
340 2026 426 2050 nm,
443 2017 487 2045 10.
504 2032 539 2038 —
556 2027 566 2044 ι
584 2017 715 2046 Dominus
736 2017 856 2052 dissipat
879 2017 996 2045 consilia

204 2064 351 2100 .gentium,
378 2063 505 2100 reprobat
542 2068 634 2091 autent
658 2063 843 2099 cogitationes
877 2062 994 2098 populo-

202 2117 282 2144 .rum,
298 2119 307 2135 ι
324 2114 381 2138 etc.

243 2156 317 2184 Ριαι.
332 2163 425 2189 vant,
437 2155 464 2183 5.
480 2170 514 2176 ——
533 2164 542 2181 ι
557 2154 701 2183 Terribilis
714 2154 743 2182 in
761 2153 887 2182 consiliis
910 2161 994 2189 super

202 2202 282 2229 illius
300 2201 453 2228 hominum.
470 2209 481 2225 ι

247 2247 327 2274 Prov.
342 2254 400 2278 xix,
413 2246 459 2272 21.
480 2260 515 2265 --
531 2255 540 2271 ι
562 2244 652 2272 Multae
662 2243 843 2278 cogitationes
863 2244 895 2272 in
916 2244 998 2272 corde
1012 2229 1038 2260 θ

211 2291 331 2320 hominis
347 2298 354 2317 :
371 2290 516 2318 consilium
537 2294 628 2318 autem
643 2288 691 2316 Dei
704 2293 796 2317 manet
809 2288 836 2316 in
852 2289 999 2324 sempiter-

208 2346 287 2366 num.
304 2347 314 2363 ι

245 2383 302 2411 Ira.
322 2391 379 2417 xlv,
391 2382 436 2410 28.
453 2397 487 2403 -—
501 2392 510 2409 ι
525 2380 591 2415 Quae
616 2381 688 2409 Deus
717 2385 832 2409 sanctus
859 2381 997 2414 decrevit,

209 2429 273 2464 quis
285 2428 441 2463 dissipabit,
453 2431 480 2455 et
491 2434 602 2454 manum
615 2426 676 2461 ejus
687 2425 833 2454 sublimem
843 2426 907 2461 quis
919 2432 998 2454 aver-

208 2475 271 2502 tat?
290 2484 300 2501 ι

243 2520 302 2548 Ισα.
321 2529 377 2553 xix,
394 2520 438 2553 15,
463 2519 507 2547 24.
524 2533 560 2539 -
580 2529 589 2544 ι
602 2517 671 2546 Haec
695 2517 764 2545 dicit
782 2517 916 2545 Dominus
945 2516 996 2545 Sa-

209 2567 291 2595 baoth
307 2575 314 2593 :
331 2565 566 2600 Quemadmodum
577 2564 644 2596 dixi,
666 2563 708 2591 sic
723 2564 797 2597 erit;
814 2566 842 2591 et
862 2562 1001 2598 quemad~

209 2613 320 2640 modum
344 2616 434 2639 mente
450 2611 576 2642 tractavi,
602 2609 643 2638 sic
676 2608 808 2636 manebit.
830 2617 839 2634 ›
856 2624 890 2630 -—
916 2617 924 2634 ι
944 2606 1000 2636 Ubi

209 2661 274 2684 sunt
289 2657 426 2692 sapientes
446 2656 544 2684 tuiiet
560 2655 727 2682 annuntient
745 2654 806 2687 tibi,
832 2654 898 2689 quid
925 2654 1000 2689 cogi-

205 2702 310 2729 taverit
321 2702 455 2730 Dominus
467 2701 600 2729 Sabaoth.
619 2709 629 2726 ›

245 2745 303 2773 lsa.
322 2755 367 2781 χι,
385 2747 429 2780 15,
445 2747 491 2776 ιιδ.
506 2756 559 2773 -‹
581 2745 650 2780 Quis
664 2746 795 2780 cognovit
811 2749 931 2774 mentem
945 2745 998 2773 Do-

1055 1596 1206 1632 παρουσίαν
1221 1598 1330 1624 πάντων
1363 1597 1419 1625 τῶν
1447 1597 1567 1632 ἀγαθῶν.
1586 1598 1668 1625 Ὅθεν
1692 1600 1742 1626 οὐκ
1767 1599 1841 1626 ἐστιν

1054 1643 1243 1678 ὲπιθυμῆσαι¹
1262 1645 1294 1671 ἐκ
1323 1644 1377 1679 γὰρ
1400 1644 1448 1672 τοῦ
1469 1645 1603 1681 ὑστερεῖν,
1639 1645 1671 1673 τὸ
1695 1645 1841 1682 ἐπιθυμεῖν

1054 1689 1144 1716 ἐστιν’
1163 1690 1195 1716 ἐκ
1213 1690 1242 1716 δὲ
1259 1689 1305 1716 τοῦ
1326 1690 1414 1718 πάντα
1425 1690 1508 1726 ἔχειν,
1524 1691 1554 1718 τὸ
1566 1691 1681 1727 μηδενὸς
1696 1692 1840 1728 ἐπιθυμεῖν

1054 1736 1123 1762 ἐστι.
1141 1750 1176 1755 —
1190 1736 1334 1763 Βασιλείαν
1359 1736 1427 1764 Θεοῦ
1457 1737 1577 1770 λεκτέον,
1599 1738 1648 1773 τὴν
1674 1740 1839 1767 κατάστασιν

1053 1781 1108 1808 τῶν
1121 1781 1193 1808 κατὰ
1207 1782 1271 1814 τοὺς
1287 1781 1376 1814 θείους
1388 1783 1488 1818 νόμους
1504 1783 1644 1819 βιούντων.

1055 1926 1147 1955 ΤῙΤΛ.
1168 1928 1205 1964 B’.
1215 1943 1248 1964 -έ
1260 1927 1328 1962 Περὶ
1337 1927 1459 1962 βουλῆς
1468 1928 1616 1964 Θεοῦ”καὶ
1626 1928 1670 1956 ὅτι
1683 1928 1838 1964 ἄτρεπτος,

1155 1963 1205 1990 καί
1228 1963 1390 1998 ἀνέφικτος
1413 1963 1580 1997 ἀνθρώποις
1598 1963 1736 1998 ὑπάρχει.

1092 2029 1101 2045 ι
1117 2019 1220 2055 Κύριος
1235 2018 1405 2051 διασκεδάζει
1422 2018 1521 2054 βουλὰς
1535 2019 1621 2047 ἐθνῶν
1636 2040 1644 2053 ,
1662 2020 1787 2048 ἀθετεῖδὲ
1796 2020 1839 2048 λο-

1053 2065 1170 2100 γισμοὺς
1185 2064 1267 2091 λαῶν.
1284 2073 1294 2090 ι

1090 2161 1099 2178 ι
1124 2152 1168 2184 Ὠς
1187 2152 1301 2187 φοϐερὸς
1330 2151 1359 2179 ὲν
1390 2152 1498 2188 βουλαῖς
1530 2153 1602 2189 ὑπὲρ
1619 2153 1684 2186 τοὺς
1705 2154 1779 2186 υἱοὺς
1794 2154 1839 2181 ἀν-

1053 2196 1181 2233 θρώπων.
1193 2207 1203 2223 ι

1088 2252 1097 2269 ι
1108 2243 1203 2269 Πολλοὶ
1210 2243 1335 2278 λογισμοὶ
1346 2244 1375 2270 ὲν
1391 2244 1491 2280 καρδίᾳ
1502 2245 1646 2281 ἀνθρώπου
1659 2254 1667 2262 ·
1685 2246 1703 2282 ὴ
1716 2245 1744 2273 δὲ
1755 2245 1839 2282 βουλὴ

1045 2287 1096 2315 -τοῦ
1115 2287 1183 2315 Θεοῦ
1197 2287 1322 2324 μένειείς
1338 2289 1385 2316 τὸν
1396 2289 1492 2317 αίῶνα.
1515 2299 1524 2315 ι

1087 2387 1096 2404 ι
1117 2378 1150 2404 "A
1173 2378 1187 2405 ὁ
1202 2377 1268 2410 Θεὸς
1292 2377 1369 2412 ἅγιος
1388 2377 1572 2413 βεϐούλευται,
1587 2378 1630 2411 τίς
1651 2372 1840 2414 διασκεδάσει;

1050 2424 1098 2451 καὶ
1107 2424 1156 2461 τὴν
1175 2424 1254 2460 χεῖρα
1273 2422 1322 2459 τὴν
1336 2423 1443 2459 ὖψηλὴν
1458 2423 1499 2456 τίς
1518 2424 1702 2461 ἀποστρέψεις
1715 2434 1724 2451 ι

1092 2522 1101 2538 ι
1119 2511 1188 2539 Τάδε
1199 2510 1273 2544 λέγει
1301 2508 1404 2544 Κύριος
1416 2509 1541 2543 Σαϐαὼθ,
1556 2509 1643 2544 λέγων
1653 2513 1662 2520 ·
1682 2510 1731 2537 ’ον
1739 2510 1841 2546 τρόπον

1053 2558 1162 2594 εἴρηκα,
1175 2556 1261 2588 οὕτως
1290 2555 1378 2588 ἔσται,
1407 2555 1454 2582 καὶ
1480 2555 1510 2582 ὃν
1526 2555 1627 2592 τρόπον
1646 2555 1840 2592 βεϐούλευμαι,

1053 2602 1139 2635 οὕτως
1167 2602 1252 2638 μενεῖ.
1266 2611 1275 2628 ι
1297 2615 1331 2620 ——
1346 2609 1355 2626 ι
1374 2599 1429 2627 Ποῦ
1467 2602 1537 2628 εἰσιν
1563 2601 1589 2628 oi
1609 2602 1686 2637 σοφοί
1704 2610 1771 2636 σου;
1795 2603 1840 2629 καὶ

1052 2648 1292 2684 ἀναγγειλάτωσάν
1325 2655 1366 2672 σοι
1381 2645 1395 2672 ὅ
1411 2654 1438 2672 τι
1455 2646 1629 2681 βεϐούλευται
1664 2648 1768 2684 Κύριος
1787 2648 1841 2675 Σα-

1053 2695 1139 2724 ϐαὼθ.
1154 2704 1163 2721 ι
1496 2692 1500 2695 ’

1093 2752 1102 2769 ι
1121 2742 1169 2775 Τίς
1181 2742 1251 2778 ἔγνω
1268 2742 1329 2770 νοῦν
1346 2743 1461 2778 Κυρίου,
1482 2743 1498 2778 ἢ
1520 2741 1563 2774 τίς
1579 2740 1732 2777 σύμϐουλος
1757 2739 1842 2768 αὑτοῦ

246 2844 261 2865 γ
276 2839 360 2875 Hujus
373 2843 514 2870 sententiae
529 2842 652 2870 auctoris
667 2849 766 2870 nomen
779 2843 882 2873 innullo
894 2841 990 2870 codice
1010 2841 1110 2876 reperi.
1129 2841 1176 2870 Est
1193 2842 1286 2871 forsan
1301 2841 1355 2870 Nili
1372 2841 1413 2870 vel
1429 2841 1598 2877 Serapionis.
