2074 3115
240 180 308 211 1265

852 172 972 204 SACRA
987 168 1219 201 PARALLELA.

1808 156 1877 187 12ὓὸ

238 235 358 268 ὲγένιτο,
381 233 412 266 ὃς
446 233 611 269 συμϐιδάσει
642 232 742 265 αὐτόνς
764 231 780 267 ἢ
802 230 870 267 πρὸς
894 228 955 255 τίνα
972 234 1036 252 συν-

1091 223 1156 251 mini
1171 243 1179 256 ,
1195 226 1243 250 aut
1258 221 1324 256 quis
1351 219 1531 249 consiliarius
1546 217 1606 254 ejus
1631 216 1693 248 fuit,
1709 212 1878 266 ul‘.ducueri't-

238 278 431 312 εΰουλεύσατο,
444 279 492 306 καὶ
518 278 697 307 συνεϐίϐασεν
708 278 809 310 αὒτόν;
833 275 901 307 Θεὸς
927 274 1037 305 αἰώνιος

238 326 253 351 ὁ
266 325 477 357 κατασκευάσας
495 325 529 352 τὰ
545 325 619 360 ἄκρα
633 325 683 360 τῆς
695 325 757 359 γῆς.
769 323 806 350 Οὐ
821 322 959 353 πεινάσει,
975 318 1037 347 οὐδὲ

239 370 367 398 κοπιάσει
379 390 387 403 ,
406 371 467 397 οὐδὲ
481 371 555 398 ἔστιν
577 370 715 406 ὲξεύρεσις
736 369 786 405 τῆς
814 366 972 403 φρονήσεως
987 365 1036 392 αὺ-

239 424 296 443 του.
318 425 328 442 ι

269 473 279 490 ι
308 463 380 499 Ἐγώ
409 465 469 501 ειμι
494 466 508 492 ὸ
534 466 612 500 Θεὸς,
637 465 686 493 καὶ
709 465 760 492 οὐκ
786 464 862 490 ἐστιν
876 462 954 493 ἄλλος
967 460 1037 496 πλὴν

242 509 321 546 ὲμοῦ.
335 510 416 537 Πᾶσα
442 511 460 545 ἡ
495 510 577 546 βουλή
599 519 651 546 μου
668 510 809 546 στήσεται.
825 508 873 535 καὶ
889 507 977 534 πάντα
987 506 1037 532 ὃσα

243 555 433 591 βεϐούλευμαι,
445 556 568 591 -ιιιοιήσω⁹
586 556 716 592 ἐλάλησα,
740 554 788 582 καὶ
803 554 908 589 ἠγαγον
918 560 925 567 ·
941 551 1036 578 ἐκτισα

243 600 290 626 καὶ
306 600 425 636 ἐποίησα
436 601 513 629 αὑτό,
533 609 544 627 ι

281 654 291 671 ι
314 645 351 672 Th
369 646 446 681 ῥῆμά
467 654 518 682 μου
534 646 548 673 ὃ
571 646 619 674 ἐὰν
643 645 740 683 ἐξέλθῃ
760 645 793 672 ὲκ
821 644 869 672 τοῦ
904 643 1036 679 στόματός

247 699 309 725 μου,
320 691 351 717 οὺ
367 691 406 727 μὴ
417 692 582 728 ἀποστραφῇ
609 692 678 728 πρός
696 700 730 727 με
747 691 836 724 κενὸν,
852 691 904 722 ἕως
921 690 955 717 ἂν
973 697 1036 716 συν-

245 735 344 771 τελέσῃ
359 736 450 763 πάντα
460 736 511 763 ὅσα
522 736 654 772 ἠθέλησα.
672 746 681 762 ι

282 789 291 806 ι
309 781 358 812 Τίς
369 781 476 816 ἀνδρῶν
491 783 628 816 γνώσεται
645 781 742 817 βουλὴν
757 780 845 814 Θεοῢς
868 780 885 816 ἢ
900 780 942 812 τίς
962 778 1037 806 ἐνθυ-

248 824 402 859 μηθήσεται
419 825 445 852 τί
463 825 535 853 θέλει
549 827 564 853 ὸ
576 826 699 862 Κύριος;
718 826 847 861 λογισμοὶ
858 826 912 862 γὰρ
933 825 1038 861 θνητῶν

246 869 339 902 δειλοὶ,
357 872 404 897 καὶ
416 871 578 906 ἐπισφαλεῖς
597 873 626 899 αἱ
639 872 757 899 ὲπίνοιαι
769 871 869 899 αὐτῶν.
886 871 972 903 Μόλις
983 871 1037 906 γὰρ

247 915 393 951 εἰκάζομεν
407 917 442 944 τὰ
465 917 513 944 ἐπὶ
528 918 578 953 τῆς
602 918 666 953 γῆς,
677 919 724 945 καὶ
741 918 775 944 τὰ
792 918 821 944 ὲν
843 917 937 953 χερσὶν
961 916 1038 952 εὑρί-

249 968 351 996 σκομεν
367 961 437 996 μετὰ
454 962 538 989 πόνου
548 970 555 978 ·
572 963 607 990 τὰ
629 963 659 990 δὲ
675 964 704 990 ἐν
719 963 846 999 οὐρανοῖς
861 963 903 994 τίς
919 961 1037 998 ὲξιχνία-

254 1014 321 1040 σεν;
336 1007 434 1043 βουλὴν
446 1009 475 1035 δέ
490 1017 537 1035 σου
550 1009 593 1041 τίς
608 1009 696 1044 ἔγνω;
720 1019 729 1036 ι

283 1137 370 1165 Ὅπου
396 1138 463 1172 Θεὸς
496 1140 631 1181 βούλεται,
647 1142 756 1169 νικᾶται
775 1143 883 1178 φύσεως
904 1143 991 1175 τάξις.
1006 1143 1038 1169 Εἰ

248 1181 386 1218 ἡσουλήθη
398 1183 464 1218 γὰρ,
478 1184 607 1221 ἠδυνήθη.

248 1247 446 1290 TIIA._l"’._-——
457 1251 527 1290 llfpl
547 1253 693 1290 ,βοηθείας
708 1255 808 1290 νΘεοῦσ
837 1256 886 1282 καὶ
911 1256 955 1282 ὅτι
983 1257 1038 1284 τοῦ

283 1284 358 1325 ϐορᾷ
364 1284 564 1325 ςζιδοκοῦὴτρς
574 1284 720 1323 ἐάιόουῖλὴ
733 1290 897 1324 ἀνθρώπων
904 1291 1036 1325 ἀσθενεῖ,

281 1319 330 1345 καί
341 1319 438 1355 ὀλίγοι
450 1319 576 1349 πολλῶν
594 1319 753 1357 κρατοῦᾶγι.

286 1382 295 1398 ι
314 1373 415 1402 Καθότι
441 1376 540 1409 αὐτοὺς
566 1378 736 1414 ἐταπείνουν,
758 1380 868 1414 πλείους
886 1381 1037 1418 ἐγίγνοντο,

251 1418 297 1445 καὶ
311 1418 405 1455 ἴσχυον
419 1421 533 1457 σφόδρα.
548 1432 557 1448 ι

287 1517 296 1533 ι
313 1508 380 1536 Εἶπε
392 1509 495 1546 Κύριος
518 1512 587 1546 πρὸς
602 1513 724 1549 Μωῡσῆν
734 1522 740 1530 ·
763 1513 839 1542 Εἶδον
855 1516 905 1551 τὴν
918 1517 1039 1545 κάκωσιν

1088 269 1179 297 eum?
1202 271 1251 296 aut
1277 267 1361 303 cujus
1385 266 1492 301 accepit
1519 263 1678 295 consilium,
1704 257 1883 289 ctinstruxis

1090 314 1168 341 illum
1180 313 1192 341 ἳ
1205 312 1277 341 Deus
1295 317 1425 344 mternus,
1437 311 1484 346 qui
1506 309 1612 338 creavit
1632 305 1767 334 terminOs
1786 308 1876 331 terrae.

1087 359 1146 387 Non
1161 359 1277 391 esuriet,
1304 366 1355 386 nec
1375 356 1520 388 laborabit,
1546 362 1596 382 nec
1613 357 1656 382 est
1672 350 1795 379 inventio
1811 357 1878 384 pru-

1087 405 1187 433 dentia:
1203 404 1274 440 ejus.
1288 412 1298 430 ι
1508 422 1510 424 -

1126 450 1184 479 ha.
1200 458 1274 483 mv,
1288 451 1316 483 9,
1332 449 1376 477 ’lO.
1392 462 1428 470 -—
1445 457 1455 474 ‹
1478 447 1534 483 Ego
1550 453 1611 474 sum
1626 445 1709 477 Deus,
1724 448 1816 471 etnon
1833 446 1877 470 est

1089 498 1160 525 ultra
1177 501 1276 532 praeter
1298 503 1352 524 me.
1377 494 1474 523 Omnis
1499 494 1627 522 voluntas
1649 498 1708 518 mea
1736 489 1831 521 stabit,
1848 492 1877 515 ct

1088 548 1191 573 cuncta
1206 551 1268 579 quae
1283 542 1414 578 cogitavi,
1434 541 1543 569 faciam.
1557 540 1680 568 Locutus
1693 544 1764 570 sum,
1786 539 1813 563 et
1829 534 1875 562 ad-

1088 590 1169 624 duxi;
1184 589 1289 622 creavi,
1307 593 1335 617 et
1349 588 1412 617 feci.
1436 598 1446 615 ι

1123 636 1182 663 Isa.
1199 643 1244 668 Lv,
1266 636 1310 662 Η.
1326 650 1361 655 -
1375 644 1384 660 ι
1405 634 1525 662 Verbum
1541 640 1631 661 meum
1644 630 1718 666 quod
1733 628 1830 658 exierit
1846 628 1880 655 de

1089 687 1138 708 ore
1149 688 1221 712 meo,
1233 687 1288 708 non
1303 683 1457 707 revertetur
1466 678 1500 706 ad
1513 686 1555 706 me
1567 684 1696 706 vacuum.
1705 675 1793 703 donec
1806 681 1880 702 COIII-

1090 727 1198 762 placeat
1208 733 1342 762 quaecunq
1349 733 1383 753 ue
1404 724 1491 752 volui.
1510 732 1520 749 ι

1124 771 1189 807 δίῳ.
1207 779 1245 805 rx,
1263 771 1307 804 15,
1322 771 1365 798 '17.
1382 785 1412 791 -‹
1433 780 1442 797 ι
1465 770 1533 804 Quis
1552 769 1695 796 hominum
1717 765 1817 802 poterit
1833 772 1879 792 eo.

1088 823 1222 852 gnoscere
1242 816 1390 844 consilium
1409 815 1476 844 Dei?
1493 819 1540 842 aut
1562 814 1625 850 quis
1639 813 1740 849 poterit
1758 812 1880 847 cogitare

1089 870 1152 898 qua:
1164 862 1230 890 velit
1244 861 1339 890 Deus?
1354 862 1542 897 Cogitationes
1555 860 1701 888 hominum
1724 857 1838 888 timidze,
1852 860 1880 883 et

1090 909 1202 937 incertae
1217 908 1398 944 providentiae
1414 911 1527 936 nostrm.
1543 906 1658 933 Dillicile
1672 905 1747 933 enim
1759 904 1880 932 a’stima—

1091 963 1154 983 mus
1168 955 1272 990 quaein
1289 959 1363 982 terra
1383 958 1461 987 sunt,
1475 959 1502 982 et
1517 961 1579 989 quae
1597 953 1623 980 in
1640 954 1788 988 prospectu
1805 955 1880 982 sum,

1089 1000 1245 1028 invenimus
1280 1008 1342 1028 cum
1376 1000 1576 1034 laborezquae
1609 1003 1699 1025 autem
1739 997 1766 1024 in
1803 996 1881 1024 ccelis

1089 1051 1164 1080 sunt,
1187 1047 1250 1082 quis
1275 1045 1469 1082 investigabit?
1486 1052 1596 1073 sensum
1610 1047 1700 1071 autem
1716 1049 1793 1072 tuum
1816 1042 1880 1078 quis

1089 1092 1263 1173 εεὲὶῖῃέοει.
1282 1137 1361 1165 Hom.
1378 1138 1403 1164 in
1421 1136 1488 1163 Nat.
1498 1136 1594 1164 Christ.
1609 1151 1645 1156 —
1664 1134 1717 1162 Ubi
1729 1133 1800 1162 Deus
1812 1135 1881 1166 vull,

1090 1188 1238 1219 superatur
1254 1183 1323 1211 ordo
1338 1187 1455 1210 naturae.
1467 1181 1534 1209 Nam
1549 1182 1573 1210 si
1589 1181 1687 1214 voluit,
1703 1180 1769 1208 illud
1782 1180 1880 1215 potuit.

1090 1250 1160 1278 TlT.
1176 1249 1221 1277 Ill.
1235 1264 1271 1271 --
1286 1249 1325 1276 De
1352 1249 1455 1276 auxilio
1472 1248 1538 1275 Dei:
1551 1253 1575 1275 et
1600 1247 1680 1283 quod,
1698 1246 1750 1273 Deo
1767 1246 1882 1283 faecula.

1127 1285 1272 1312 imbecilles
1292 1285 1428 1312 hominum
1440 1284 1546 1311 insidia:
1562 1281 1635 1315 sunt,
1651 1287 1676 1309 et
1690 1282 1767 1316 pauci
1784 1281 1882 1308 mullos

1127 1325 1264 1353 superam.

1126 1376 1215 1405 Exod.
1234 1385 1253 1411 ι,
1273 1377 1315 1404 12.
1326 1393 1360 1397 -
1373 1387 1382 1403 ί
1398 1376 1506 1409 Quanto
1521 1376 1608 1412 magis
1619 1383 1667 1404 eos
1679 1375 1882 1410 opprimebant,

1091 1427 1168 1450 tanto
1180 1423 1268 1458 magis
1280 1422 1549 1458 multiplicabanlur,
1569 1426 1596 1449 et
1613 1421 1791 1448 vehementer
1807 1420 1883 1446 inva-

1090 1468 1239 1496 lescebant.
1263 1478 1272 1494 ι

1125 1513 1213 1541 Exod.
1228 1522 1268 1546 ni,
1282 1514 1308 1546 'l,
1319 1514 1345 1541 8.
1362 1530 1398 1535 ——
1420 1524 1429 1540 ‹
1449 1514 1523 1541 Dixit
1548 1513 1682 1541 Dominus
1698 1513 1731 1539 ad
1748 1512 1880 1548 Moysen:

251 1555 296 1580 τοῦ
308 1555 374 1582 λαοῦ
390 1555 441 1591 μου
456 1557 504 1583 τοῦ
519 1558 548 1584 ὲν
563 1558 705 1594 Αἰγύπτῳ,
718 1561 764 1586 καὶ
781 1561 832 1596 τῆς
851 1564 975 1599 κραυγῆς
994 1565 1038 1591 αὑ-

1091 1558 1150 1586 Vidi
1169 1558 1342 1586 aliiictionem
1365 1558 1456 1592 populi
1471 1558 1523 1585 mei
1545 1558 1591 1592 qui
1608 1562 1650 1585 est
1661 1557 1688 1584 in
1710 1556 1841 1592 Egypto,
1853 1559 1882 1584 et

249 1599 303 1646 τῷν
315 1599 433 1646 deﬁxae,
448 1601 503 1628 ἀπὸ
515 1602 569 1629 τῶν
582 1603 771 1638 ὲργοδιωκτῶν
787 1606 886 1634 αὐτῶν.
904 1606 970 1636 Οἶδα
985 1609 1039 1646 γὰρ

249 1642 298 1679 τὴν
310 1644 407 1680 ὀδύνην
433 1646 533 1679 αὐτῶν,
562 1648 609 1674 καὶ
624 1648 743 1684 κατέϐην
762 1650 808 1677 τοῦ
824 1651 967 1683 ἐξελέσθαι
989 1642 1038 1680 αύτ-

248 1690 313 1721 τοὺς
326 1691 358 1716 ὲκ
369 1691 461 1727 χειρὸς
474 1693 643 1727 Αἰγυπτίων,
661 1695 708 1721 καὶ
724 1694 871 1730 ἐξαγαγεῖν
891 1697 990 1730 αὐτοὺς
1007 1700 1039 1726 ἐκ

253 1734 301 1769 τῆς
312 1735 362 1770 γῆς
371 1736 489 1772 ἐκείνης,
498 1738 546 1764 καὶ
559 1739 717 1773 εἰσαγαγεῖν
734 1739 835 1772 αὐτοὺς
849 1742 890 1774 είς
904 1742 956 1776 γῆν
966 1743 1040 1778 ῥέουσ

252 1787 302 1807 σαν
318 1780 379 1814 μέλι
394 1782 441 1808 καὶ
455 1782 537 1816 γάλα.
554 1793 564 1809 ι

287 1833 298 1851 t
319 1823 386 1852 Εἷπε
399 1827 515 1863 Βαλαάμ
528 1837 535 1844 ·
555 1828 603 1856 Ἐκ
617 1830 834 1867 Μεσοποταμίας
842 1834 1039 1870 κατεπέμψατό

252 1878 286 1906 με
307 1870 398 1898 Βαλὰκ
412 1872 540 1907 βασιλεὺς
566 1875 664 1908 Μωὰσ,
685 1876 791 1911 λέγων·
814 1879 977 1915 Κατάρασαί
992 1889 1038 1916 μοι

252 1916 297 1943 τὸν
320 1916 437 1952 Ἰσραήλ.
466 1919 499 1946 Τί
523 1919 663 1957 ἅράσομαι
693 1922 723 1948 ὃν
736 1922 774 1958 μὴ
793 1923 896 1959 ἀρᾶται
917 1925 1037 1961 Κύριος;

252 1962 267 1998 ἢ
289 1963 482 1999 καταράσομαι
499 1965 529 1992 ὃν
542 1967 579 2003 μὴ
595 1968 772 2003 καταρᾶταιό
791 1969 857 2002 Θεὸς
870 1978 877 2004 ;

289 2058 298 2074 ι
320 2047 387 2076 Εϊπε
402 2050 503 2086 Κύριος
517 2051 585 2086 πρὸς
599 2052 702 2081 Γεδεών
711 2062 718 2069 '
735 2054 823 2087 Πολὺς
837 2057 852 2082 ὸ
862 2056 926 2089 λαὸς
936 2058 950 2084 ὁ
968 2058 1039 2093 μετά

252 2092 317 2126 σοῦ,
337 2094 409 2121 ὥστε
438 2095 608 2130 παραδοῦναί
632 2106 667 2132 με
695 2098 748 2134 τὴν
774 2100 891 2136 Μαδιὰμ
913 2102 943 2128 ἔν
967 2103 1039 2139 χειρὶ

251 2138 351 2172 αὐτῶν,
365 2140 472 2175 μήποτε
486 2142 660 2177 καυχήσηται
675 2143 794 2181 Ἰσραὴλ,
810 2146 851 2173 ὅτι
868 2147 900 2174 Ἦ
912 2148 973 2184 χείρ
987 2138 1039 2184 μου

250 2183 337 2210 ἔσωσέ
350 2193 395 2219 με.
412 2186 465 2212 Kal
476 2186 525 2213 νῦν
541 2187 658 2222 λάλησον
674 2189 713 2220 είς
724 2190 759 2217 τὰ
772 2188 830 2218 ὦτα
841 2192 888 2219 τοῦ
903 2183 1039 2228 λαοῧίλέ-

1093 1604 1185 1631 audivi
1200 1604 1350 1631 clamorem
1367 1611 1475 1636 eorum,
1501 1607 1614 1638 propter
1630 1602 1762 1630 duritiam
1786 1610 1882 1630 eorum

1093 1650 1140 1685 qui
1155 1653 1277 1684 praesunt
1306 1649 1437 1684 operibus
1466 1656 1573 1676 eorum.
1592 1647 1652 1676 Vidi
1669 1649 1741 1676 enim
1758 1647 1881 1676 dolorem

1093 1694 1164 1729 ejus,
1174 1698 1201 1721 et
1215 1693 1346 1721 descendi
1359 1698 1389 1721 ut
1401 1694 1513 1722 liberem
1525 1701 1573 1722 eos
1585 1694 1620 1721 de
1637 1701 1722 1721 manu
1738 1692 1881 1729 Egyptio-

1094 1747 1166 1771 rum,
1186 1743 1214 1766 et
1232 1738 1348 1767 educam
1371 1747 1420 1767 eos
1436 1739 1471 1767 de
1491 1744 1564 1767 terra
1583 1739 1640 1773 illa,
1658 1744 1685 1767 et
1705 1739 1832 1767 inducam
1853 1739 1886 1766 iu-

1093 1789 1195 1812 terraln
1215 1785 1286 1813 lacte
1301 1789 1328 1813 et
1340 1786 1420 1813 melle
1434 1791 1601 1814 manantem.
1623 1795 1632 1811 )

1130 1831 1214 1859 Num.
1232 1840 1311 1863 mu,
1328 1832 1355 1859 7.
1368 1847 1401 1852 —
1422 1842 1431 1858 ι
1456 1831 1531 1859 Dixit
1551 1832 1678 1859 Balaam:
1696 1831 1734 1859 De
1755 1831 1882 1867 Mesopo-

1092 1878 1177 1906 tamia
1192 1878 1339 1906 accersivit
1351 1886 1394 1907 me
1407 1879 1490 1906 Baiae
1504 1886 1553 1907 rex
1570 1878 1648 1906 Moab
1662 1878 1757 1906 dicens
1772 1887 1779 1905 :
1802 1878 1883 1906 Male-

1092 1923 1137 1951 dic
1159 1924 1255 1958 Jacob,
1272 1928 1300 1952 et
1327 1925 1390 1952 veni
1407 1925 1471 1958 huc,
1490 1925 1606 1953 maledic
1620 1925 1687 1952 mihi
1712 1923 1809 1952 Israel.
1827 1925 1882 1952 Cur

1093 1970 1257 1998 maledicam
1269 1971 1306 2002 ei,
1329 1971 1374 1998 cui
1401 1978 1455 1998 non
1484 1971 1624 1998 maledixit
1640 1970 1733 1999 Deus?
1747 1975 1795 1997 aut
1805 1970 1882 1998 dete-

1093 2021 1160 2048 ster,
1174 2023 1256 2050 quem
1273 2016 1407 2043 Dominus
1422 2023 1476 2044 non
1494 2016 1667 2045 detestatur?
1688 2026 1696 2042 ι

1128 2059 1209 2095 385
1219 2059 1311 2088 ludia.
1320 2060 1403 2093 "1,2.
1416 2061 1505 2092 7.-ς
1519 2061 1553 2089 Ει
1563 2061 1632 2089 dixit
1644 2061 1776 2089 Dominus
1783 2061 1816 2089 ad
1829 2061 1882 2090 Ge-

1092 2105 1162 2134 dcon
1171 2114 1178 2131 ι
1186 2105 1306 2142 Populus
1313 2106 1359 2142 qui
1368 2110 1457 2134 tecum
1466 2111 1520 2140 est,
1528 2107 1628 2136 multus
1634 2112 1688 2141 est,
1695 2115 1777 2142 quam
1789 2111 1817 2134 ut
1826 2111 1883 2135 tra-

1093 2152 1155 2179 dam
1173 2141 1288 2180 Madiam
1301 2141 1328 2180 in
1340 2160 1422 2181 manu
1431 2153 1502 2187 ejus.
1512 2152 1551 2181 Ne
1562 2153 1633 2181 forte
1643 2141 1776 2189 glorietur
1787 2153 1881 2185 lsrael,

1093 2197 1220 2232 dicatque
1228 2207 1235 2225 :
1243 2197 1339 2225 Manus
1348 2205 1407 2225 mea
1416 2199 1520 2226 salvum
1533 2206 1576 2226 me
1584 2198 1658 2226 fecit.
1669 2197 1701 2225 Et
1711 2206 1783 2225 nunc
1792 2198 1883 2233 loque-

251 2229 383 2278 κων-’Τίς
398 2231 412 2257 ὁ
427 2231 596 2266 φοϐούμενος
616 2234 663 2259 καὶ
681 2234 782 2269 δειλόςς
815 2237 1036 2274 Ἐπιστραφήτω.

1091 2249 1121 2269 re
1133 2242 1159 2269 in
1168 2249 1249 2270 aures
1258 2242 1363 2278 populi,
1376 2242 1472 2271 dicens
1484 2251 1492 2270 :
1508 2243 1575 2277 Quis
1582 2244 1658 2271 timet
1666 2247 1693 2271 et
1700 2243 1879 2272 meticulosus

251 2274 305 2301 Kal
320 2275 538 2312 ἀπεστράφησαν
548 2278 602 2305 ἀπὸ
612 2279 660 2305 τοῦ
672 2281 738 2308 λαοῦ
752 2282 840 2309 εἴκοσι
852 2282 899 2310 δύο
909 2283 1040 2320 χιλιάδες,

251 2321 298 2346 καὶ
312 2320 382 2349 δέκα
398 2322 517 2357 χιλιάδες
544 2324 762 2362 ἀπελείφθησαν.
784 2328 838 2355 Kal
862 2326 924 2356 εἷπε
938 2331 1041 2366 Κύριος

251 2366 319 2401 πρὸς
332 2367 435 2395 Γεδεών
445 2377 451 2384 ·
472 2369 533 2396 Ἔτι
546 2370 561 2396 ὁ
573 2370 637 2402 λαὸς
651 2372 745 2406 πολὺς,
760 2374 927 2409 κατένεγκον
941 2376 1041 2409 αὐτοὺς

251 2413 292 2444 εἰς
303 2413 333 2459 το
344 2413 430 2459 ύδωρ.
445 2415 501 2442 Kal
516 2414 576 2443 εἶπε
587 2417 657 2453 πρὸς
673 2418 792 2446 Γεδεών·
808 2420 865 2451 ua;
878 2421 908 2453 ὃς
919 2421 952 2448 ἂν
965 2422 1041 2459 λείξῃ

251 2459 284 2493 τῇ
299 2458 410 2496 γλώσσῃ
424 2461 507 2488 αὐτοῦ
520 2461 575 2489 ἀπὸ
585 2462 632 2490 τοῦ
645 2463 752 2496 ὕδατος,
768 2464 805 2496 ὡς
821 2465 854 2492 ἂν
866 2464 943 2502 λείξη
954 2467 1038 2502 κύων,

253 2503 362 2538 στήσεις
378 2505 477 2538 αὐτοὺς
493 2507 565 2534 κατὰ
586 2508 686 2544 μόνας·
704 2509 753 2536 καὶ
766 2511 875 2545 ἐγένετο
892 2513 907 2539 ὀ
923 2513 1041 2549 ἀριθμὸς

252 2548 342 2575 αὐτῶν
353 2551 505 2584 τριακόσιοι
521 2552 626 2588 ἄνδρες.
638 2554 693 2581 Καὶ
710 2552 772 2582 εῐπε
786 2555 901 2592 Κύριοςο
918 2557 966 2584 Ἐν
983 2548 1040 2590 τοῖς

251 2595 418 2628 τριακοσίοις
445 2597 551 2630 τούτοις
580 2599 735 2636 παραδώσω
769 2601 818 2638 τὴν
853 2602 967 2639 Μαδιὰμ
1000 2605 1041 2636 είς

252 2640 346 2676 χεῖράς
361 2649 418 2668 σου.
439 2650 449 2668 ι

289 2705 298 2721 ι
319 2695 419 2723 Ἐλαὸε
432 2697 514 2726 Δαϐὶδ
528 2700 579 2735 τὴν
608 2701 706 2736 ῥάϐδον
732 2703 761 2729 ὲν
784 2704 858 2738 χειρὶ
881 2704 976 2737 αὐτοῦ,
993 2705 1040 2732 καὶ

251 2740 393 2774 ἐξελέξατο
408 2744 500 2780 ἐαυτῷ
513 2745 595 2772 πέντε
612 2747 715 2781 λίθους,
736 2750 783 2776 καὶ
799 2749 877 2777 ἔθετο
893 2751 993 2783 αὐτοὺς
1010 2752 1039 2778 ὲν

249 2785 289 2820 τῷ
305 2787 391 2823 καδίῳ
416 2788 455 2824 τῷ
470 2791 634 2825 ποιμενικῷ,
647 2793 693 2819 καὶ
708 2793 837 2829 σφενδόνη
860 2794 943 2822 αὐτοῦ
959 2796 988 2823 ἑν
1005 2797 1038 2831 τῇ

250 2832 325 2867 χειρὶ
339 2833 433 2861 αὑτοῦ.
451 2835 504 2861 Kal
526 2836 681 2870 προσῆλθεν
705 2837 774 2873 πρὸς
796 2839 842 2865 τὸν
877 2839 1036 2874 ἀλλόφυλον.

254 2877 309 2905 Καὶ
326 2876 379 2906 εἶδε
394 2879 440 2907 τὸν
460 2881 551 2916 Δαόὶδ,
569 2881 614 2908 καὶ
632 2881 810 2916 ἐξουδένωσεν
832 2883 922 2919 αὐτὸν,
939 2886 983 2913 ὅτι
1005 2884 1038 2922 ἦν

1094 2287 1159 2316 est?
1176 2287 1351 2316 Revertatur.
1365 2287 1400 2315 Et
1420 2289 1524 2317 reversi
1537 2292 1600 2317 sunt
1615 2289 1649 2316 de
1664 2289 1765 2324 popqu
1784 2289 1879 2324 viginti

1096 2334 1152 2362 duo
1169 2333 1267 2366 millia,
1284 2338 1311 2371 et
1331 2334 1425 2362 decem
1461 2335 1546 2363 millia
1569 2339 1773 2363 remanserunt.
1792 2335 1824 2362 Et
1837 2335 1879 2363 di-

1092 2379 1132 2406 xit
1157 2378 1289 2407 Dominus
1304 2374 1347 2406 ‘ad
1360 2379 1471 2408 Gedeon
1490 2389 1496 2406 :
1512 2381 1610 2408 Adhuc
1626 2381 1744 2416 populus
1760 2381 1879 2412 multus;

1093 2425 1184 2453 deduc
1199 2432 1247 2453 eos
1263 2425 1295 2453 ad
1314 2432 1411 2460 aquas.
1440 2426 1474 2453 Et
1488 2427 1558 2454 dixit
1573 2427 1607 2454 ad
1637 2426 1746 2454 Gedeon
1761 2436 1767 2454 :
1785 2426 1881 2455 Omnis

1092 2470 1141 2506 qui
1170 2470 1265 2506 lingua
1294 2478 1345 2498 sua
1363 2471 1488 2504 linxerit,
1509 2477 1539 2499 ut
1567 2472 1691 2501 lambere
1704 2473 1774 2500 solet
1790 2473 1879 2505 canis.

1093 2516 1145 2543 hos
1166 2515 1252 2543 sistes
1275 2523 1415 2544 seorsum.
1432 2516 1466 2543 Et
1479 2517 1532 2544 fuit
1547 2525 1680 2546 numerus
1696 2518 1811 2545 istorum
1825 2522 1879 2546 tre-

1092 2561 1164 2588 centi
1179 2561 1244 2588 viri.
1264 2561 1298 2588 Et
1316 2560 1387 2588 dixit
1402 2561 1555 2591 Dominus:
1569 2563 1599 2591 In
1609 2564 1652 2591 his
1666 2564 1799 2592 trecentis
1814 2564 1881 2591 viris

1092 2606 1195 2634 tradam
1209 2606 1326 2634 Madiam
1342 2607 1369 2635 in
1383 2614 1482 2636 manus
1493 2613 1563 2637 tuas.
1583 2619 1592 2635 ι

1127 2704 1142 2733 Ι
1157 2704 1220 2741 Reg.
1237 2714 1305 2739 xvn,
1322 2704 1417 2734 40-51.
1432 2721 1466 2726 —
1480 2716 1489 2732 ι
1508 2705 1540 2734 Ει
1556 2707 1662 2742 accepit
1678 2707 1760 2735 David
1776 2707 1881 2742 virgam

1092 2751 1118 2779 in
1136 2759 1219 2779 manu
1241 2760 1304 2785 sua,
1322 2756 1350 2780 et
1366 2753 1447 2789 elegit
1476 2753 1529 2781 sibi
1559 2754 1680 2789 quinque
1708 2753 1824 2789 lapides,
1853 2759 1881 2781 et

1091 2797 1168 2826 misit
1187 2805 1234 2827 eos
1250 2798 1277 2826 in
1295 2806 1389 2834 peram
1403 2800 1566 2834 pastoralem
1583 2809 1589 2827 :
1606 2804 1633 2828 et
1644 2800 1726 2827 funda
1742 2801 1768 2828 in
1784 2808 1881 2827 manus

1091 2843 1162 2878 eius.
1192 2844 1226 2871 ΕΙ.
1241 2844 1358 2872 accessit
1375 2844 1408 2872 ad
1424 2845 1601 2881 allophylum.
1615 2845 1647 2873 Et
1664 2846 1731 2874 vidit
1747 2846 1840 2878 David,
1854 2851 1881 2874 ct

1091 2889 1300 2924 despcxitcum.
1317 2890 1380 2926 quia
1406 2891 1625 2921 adolescentulus
1655 2896 1724 2920 crat.
1750 2890 1783 2919 Et
1809 2890 1876 2919 dixi'
