2074 3115
193 173 205 206 l
209 174 261 206 261

777 174 807 204 S.
828 172 989 204 JOANNIS
1017 173 1233 204 DAMASCENI

1751 173 1836 207 1268·

191 229 345 265 allophylus
361 239 368 258 :
385 229 514 265 Nunquid
532 229 610 257 canis
636 237 689 265 ego
704 238 777 264 sum,
794 230 868 266 quod
883 238 978 266 egres—

1033 231 1183 266 παιδάριον.
1207 231 1261 257 Καὶ
1290 228 1369 258 εἶπεν
1390 232 1404 258 ὁ
1419 231 1585 266 ἀλλόφυλος·
1603 230 1650 266 Μὴ
1677 231 1753 258 κύων
1767 231 1837 266 ὲγών

191 283 238 302 sua
252 283 284 303 es
303 282 366 303 eum
393 275 470 309 virga
489 279 516 301 et.
541 274 701 309 lapidibus?
717 274 749 302 Et
761 275 830 302 dixit
847 274 931 302 David
945 275 978 302 ad

191 320 357 356 allophylum
374 330 381 348 :
398 319 438 349 Tu
462 320 540 348 venis
552 320 586 347 ad
598 328 641 348 mc
653 321 680 348 in
693 319 795 356 gladio.
807 325 835 348 et
846 321 873 348 in
889 321 978 353 hasta,

191 370 215 392 et
235 365 263 392 in
289 364 395 399 clypeo.
429 363 486 399 Ego
500 369 593 392 autem
617 364 720 392 accedo
739 364 773 392 ad
788 365 850 392 tein
867 365 980 392 nomine

191 409 297 436 Domini
323 408 444 436 Sabaoth
474 409 734 443 omnipotentis;et
762 410 917 444 percutiam
942 413 979 442 te,

191 462 215 484 et
237 461 406 491 cognoscent
429 456 557 483 universa
584 457 701 484 ecclesia
719 456 786 489 haec,
800 457 865 491 quia
881 464 935 484 non
952 456 979 483 in

191 503 279 537 gladio
293 510 343 530 nec
355 503 381 530 in
399 503 478 530 hasta
489 502 577 530 salvat
592 502 734 531 Dominus.
751 502 783 530 Et
795 503 916 530 extendit
928 503 980 529 [ta-

191 548 233 576 rid
251 556 361 576 manum
376 556 454 576 suam
470 549 497 576 in
507 556 609 584 peram,
624 551 652 575 et.
667 548 771 583 accepit
787 547 850 577 inde
864 547 980 583 lapidem

191 601 295 626 unum,
321 597 348 621 et
375 593 486 621 fundam
510 594 588 629 jecit,
615 598 642 623 et
657 594 793 629 percussit
814 593 981 629 allophylum

191 641 217 667 in
235 640 353 669 frontem
385 640 457 675 ejus.
482 640 516 667 Et
531 640 708 676 pertransivit
721 639 791 676 lapis
817 647 863 674 per
879 639 981 674 galeam

191 687 217 712 in
239 686 355 714 frontem
373 686 444 721 ejus,
469 690 496 713 et
523 685 623 714 cecidit
639 686 666 713 in
686 689 798 717 terram,
820 688 847 712 et
862 684 982 712 cucurrit

190 731 286 764 David,
302 737 328 758 et
347 731 461 760 abstulit
476 735 557 767 caput
572 731 657 760 illius.
680 741 689 757 ι

226 824 258 854 Η
277 824 338 860 Heg.
354 832 420 856 xvn,
438 824 483 852 ll.
498 839 531 844 —
546 833 556 850 ι
579 823 611 850 Et
627 823 696 851 dixit
708 822 865 854 Ahesalom,
882 826 908 849 et
921 829 981 850 om-

191 871 236 900 nis
264 872 309 901 vir
327 871 411 900 Israel
429 879 435 896 :
453 870 559 899 Bonum
575 873 617 898 est
637 870 787 898 consilium
799 869 884 898 Chusi
897 876 982 904 super

190 916 340 946 consilium
373 915 566 951 Architophel.
584 914 618 943 Ut
637 915 757 943 adducat
771 915 903 943 Dominus
930 922 977 942 su-

190 970 237 996 per
249 961 395 990 Abesalom
413 961 495 989 mala.
512 970 520 986 ι

225 1006 267 1034 IV
286 1006 348 1042 Reg.
375 1015 423 1040 vn,
440 1007 538 1042 ﬁscqq.
554 1021 588 1026 —
608 1015 617 1032 ‹
632 1005 750 1042 lngressi
775 1010 840 1034 sunt
857 1009 977 1040 quatuor

189 1052 302 1087 teprOsi,
319 1057 347 1080 et
367 1051 422 1079 Deo
449 1051 520 1079 bene
539 1051 663 1085 favente,
693 1052 854 1080 universum
870 1051 977 1078 excrci-

189 1105 245 1124 tum
264 1096 351 1132 Syriae
368 1100 539 1124 terruerunt.
557 1106 566 1122 ι

224 1142 257 1170 II
274 1142 368 1169 Pural.
386 1150 471 1175 χχιιι,
489 1142 517 1176 5,
529 1143 556 1169 b'.
573 1158 607 1163 ——
626 1151 635 1168 ι
652 1142 830 1170 Confortatus
847 1146 890 1170 est
910 1142 973 1171 Eze-

189 1189 275 1222 chias,
291 1193 319 1216 et
334 1188 481 1215 aediﬁcavit
498 1195 609 1215 murum
626 1188 674 1223 qui
704 1192 803 1223 ruptus
836 1187 934 1219 fuerat.
951 1193 978 1216 et

189 1239 298 1262 locutus
326 1239 369 1262 est
388 1233 422 1261 ad
446 1241 495 1261 cor
522 1234 614 1269 populi
640 1233 760 1262 dicens:
796 1233 976 1262 Roboramini

189 1286 215 1309 ct
229 1281 279 1308 viri
300 1285 400 1313 estote,
433 1287 468 1308 ne
481 1280 605 1315 paveatis
619 1287 634 1306 a
654 1279 724 1307 facie
748 1279 821 1316 regis
838 1280 934 1313 Assur,
950 1284 977 1308 et

189 1328 279 1362 gentis
310 1334 431 1362 magum;
452 1326 584 1361 quoniam
615 1327 760 1354 nobiscum
786 1326 878 1360 plures
901 1330 976 1359 sunt,

189 1381 270 1409 quam
286 1380 348 1400 cum
378 1373 444 1400 illis.
461 1372 531 1400 Cum
553 1370 585 1400 eo
599 1377 665 1400 sunt
680 1372 793 1399 brachia
809 1372 913 1403 carnis,
927 1379 977 1398 no-

189 1419 295 1446 hiscum
319 1425 385 1445 vero
402 1417 537 1446 Dominus
565 1417 637 1446 Deus
663 1421 768 1445 noster.
786 1418 819 1444 Et
847 1417 975 1445 ﬁduciam

189 1463 285 1491 habuit
302 1463 430 1498 populus.
454 1473 462 1489 I

226 1509 301 1539 Psal.
324 1515 420 1542 xxvm,
442 1509 538 1536 1.-ι
553 1508 685 1536 Dominus
712 1508 877 1536 illuminatio
902 1515 974 1540 mea,

189 1561 215 1585 et
231 1556 354 1583 salvator
366 1563 444 1583 meus
462 1565 468 1583 :
484 1563 565 1591 quem
580 1554 705 1582 timebo?
722 1564 731 1580 ι
748 1559 803 1581 etc.

224 1601 302 1630 Psal.
329 1609 416 1632 xxxn,
443 1601 486 1629 16.
503 1611 560 1627 -(
580 1601 640 1629 Non
673 1601 826 1631 salvabitur
855 1609 904 1629 rex
933 1609 982 1636 per

189 1641 304 1675 multam
321 1647 463 1679 virtutem,
480 1651 507 1675 et
523 1647 612 1682 gigas,
630 1656 639 1673 ι
655 1652 709 1675 etc.

226 1693 305 1721 Psal.
337 1701 432 1726 xxxrv,
450 1692 493 1719 l0.
507 1707 542 1712 —
559 1702 568 1718 ε
586 1693 685 1720 Omnia
709 1700 771 1721 ossa
788 1700 849 1720 mea
864 1693 956 1721 dicent
974 1702 980 1720 :

190 1739 317 1772 Domine,
333 1738 459 1770 Domine.
477 1737 540 1772 quis
554 1738 735 1766 similistibi?
753 1748 762 1764 ι
784 1743 838 1766 etc.

226 1784 307 1813 Ρεαι.
327 1791 392 1817 cvn,
411 1783 501 1811 l5.—-
515 1793 524 1810 ‹
544 1783 582 1811 Da
599 1783 679 1812 nobis
697 1785 828 1812 auxilium
840 1785 874 1813 de
890 1784 980 1813 tribu-

191 1831 307 1863 latione,
320 1833 347 1857 et
359 1837 430 1856 vana
442 1830 518 1858 salus
534 1829 664 1857 hominis.
687 1839 697 1856 ι

224 1875 303 1903 l’sal.
321 1883 434 1909 cxxxtv,
456 1875 484 1902 l.
497 1890 531 1895 —
545 1885 554 1901 ‹
576 1874 635 1902 Nisi
655 1875 719 1909 quia
735 1875 868 1902 Dominus
880 1879 938 1903 erat
953 1875 980 1902 in

191 1922 284 1954 nobis,
299 1921 374 1948 dicat
389 1928 463 1948 nunc
475 1919 571 1952 Israel.
590 1920 645 1948 ιιίὲί
660 1921 724 1956 quia
740 1921 883 1955 Dominus,
903 1931 914 1948 ι
927 1926 981 1949 etc.

227 1967 292 1994 Jon.
318 1970 348 2000 ιι,
377 1967 405 1995 2.
424 1981 460 1987 -
479 1976 488 1992 ι
507 1966 630 1995 Clamavi
657 1967 685 1994 in
717 1967 896 1995 tribulatione
920 1975 981 1996 mea

191 2013 225 2041 ad
237 2011 383 2041 Dominum
395 2012 480 2041 Deum
496 2020 597 2044 meum.
608 2017 635 2041 et
650 2013 791 2045 exaudivit
807 2021 860 2040 me.
881 2022 890 2039 ι

228 2059 311 2087 Zach.
332 2067 359 2092 v,
375 2060 403 2086 2.
421 2076 454 2080 -
468 2068 477 2084 ι
495 2058 548 2086 Ero
570 2059 611 2087 eis
638 2059 723 2087 turris
750 2059 777 2086 in
810 2059 939 2092 circuitu,
955 2064 982 2088 et

192 2108 220 2135 in
236 2105 348 2141 gloriam
369 2112 417 2132 ero
427 2106 454 2132 in
471 2105 561 2132 medio
577 2105 648 2139 ejus.
664 2114 673 2130 ι
731 2116 733 2118 ·

229 2151 312 2179 Hic/1.
326 2159 353 2182 ν,
382 2151 427 2178 M.
446 2166 480 2171 ——
500 2160 509 2176 ι
534 2151 569 2178 Et
585 2150 685 2178 faciam
703 2150 836 2178 ultionem
868 2149 902 2177 iis
932 2150 980 2185 qui

193 2198 295 2234 probro
312 2196 465 2224 affecerunt
477 2204 536 2224 eos.
558 2206 567 2222 ι

1032 278 1101 312 εἰμι,
1115 277 1156 303 ὅτι
1178 277 1210 303 σὺ
1229 275 1341 312 ἐξῆλθες
1367 277 1395 303 ὲν
1410 276 1501 312 ράὃδῳ
1519 276 1566 303 καὶ
1594 277 1623 303 ὲν
1649 276 1751 309 λίθοιςς
1767 277 1823 304 Καὶ

1032 320 1093 349 εἷπε
1109 322 1192 349 Δαὸἱδ
1219 323 1288 358 πρὲλς
1317 321 1467 357 ἀλλόφυλον
1480 331 1486 338 ·
1505 323 1541 349 Σὺ
1557 322 1624 357 ἔρχῃ
1652 322 1721 357 πρός
1739 331 1773 356 με
1793 323 1822 349 ἐν

1033 368 1157 404 ῥομφαίᾳ
1173 367 1221 395 καὶ
1238 369 1267 395 ὲν
1277 367 1369 403 δόρατι
1385 368 1433 394 καὶ
1445 369 1475 394 ἐν
1493 367 1596 395 ἀσπίδι.
1607 367 1678 401 Ἐγὼ
1696 367 1723 395 δὲ
1740 376 1823 402 προσ-

1032 413 1092 448 άγω
1116 414 1185 449 πρὸς
1203 414 1233 440 σὲ
1246 415 1275 440 ὲν
1289 413 1401 449 ὀνόματι
1419 414 1523 449 Κυρίου
1539 413 1652 440 Σαϐαὼθ
1669 413 1823 448 παντοκρά-

1032 468 1123 495 τορος,
1134 459 1182 486 καὶ
1193 459 1307 492 πατάξω
1322 467 1362 491 σε,
1378 459 1424 486 καὶ
1434 459 1584 494 γνώσονται
1602 459 1678 486 πᾶσα
1692 459 1710 494 ἡ
1724 459 1823 494 ἐκκλη-

1037 505 1080 532 σία
1097 504 1178 540 αὕτη,
1192 505 1233 531 ὅτι
1248 504 1299 531 οὐκ
1323 505 1351 531 ἐν
1368 504 1502 540 ῥομφαίᾳ,
1515 505 1574 531 οὐδὲ
1592 504 1621 531 ὲν
1633 504 1727 540 δόρατι
1741 503 1837 547 σῴζει

1033 550 1146 584 Κύριος.
1174 549 1228 576 Καὶ
1246 549 1362 582 ἐξέτεινε
1380 549 1461 576 Δαϐὶδ
1477 550 1526 585 τὴν
1542 550 1624 585 χεῖρα
1637 549 1720 576 αὐτοῦ
1735 549 1774 580 εἰς
1793 549 1822 576 τὸ

1033 595 1144 629 κάδιον,
1160 595 1208 623 καὶ
1223 595 1320 622 ἔλαϐεν
1334 596 1440 622 ἐκεῖθεν
1456 595 1530 622 λίθον
1545 595 1605 629 ἕνα,
1628 596 1675 622 καὶ
1697 595 1823 630 ἐσφενδό-

1037 650 1116 677 νησε,
1130 642 1177 668 καὶ
1193 641 1316 674 ἐπάταξε
1339 641 1384 668 τὸν
1408 641 1557 676 ἀλλόφυλον
1579 642 1619 673 είς
1641 641 1672 668 τὸ
1699 641 1822 676 μέτωπον

1032 688 1128 715 αὑτοῦ.
1147 688 1203 715 Καὶ
1218 687 1289 714 διέδυ
1305 689 1320 714 ὁ
1336 687 1407 719 λίθος
1417 687 1461 714 διὰ
1477 688 1527 723 τῆς
1544 687 1760 723 περικεφαλαίας
1783 687 1822 718 εἰς

1033 735 1064 760 τὸ
1094 735 1221 769 μέτωπον
1239 733 1334 766 αὐτοῦ,
1358 734 1407 761 καὶ
1434 733 1532 760 ἔπεσεν
1546 733 1593 760 ἐπὶ
1607 733 1657 768 τὴν
1684 732 1747 767 γῆν,
1776 732 1822 759 καὶ

1033 781 1135 816 ἔδραμε
1151 780 1243 812 Δαόὶδ,
1256 780 1304 808 καὶ
1321 780 1416 813 ἀφεῖλε
1431 780 1480 814 τὴν
1492 779 1613 814 κεφαλὴν
1628 778 1721 806 αὐτοῦ.
1742 788 1751 803 ι

1073 833 1082 850 t
1111 822 1195 860 Εἶπεν
1229 824 1402 859 Ἀσεσαλὼμ,
1436 825 1483 851 καὶ
1514 825 1568 856 πᾶς
1595 824 1664 860 ἀνὴρ
1694 823 1820 858 Ἰσραήλ·

1041 870 1142 906 Ἀγαοὴ
1157 872 1174 906 ἡ
1188 870 1271 906 βουλὴ
1285 871 1370 898 Χουσὶ
1382 871 1453 906 ὑπὲρ
1468 870 1517 906 τὴν
1535 870 1632 906 βουλὴν
1648 869 1819 905 Ἀρχιτόφελ.

1032 915 1125 946 Ὅπως
1140 915 1231 951 ἐπάγῃ
1247 915 1350 951 Κύριος
1363 915 1409 941 ἐπὶ
1430 914 1592 949 Ἀὅεσαλὼμ
1603 913 1638 940 τὰ
1648 914 1734 941 κακά.
1755 923 1765 939 ι

1065 1014 1074 1030 ι
1094 1005 1227 1038 Εἰσῆλθον
1239 1005 1371 1041 τέσσαρες
1384 1004 1490 1040 λεπροὶ,
1503 1003 1550 1031 καὶ
1563 1003 1632 1030 Θεοῦ
1653 1003 1819 1039 εὐδοκήσαν-

1027 1060 1082 1083 τος,
1097 1051 1156 1078 ὅλον
1173 1051 1203 1078 τὸ
1215 1051 1394 1087 στρατόπεδον
1407 1050 1507 1086 Συρίας
1521 1050 1669 1085 ἐφόϐησαν.
1693 1059 1702 1075 ι

1065 1153 1074 1170 ι
1093 1143 1266 1178 Κατίσχυσεν
1285 1142 1420 1175 Ἐζεκίας,
1446 1143 1494 1170 καὶ
1508 1141 1671 1178 ᾠκοδόμησε
1692 1141 1721 1169 τὸ
1731 1141 1821 1177 τείχος

1028 1190 1059 1216 τὸ
1076 1189 1313 1224 κατεσπασμένον,
1330 1189 1377 1215 καὶ
1389 1188 1521 1224 ἐλάλησεν
1535 1188 1583 1215 ἐπὶ
1595 1188 1710 1224 καρδίαν
1722 1187 1818 1222 λέγων·

1033 1235 1172 1272 Ἰοχύσατε
1201 1237 1248 1262 καὶ
1269 1235 1436 1270 ἀνδρίζεσθε,
1451 1226 1648 1271 μὴ’πτοηθῆναι
1665 1234 1719 1261 ὰπδ
1735 1242 1820 1269 προσ-

1026 1282 1101 1309 ώπου
1119 1282 1167 1309 τοῦ
1193 1281 1329 1317 βασιλέως
1361 1282 1489 1316 ’Δσσοὺρ,
1510 1281 1558 1307 καὶ
1584 1279 1632 1307 τοῦ
1654 1274 1750 1311 ¹ἔθνους
1767 1279 1814 1306 τοῦ

1028 1328 1158 1363 μεγάλου,
1173 1328 1214 1355 ὅτι
1234 1327 1294 1363 μεθ’
1310 1327 1388 1363 ἡμῶν
1404 1327 1514 1358 πλείους
1527 1326 1543 1362 ἢ
1558 1326 1617 1362 μετ’
1626 1325 1733 1353 αὐτῶν.
1748 1324 1818 1360 Βραο

1026 1375 1115 1410 χίονες
1133 1375 1258 1410 σάρκινοι
1286 1372 1345 1408 μετ’
1364 1372 1459 1405 αὑτοῦ,
1479 1372 1540 1408 μεθ’
1560 1372 1640 1407 ἡμῶν
1667 1372 1696 1399 δὲ
1717 1370 1820 1407 Κύριος

1026 1421 1040 1446 ὁ
1058 1420 1125 1452 Θεδς
1135 1420 1213 1456 ἡμῶν
1222 1427 1229 1436 ’
1239 1420 1286 1447 καὶ
1300 1411 1507 1454 κατεθάρρησεν
1519 1419 1533 1445 ὸ
1542 1418 1617 1450 λαός.
1636 1429 1646 1444 ι

1065 1520 1075 1537 ι
1102 1510 1205 1546 Κύριος
1226 1509 1368 1544 φωτισμός
1404 1517 1456 1544 μου
1485 1508 1534 1535 καὶ
1563 1507 1656 1543 σωτήρ
1678 1515 1740 1543 μου,
1759 1506 1819 1533 τίνα

994 1563 1017 1595 c
1033 1557 1244 1593 φοῦηθήσομαι;
1262 1565 1271 1581 ι
1289 1556 1383 1582 καὶτὰ
1397 1554 1490 1582 λοιπά.

1071 1612 1081 1629 ι
1099 1603 1136 1630 υὺ
1154 1602 1308 1638 σωθήσεται
1335 1601 1461 1636 βασιλεὺς
1485 1600 1530 1628 διὰ
1558 1599 1660 1635 πολλὴν
1677 1599 1796 1634 δύναμιν
1809 1619 1817 1631 ,

1033 1650 1080 1676 καὶ
1094 1649 1187 1683 γίγας,
1202 1658 1212 1674 ι
1227 1649 1275 1675 καὶ
1291 1647 1325 1674 τὰ
1344 1647 1436 1673 λοιπά.

1070 1705 1079 1721 ι
1102 1696 1194 1722 Πάντα
1212 1694 1245 1721 τὰ
1268 1694 1337 1721 ὀστᾶ
1354 1701 1404 1728 μου
1421 1691 1525 1728 ἐροῦσι,
1542 1691 1639 1727 Κύριε,
1664 1691 1762 1725 Κύριε,
1777 1689 1822 1722 τίς

1032 1740 1125 1776 ὅμοιός
1142 1749 1200 1772 σοι;
1222 1750 1231 1765 ι
1250 1740 1297 1767 καὶ
1311 1739 1346 1766 τὰ
1358 1738 1448 1766 λοιπά.

1071 1796 1079 1811 ι
1099 1786 1148 1818 Δὸς
1164 1786 1230 1820 ἡμῖν
1247 1785 1373 1820 βοήθειαν
1386 1785 1418 1811 ἐκ
1436 1783 1562 1818 θλίψεως,
1576 1783 1623 1809 καὶ
1641 1782 1744 1817 ματαία
1765 1790 1814 1809 σω-

1031 1831 1114 1866 τηρία
1129 1829 1284 1865 ἀνθρώπου.
1302 1839 1312 1854 ι
1650 1855 1654 1859 _

1070 1885 1079 1901 ι
1097 1875 1127 1902 El
1145 1875 1183 1910 μὴ
1195 1875 1235 1901 ὅτι
1243 1874 1345 1910 Κύριος
1353 1872 1387 1910 ἦν
1399 1874 1428 1901 ὲν
1439 1875 1505 1910 ἡμῖν
1516 1882 1523 1889 ·
1537 1873 1640 1900 εἰπάτω
1653 1872 1685 1908 δὴ
1699 1872 1817 1907 Ἰσραήλ·

1032 1923 1055 1948 εἰ
1074 1922 1111 1957 μὴ
1123 1922 1164 1948 ὅτι
1179 1920 1291 1957 Κύριος,
1316 1929 1325 1946 ι
1342 1922 1390 1948 καὶ
1404 1921 1439 1948 τὰ
1455 1921 1546 1947 λοιπά.

1070 1977 1078 1993 ι
1098 1967 1216 2002 Ἐϐὁησα
1243 1968 1272 1994 ὲν
1293 1967 1382 2002 θλίψει
1401 1975 1450 2002 μου
1475 1966 1543 2001 πρὸς
1565 1965 1668 2002 Κύριον
1684 1965 1730 1991 τὸν
1752 1963 1819 1990 Θεόν

1034 2022 1097 2049 μου,
1107 2014 1154 2040 καὶ
1166 2013 1310 2048 είσήκουσέ
1325 2021 1388 2048 μου.
1408 2021 1417 2038 ι

1069 2068 1079 2085 ι
1100 2059 1219 2093 Ἕσομαι
1244 2058 1314 2093 αὐτῇ
1334 2058 1439 2093 πύργος
1459 2057 1610 2090 κύκλωθεν,
1623 2056 1672 2083 καὶ
1686 2057 1726 2088 είς
1740 2054 1819 2087 δόξαν

1032 2104 1129 2139 ἔσομαι
1145 2096 1242 2139 αὐτῆς.
1261 2112 1271 2129 ι

1072 2160 1081 2176 ι
1098 2150 1153 2177 Καὶ
1173 2150 1281 2185 ποιήσω
1306 2149 1448 2184 ἐκδίκησιν
1463 2150 1531 2176 πᾶσι
1554 2149 1612 2180 τοῖς
1640 2147 1817 2182 ἀτιμάζουσιν

1033 2195 1141 2226 αὺτούς.
1159 2203 1168 2221 ι

228 2243 312 2279 386
328 2242 385 2270 Isa.
402 2250 463 2274 vnr.
476 2242 540 2269 9.—
560 2251 569 2268 ι
588 2240 738 2269 Nobiscum
753 2240 827 2269 Deus
841 2249 848 2266 2
864 2241 980 2274 scitote,

1070 2250 1078 2266 ι
1098 2240 1165 2267 Μεθ’
1180 2240 1258 2274 ἡμῶν
1274 2241 1288 2267 ὁ
1311 2239 1378 2272 Θεός
1388 2248 1394 2255 ·
1411 2240 1509 2275 γνῶτε,
1523 2240 1600 2275 ἔθνη,
1615 2241 1665 2267 καὶ
1690 2238 1820 2275 ἡττᾶσθε,

194 2295 299 2326 gentes,
315 2288 510 2321 etvincimini,
522 2292 550 2316 et
565 2288 660 2316 audite
676 2296 764 2323 usque
778 2287 811 2315 ad
827 2291 981 2315 extremum

193 2342 284 2364 term.
310 2345 320 2362 ι

231 2380 289 2408 Isa.
305 2388 332 2413 1.,
346 2380 372 2407 7.
388 2394 423 2398 -
442 2388 451 2404 ι
473 2378 607 2407 Dominus
630 2378 779 2407 auxiliator
800 2386 877 2407 meus
895 2379 984 2407 factus

194 2430 257 2460 cst;
275 2429 420 2461 propterea
442 2431 497 2451 non
522 2431 582 2451 sum
599 2423 744 2456 confusus,
766 2423 814 2451 sed
836 2423 914 2458 posui
941 2423 983 2450 fa-

194 2473 265 2500 ciem
285 2479 372 2498 meam
386 2470 458 2498 sicut
472 2469 652 2497 fortissimam
664 2474 769 2505 petram
785 2478 792 2497 :
810 2474 837 2497 et
851 2469 910 2497 scio
920 2469 984 2504 quia

193 2525 248 2545 non
265 2515 429 2544 conl‘undar.
448 2525 457 2541 ι

229 2562 330 2590 Jerem.
346 2570 394 2594 xx,
409 2561 506 2589 ll-l5.
524 2576 558 2582 —
577 2570 587 2587 ι
602 2559 736 2588 Dominus
745 2567 852 2588 mecum
862 2564 903 2587 est
920 2563 983 2587 tan-

194 2616 279 2644 quam
303 2608 421 2636 bellator
442 2607 531 2635 l'ortis.
550 2616 559 2633 ι
577 2621 611 2627 ——
632 2615 642 2632 ι
660 2605 796 2633 Dominus
825 2605 873 2632 dat
900 2605 984 2633 vitam

195 2654 329 2682 contritis
356 2653 452 2682 corde.
480 2663 489 2679 ι
507 2668 543 2674 --
561 2661 570 2678 ι
585 2652 701 2680 Cantate
725 2650 853 2683 Domino,
875 2651 986 2678 laudate

196 2708 273 2732 eum,
296 2700 361 2734 quia
389 2700 517 2728 liberavit
544 2699 674 2738 animam.
696 2697 828 2734 pauperis
845 2697 878 2725 de
902 2705 984 2725 manu

196 2745 321 2780 pessimi.
337 2755 347 2772 ι

234 2790 306 2817 Dan.
323 2799 385 2824 xm,
400 2791 446 2825 42,
467 2792 512 2824 46,
533 2806 568 2812 -
584 2801 593 2816 ι
610 2790 780 2818 Exclamavit
800 2796 868 2816 voce
889 2795 985 2823 magna

201 2835 344 2868 Susanna.
360 2842 386 2864 et
402 2838 470 2864 dixit
493 2847 500 2865 ε
518 2837 590 2865 Deus
601 2840 722 2867 :cterne,.
737 2835 783 2870 qui
808 2834 985 2862 abscondito-

201 2888 264 2908 rum
279 2889 308 2910 cs
325 2883 461 2918 cognitor,
479 2884 525 2918 qui
541 2884 614 2911 nosti
635 2883 727 2910 omnia
743 2876 889 2910 antequam
908 2880 983 2913 liant,

1035 2286 1084 2313 καὶ
1095 2286 1231 2313 ἀκούσατε
1244 2286 1296 2318 ἕως
1312 2286 1427 2321 ἐσχάτου
1446 2286 1496 2322 τῆς
1508 2286 1570 2320 γῆς.
1592 2294 1602 2311 ι

1073 2387 1082 2403 ι
1102 2377 1205 2413 Κύριος
1216 2377 1325 2412 ἐγένετο
1347 2377 1445 2412 βοηθός
1467 2385 1518 2412 μου
1528 2397 1535 2409 ,
1551 2376 1596 2404 διὰ
1609 2375 1689 2403 τοῦτο
1703 2376 1754 2402 οὐκ
1777 2375 1822 2401 ὲν-

1034 2424 1167 2459 ετράπην,
1181 2424 1239 2451 ἀλλ’
1256 2423 1344 2460 ἔθηκα
1360 2423 1390 2450 τὺ
1402 2423 1548 2459 πρόσωπόν
1566 2431 1628 2457 μου,
1646 2423 1684 2454 ὼς
1706 2421 1821 2456 στερεὰν

1035 2468 1148 2503 πέτραν,
1162 2467 1305 2502 καὶέγνων
1318 2468 1357 2495 ὅτι
1372 2468 1403 2495 οὺ
1419 2468 1457 2504 μὴ
1471 2467 1618 2503 αίσχυνθῶ.
1640 2477 1650 2494 ι

1074 2570 1083 2586 ι
1103 2561 1206 2599 Κύριος
1238 2561 1297 2595 μετ’
1322 2559 1390 2595 ἐμοῦ
1418 2559 1509 2591 καθὼς
1532 2558 1656 2594 μαχητὴς
1676 2556 1787 2592 ἰσχύων.
1807 2565 1817 2582 ι

1034 2616 1086 2631 -ι
1098 2604 1198 2644 Κύριος
1214 2605 1307 2632 δίδωσι
1332 2605 1405 2640 ζωὴν
1426 2605 1483 2636 τοῖς
1511 2602 1752 2639 συντετριμμένοις
1770 2602 1822 2636 τὴν

1036 2651 1228 2685 καρδίαν.ιι-‹
1244 2650 1345 2686 ’ᾼσατε
1359 2651 1398 2685 τῷ
1416 2649 1520 2685 Κυρίῳ,
1530 2648 1655 2675 αίνέσατε
1672 2648 1764 2680 αὐτὸν,
1779 2647 1821 2674 ὃτι

1036 2695 1153 2729 ἐξείλετο
1165 2695 1254 2731 ψυχὴν
1272 2695 1387 2731 πένητος
1401 2695 1434 2722 ὲκ
1453 2694 1544 2730 χειρδς
1557 2693 1790 2729 πονηρευομένου.
1810 2701 1821 2717 ι

1074 2797 1083 2814 ι
1102 2787 1248 2829 Ἀνεεόησε
1263 2787 1338 2822 φωνῇ
1359 2786 1466 2822 μεγάλῃ
1490 2776 1630 2814 ῗωσάννα.
1646 2785 1694 2812 καὶ
1721 2781 1798 2810 εἶπεν
1813 2788 1821 2795 '

1042 2834 1070 2860 '0
1087 2827 1154 2864 θεὸς
1166 2832 1285 2865 αἰώνιος,
1298 2834 1311 2859 ὁ
1324 2833 1377 2859 τῶν
1391 2832 1511 2864 καρδιῶν
1525 2831 1659 2866 γνὼστης,
1672 2832 1686 2857 ὀ
1699 2829 1775 2861 εἰδὼς
1788 2827 1824 2855 τὰ

1038 2879 1127 2907 πάντα
1140 2880 1204 2916 πρὶν
1216 2880 1349 2914 γενέσεως
1360 2879 1459 2912 αὐτῶν,
1474 2879 1505 2905 σὺ
1520 2879 1663 2905 ἐπίστασαι
1680 2876 1720 2904 ὅτι
1736 2875 1826 2912 ψεύδη
