2074 3115
244 156 252 186 1
258 156 310 186 2‘59

873 150 988 180 SACRA
1005 147 1234 179 PARALLELA.

1795 126 1873 180 1270'

245 218 295 246 μου
313 207 569 242 κατεμαρτύρησαν.
583 205 638 233 Καὶ
651 205 705 232 ἰδοὺ
717 205 882 240 ἀποθνήσκω
897 205 935 240 μὴ
949 205 1012 238 ποιή

1083 207 1110 230 ιιι
1128 202 1183 229 scis
1200 200 1331 236 quoniam
1343 200 1442 228 falsum
1459 200 1647 229 testimonium
1662 200 1785 230 tulerunt
1798 207 1877 227 corn.

244 263 313 281 σασα
331 253 414 289 μηδὲν
429 249 557 279 ὦν¹οὖτοι
582 252 863 288 κατεμαρτυρήσαντο
873 251 933 278 κατ’
948 252 1027 287 ἐμοῦ.

245 300 298 326 Καὶ
310 298 470 333 εῑσήκουσεν
487 298 500 323 ὁ
515 296 581 328 Θεὸς
600 297 648 331 τῆς
675 296 768 330 φωνῆς
790 296 885 331 αὐτῆς,
907 297 954 323 καὶ
976 296 1028 323 ἀπ-

245 343 380 378 αγομένης
403 343 489 378 αὐτῆς
504 342 665 369 νάπολέσθαι
677 361 685 374 ,
703 343 845 378 ἐξήγειρεν
864 343 879 370 ὁ
903 342 970 374 Θεὸς
999 343 1030 369 τὸ

247 388 357 423 Πνεῦμα
369 388 399 414 τὸ
414 388 491 421 ἆγιον
518 388 662 424 παιδάριον
683 387 827 423 νεώτερον,
844 384 867 422 ᾧ
879 388 966 423 ὄνομα
977 389 1030 414 Δα-

246 434 315 467 νιὴλ.
335 434 382 460 καὶ
394 434 524 469 ἀνεϐόησε
539 435 613 469 φωνῇ
632 434 736 470 μεγάλῃ
748 441 754 447 ⁸
767 433 895 470 Καθαρός
906 434 965 470 ειμι
976 434 1031 462 ἀπὸ

245 479 293 506 τοῦ
307 479 424 514 αἵματος
441 479 540 514 αὐτῆς.
561 490 571 506 ι

284 577 294 594 σ
313 569 344 594 Οἱ
369 567 537 603 πατριάρχαι
575 567 746 603 ζηλώσαντες
772 568 818 595 τὶν
840 568 951 604 Ἰωσὴφ,
976 569 1027 596 ἀπ-

246 615 335 641 έδοντο
351 615 392 645 εις
415 614 563 647 Αἴγυπτον,
586 612 677 650 καὶῆν
692 616 706 641 ὁ
721 615 788 646 Θεὸς
804 617 862 649 μετ’
872 615 965 648 αὑτοῦ,
983 616 1031 643 καὶ

246 661 347 686 ἔδωκεν
361 660 435 695 αὐτῷ
450 660 530 696 χάριν
542 660 589 687 καὶ
604 660 702 696 σοφίαν
713 661 835 688 ἐναντίον
853 661 964 695 Φαραὼ,
983 661 1031 688 καὶ

247 706 414 741 κατέστησεν
429 706 510 733 αὐτὸν
528 706 681 742 ἡγούμενον
696 708 739 734 ἐπ’
755 707 903 741 Αἴγυπτον.
924 717 933 733 ι

286 805 295 819 ι
316 795 347 821 Et
359 795 373 821 ὁ
386 794 452 826 Θεὸς
468 795 527 830 μεθ’
542 795 631 831 ἡμῶν,
650 795 691 828 τίς
707 795 766 822 καθ’
780 795 878 831 ήμῶνς
897 805 907 822 ι

1081 252 1122 275 tra
1142 254 1194 274 me.
1213 245 1245 273 Et
1268 253 1332 273 ecce
1357 246 1470 280 morior,
1493 254 1555 273 cum
1580 246 1648 273 nihil
1670 246 1767 273 horum
1791 245 1863 272 fece-

1081 293 1145 325 rim,
1162 300 1223 327 quas
1239 292 1285 319 isti
1308 291 1448 319 testiﬁcati
1466 296 1530 319 sunt
1543 295 1638 319 contra
1652 298 1704 318 me.
1720 291 1861 318 Exaudivit

1081 343 1172 366 autem
1196 337 1270 366 Deus
1287 345 1383 365 vocem
1406 337 1478 372 ejus.
1511 336 1636 372 Cumque
1659 336 1812 364 duceretur
1830 336 1862 363 ad

1081 387 1219 416 mortem,
1254 383 1399 412 suscitavit
1433 383 1566 410 Dominus
1599 382 1720 417 Spiritus
1750 386 1862 409 sanctus

1081 437 1195 466 puerum
1213 429 1364 463 juniorem,
1381 427 1463 462 eujus
1477 435 1578 454 nomen
1595 426 1690 454 Daniel
1706 436 1713 454 :
1731 432 1758 454 et
1774 427 1861 454 excla-

1081 475 1166 502 mavit
1180 482 1247 503 voce
1267 481 1364 510 magna
1381 485 1389 504 ;
1406 472 1525 500 Mundus
1548 480 1599 508 ego
1623 479 1684 500 sum
1700 480 1714 500 ο
1732 472 1863 508 sanguine

1082 520 1173 556 hujus.
1199 529 1207 545 ι

1117 566 1176 593 Act.
1194 574 1241 598 vn,
1258 565 1284 593 9.
1304 579 1339 586 -—
1356 573 1365 590 ι
1378 564 1546 592 Patriarrhaa
1568 563 1729 591 zeniulantes
1750 562 1863 599 Joseph.

1082 610 1264 639 vendiderunt
1280 617 1342 637 eum
1359 609 1387 637 in
1402 608 1562 644 Aigypurm,
1587 612 1614 635 et
1636 612 1695 635 erat
1710 607 1782 636 Deus
1803 615 1864 634 cum

1080 663 1125 684 eo.
1140 655 1174 683 Et
1185 655 1262 684 dedit
1274 655 1300 683 ei
1316 655 1432 690 gratiam
1446 658 1477 681 'et
1495 653 1658 688 sapientiam
1671 653 1697 680 in
1713 658 1865 689 conspectu

1081 702 1258 729 Pharaonis:
1274 706 1303 729 et
1326 699 1472 728 constituit
1495 706 1557 727 eum
1582 699 1760 733 praepositum
1782 706 1864 734 super

1081 747 1242 784 «Egyptum.
1265 756 1275 773 ι

1117 792 1195 820 Rom.
1214 800 1273 826 vni,
1284 792 1329 820 5i.
1345 805 1378 812 -—
1397 801 1406 818 ι
1427 791 1455 819 Si
1469 791 1540 819 Deus
1555 797 1606 826 pro
1622 790 1714 823 nobis,
1726 790 1788 825 quis
1797 797 1863 817 con-

1083 844 1122 866 tra
1138 838 1206 866 nos?
1219 847 1228 864 I

286 883 315 909 '0
328 883 373 910 τὸν
387 883 453 910 Θεὸν
468 883 538 918 ἔχων
551 883 609 919 μεθ’
625 883 733 917 ἑαυτοῦ,
747 885 857 912 πάντων
868 885 942 912 ἐστὶν
955 886 1028 920 ισχυ-

1116 883 1253 918 ΟΙιι-νεοεί.
1271 882 1373 916 —Qui
1407 882 1491 910 Deum
1519 883 1602 913 habet
1628 890 1735 915 secum,
1766 881 1863 909 fortior

249 929 369 963 ρότερος.

282 975 313 1001 Εἰ
328 975 416 1001 πάντα
432 975 481 1002 ὅσα
496 975 688 1009 διεσπούδαζον
703 977 729 1003 οἱ
747 977 862 1013 ’πονηροὶΙ
884 977 931 1004 καὶ
957 977 1032 1004 ἄθεοι

251 1020 354 1055 γόητες,
371 1020 505 1055 ὲξεγίνετο
521 1021 614 1053 αὐτοῖς
631 1031 661 1048 τε
678 1023 726 1049 καὶ
746 1024 802 1054 τοῖς
827 1023 929 1050 τούτων
945 1024 1030 1059 ὑπερ-

246 1066 392 1098 ασπισταῖς
408 1066 456 1092 καὶ
473 1068 616 1102 συνεργοῖς
637 1067 771 1102 δαίμοσιν,
796 1068 846 1095 οὐκ
868 1069 901 1096 ἂν
920 1069 1031 1103 ἀφῆκαν

247 1112 292 1137 ἐπὶ
310 1112 359 1146 τῆς
374 1112 426 1147 γῆς
442 1113 491 1139 ἕνα
515 1121 567 1140 που
581 1113 670 1145 ζῶντα
687 1115 849 1150 Χριστιανὸν
875 1115 1030 1151 ἄνθρωπον.

247 1156 296 1182 οὐκ
314 1157 457 1192 εὐκτήριον
478 1156 562 1191 οἷκον,
576 1159 607 1186 οὐ
625 1160 786 1194 παραίνεσιν
803 1160 923 1196 ἀγαθὴν,
940 1161 970 1188 οὐ
986 1161 1031 1188 λό-

248 1210 295 1235 γον
307 1203 424 1238 οὐδαμοῦ
440 1196 622 1240 περιφανῆναι
639 1207 783 1242 σωτήριον.

249 1258 338 1286 ΤΙΤΛ.
352 1259 502 1298 A’.‘—Hspl
514 1261 732 1298 βαπτίσματος,
753 1263 801 1291 καί
819 1263 873 1298 τῆς
883 1264 936 1292 τοῦ
951 1265 1031 1293 θείου

467 1297 598 1330 λουτροῦ
616 1298 809 1331 προφητείας.

287 1348 296 1364 ι
315 1339 479 1374 Προσέλθετε
495 1341 562 1376 πρὸς
579 1341 670 1374 αὑτὸν,
694 1343 740 1369 καὶ
754 1343 917 1380 φωτίσθητε,
934 1345 989 1382 καὶ,
998 1345 1032 1372 τὰ

249 1383 384 1418 πρόσωπα
398 1385 475 1420 ὑμῶν
485 1386 516 1412 οὐ
532 1386 569 1422 μὴ
588 1388 785 1423 καταισχυνθῇ.
805 1398 814 1414 ι

287 1438 296 1454 ι
313 1430 344 1456 οι
356 1430 500 1464 διψῶντες,
516 1431 664 1466 πορεύεσθε
686 1432 729 1468 ἐφ’
741 1432 827 1468 ὕδωρ.
855 1434 903 1461 καί
918 1435 976 1461 ὅσοι
993 1435 1030 1470 μὴ

250 1475 325 1509 ἔχετε
343 1476 485 1511 ἀργύριον,
506 1477 665 1511 βαδίσαντες
689 1480 843 1515 ἀγοράσατε
858 1499 866 1513 ,
885 1481 933 1508 καὶ
954 1481 1031 1508 πίετε

248 1517 320 1546 οἶνον
335 1521 400 1547 ἄνευ
413 1521 548 1556 ἀργυρίου
562 1523 608 1549 καὶ
624 1523 718 1558 τιμῆς.
735 1533 744 1549 ι

286 1573 295 1589 ι
313 1564 475 1599 Ἀντλήσατε
487 1565 559 1601 ὕδωρ
572 1566 632 1600 μετ’
641 1566 811 1604 εὐφροσύνης
823 1569 856 1596 ὲκ
869 1570 922 1597 τῶν
936 1571 1031 1606 πηγῶν

249 1609 296 1635 τοῦ
311 1610 455 1645 σωτηρίου.
475 1621 484 1636 ι

287 1663 296 1680 ι
316 1654 466 1687 Λούσασθε,
480 1655 595 1691 καθαροὶ
608 1657 729 1691 γένεσθε.
749 1668 759 1685 ι

286 1709 295 1725 ι
315 1700 396 1726 Δεῦτε
411 1701 479 1735 πρός
491 1710 524 1736 με
539 1703 640 1734 πάντες
651 1703 676 1729 οι
691 1705 850 1738 κοπιῶντες,
864 1706 911 1732 καὶ
931 1715 1033 1743 πεφορ-

249 1745 381 1780 τισμένοι,
398 1746 476 1781 κάγὼ
490 1747 639 1775 ἀναπαύσω
652 1749 734 1784 ὑμᾶς.
753 1759 763 1776 ι

289 1801 298 1817 ι
319 1792 417 1827 Ἀμὴν,
438 1793 512 1828 ἀμὴν
525 1793 596 1828 λέγω
608 1795 688 1830 ὑμῖν·
704 1796 752 1823 ἐὰν
768 1797 804 1831 μή
820 1806 863 1829 τις
873 1799 990 1834 γεννηθῇ
1003 1799 1033 1832 ἐξ

251 1837 347 1868 ὕδατος
376 1837 423 1864 καὶ
449 1838 619 1873 Πνεύματος,
643 1840 675 1866 οὺ
693 1841 730 1876 μὴ
754 1842 863 1878 εἰσέλθῃ
890 1844 931 1875 είς
956 1844 1032 1879 βασι-

250 1882 325 1909 λείαν
339 1883 387 1910 τοῦ
398 1883 476 1911 Θεοῦ.
499 1894 508 1910 ι

288 1937 297 1954 ι
315 1928 361 1954 Ἐν
372 1929 489 1965 ἡμέραις
499 1930 560 1957 Νῶε
578 1934 836 1970 κατεσκευασμένης
850 1936 978 1970 κιϐωτοῦ,
992 1938 1032 1969 εἰς

251 1974 283 2008 ἢν
302 1973 401 2008 ὀλίγαι,
427 1976 568 2003 τουτέστιν
593 1977 666 2004 ὀκτὼ
694 1978 779 2015 ψυχαὶ
802 1979 974 2018 διεσώθησαν
998 1983 1032 2010 δι’

251 2019 357 2051 ὓδατος.
376 2021 408 2047 Ὃ
421 2021 468 2047 καὶ
481 2022 554 2056 ἡμᾶς
570 2022 618 2049 νῦν
631 2024 779 2052 ἀντίτυπον
791 2025 921 2059 διασώζει
936 2027 1032 2062 βάπτι-

252 2073 318 2099 σμα,
332 2066 362 2092 οὐ
376 2067 477 2101 σαρκὸς
491 2067 620 2101 ἀπόθεσις
644 2069 743 2104 ῥύπου,
767 2072 837 2100 ἀλλὰ
855 2073 1034 2109 συνειδήσεως

250 2110 366 2181 ine-7;;-
375 2111 541 2147 ἐπερώτημα
561 2114 600 2146 εἰς
620 2115 696 2148 Θεὸν,
711 2116 744 2143 δι’
757 2117 1032 2155 ἀναστάσεωςΊησοῦ

277 2164 379 2181 οιστου.
397 2166 406 2181 ι

276 2164 379 2190 ριστου.
397 2166 406 2182 ι

1044 1541 1066 1568 C

1081 929 1209 956 oumibus
1220 932 1273 956 est.

1117 974 1185 1001 Nili.
1202 974 1278 1001 —Si
1295 973 1387 1001 omnia
1402 982 1465 1008 quae
1483 965 1549 1001 mali
1571 979 1599 1002 et
1618 973 1696 1009 impii
1711 973 1864 1009 praestigia-

1081 1024 1156 1048 tores
1171 1020 1332 1052 moliuntur,
1355 1019 1424 1054 ipsis
1444 1027 1595 1055 eorumque
1609 1020 1866 1055 propugnatoribus

1081 1070 1108 1093 et
1121 1065 1298 1101 adiutoribus
1309 1065 1480 1093 daemonibus
1488 1069 1597 1100 patrare
1610 1065 1716 1099 liceret,
1728 1073 1764 1092 ne
1779 1073 1865 1092 unum

1081 1111 1193 1147 quidem
1209 1111 1413 1143 Christianum,
1438 1119 1473 1139 ne
1488 1111 1641 1138 oratorium
1657 1118 1752 1144 unum,
1771 1118 1805 1138 ne
1817 1110 1864 1136 ad-

1082 1155 1262 1183 monitionem
1290 1156 1391 1183 bonam
1413 1159 1460 1183 aut
1477 1155 1632 1183 doctrinam
1649 1155 1797 1183 salutarem
1817 1162 1863 1182 us-

1081 1210 1163 1237 quam
1180 1202 1208 1229 in
1222 1206 1297 1229 terra
1314 1209 1459 1236 superesse
1475 1201 1678 1237 permisissent.

1132 1258 1205 1292 .TIT.
1221 1257 1266 1286 IV.
1282 1274 1316 1279 —
1333 1258 1369 1285 Dc
1385 1258 1523 1293 baptismo,
1545 1263 1570 1285 et
1590 1258 1667 1291 sacri,
1682 1258 1782 1285 lavacri

1376 1294 1572 1328 praedicatione.

1117 1340 1194 1367 Psal.
1212 1348 1310 1370 nxul.
1329 1340 1357 1368 5.
1373 1355 1407 1360 —
1425 1348 1434 1365 ι
1454 1339 1583 1367 Accedite
1600 1339 1635 1366 ad
1658 1347 1731 1372 eum,
1750 1342 1778 1366 et
1799 1339 1863 1366 illu-

1082 1385 1237 1418 miuamini,
1253 1390 1280 1414 et
1299 1385 1386 1413 facies
1401 1380 1503 1413 vestrae
1514 1393 1567 1412 non
1585 1384 1817 1413 coninndentur.»

1116 1432 1175 1460 lea.
1200 1439 1244 1465 ιν,
1275 1431 1301 1460 1.
1315 1446 1353 1451 —-
1375 1440 1384 1457 ι
1406 1430 1458 1464 Qui
1486 1430 1583 1463 sititis,
1606 1431 1697 1458 venite
1715 1430 1748 1458 ad
1767 1438 1864 1466 aquas,

1081 1482 1108 1505 et
1119 1477 1278 1512 quicunque
1292 1486 1347 1505 non
1360 1478 1468 1506 habetis
1482 1481 1639 1513 argentum,
1659 1481 1757 1506 euntes
1770 1477 1865 1510 emite,

1081 1528 1110 1550 et
1127 1523 1212 1551 bibite
1230 1523 1326 1550 vinum
1345 1523 1405 1551 sine
1418 1527 1533 1558 argento
1556 1527 1585 1551 et
1601 1523 1698 1558 pretio.
1719 1533 1728 1549 ι

1120 1567 1176 1595 lsa.
1193 1575 1243 1599 xu,
1261 1568 1289 1595 5.
1306 1583 1340 1588 —
1355 1577 1364 1594 ι
1384 1568 1500 1596 Haurite
1522 1576 1610 1604 aquas
1634 1576 1696 1596 cum
1721 1569 1814 1596 laetitia
1831 1568 1865 1596 de

1083 1613 1205 1641 fontibus
1218 1613 1365 1641 Salutaris.
1384 1622 1393 1640 ι

1118 1659 1176 1688 Im.
1194 1667 1213 1693 I,
1230 1660 1275 1688 16.
1289 1675 1323 1680 —
1337 1669 1347 1686 ι
1369 1659 1532 1693 Lavamini;
1547 1661 1641 1688 mundi
1654 1665 1754 1689 estote.
1777 1671 1786 1686 ι

1119 1705 1215 1732 llattlr.
1230 1714 1268 1738 xl,
1285 1705 1332 1733 28.
1351 1721 1386 1727 —
1404 1715 1414 1732 ί
1427 1706 1523 1734 Venite
1537 1707 1571 1734 ad
1581 1715 1636 1739 me,
1651 1714 1747 1735 omnes
1760 1707 1806 1742 qui
1824 1707 1863 1734 la-

1083 1751 1189 1780 boratis
1202 1756 1230 1779 et
1242 1752 1349 1779 onerati
1368 1752 1447 1784 estis,
1465 1755 1492 1779 et
1508 1759 1559 1788 ego
1578 1753 1700 1780 reﬁciam
1715 1760 1773 1779 vos.
1795 1762 1805 1778 ι

1117 1797 1198 1824 Joan.
1216 1805 1255 1824 ιιι.
1271 1797 1298 1825 5.
1313 1812 1349 1818 —
1367 1807 1377 1823 ι
1398 1797 1495 1830 Amen,
1517 1805 1596 1825 amen
1611 1797 1674 1825 dico
1695 1798 1792 1825 vobis:
1804 1797 1864 1824 Nisi

1083 1843 1145 1878 quis
1164 1847 1277 1870 renatus
1289 1842 1371 1870 fuerit
1386 1850 1420 1870 ex
1436 1850 1507 1878 aqua
1523 1846 1550 1870 et
1568 1842 1672 1877 Spiritu
1685 1847 1794 1874 sancto,
1810 1850 1862 1870 non

1082 1889 1198 1917 intrabit
1213 1889 1239 1916 in
1252 1896 1364 1924 regnum
1379 1888 1438 1916 Dei.
1461 1897 1471 1914 ι
1484 1918 1487 1920 ,

1124 1933 1136 1960 ι
1154 1933 1228 1961 Pelr.
1248 1941 1287 1966 ιιι,
1303 1933 1349 1966 20,
1364 1933 1409 1960 21.
1421 1948 1456 1954 --
1471 1943 1480 1959 ‹
1501 1933 1529 1960 In
1541 1933 1639 1961 diebus
1657 1932 1725 1964 Noe,
1744 1940 1807 1960 cum
1825 1931 1863 1958 fa-

1083 1979 1239 2007 bricaretur
1254 1986 1330 2010 arca,
1349 1978 1377 2005 in
1398 1986 1452 2013 qua
1470 1979 1562 2013 pauci,
1579 1979 1606 2006 id
1622 1983 1665 2007 est
1681 1984 1745 2006 octo
1767 1979 1864 2006 animm

1084 2026 1167 2053 salva:
1182 2025 1260 2052 iactae
1280 2028 1346 2052 sunt
1371 2032 1420 2059 per
1433 2031 1543 2060 aquam.
1561 2024 1640 2057 Quod
1659 2029 1686 2052 et
1698 2032 1748 2052 vos
1766 2024 1864 2052 similis

1084 2071 1181 2098 forma:
1193 2070 1287 2098 salvos
1310 2069 1376 2097 facit
1386 2069 1534 2105 baptisma,
1553 2077 1607 2097 non
1623 2070 1716 2097 carnis
1730 2069 1864 2105 depositio

1084 2117 1220 2149 sordium,
1245 2116 1294 2144 sed
1318 2115 1501 2144 conscientia:
1529 2116 1608 2143 bonae
1634 2115 1814 2151 interrogatio
1831 2115 1864 2143 ad

1085 2163 1181 2196 Deum,
1202 2170 1250 2197 per
1267 2161 1499 2189 resurrectionem
1516 2160 1582 2188 Jesu
1599 2160 1713 2188 Christi.
1730 2170 1740 2187 )

288 2210 298 2226 ι
321 2201 464 2228 Ἀδύνατον
484 2203 547 2234 τοὺς
575 2204 650 2236 ἅπαξ
671 2206 870 2240 φωτισθέντας,
895 2209 1032 2245 γευσαμέ-

1124 2207 1204 2235 Hebr.
1220 2208 1258 2240 vi,
1273 2206 1301 2240 4,
1315 2206 1342 2234 5.
1354 2222 1389 2227 —
1405 2215 1415 2232 ‹
1431 2205 1605 2242 impossibile
1626 2209 1670 2234 est
1688 2213 1737 2234 eos
1757 2206 1804 2241 qui
1821 2213 1862 2233 se-

251 2259 311 2281 νους
324 2259 354 2276 τε
377 2253 430 2289 τῆς
438 2252 544 2287 δωρεᾶς
563 2253 615 2287 τῆς
637 2252 808 2288 ὶπουρανίου,
829 2253 876 2280 καὶ
903 2255 1033 2290 μετόχους

251 2296 415 2332 γενηθέντας
436 2297 596 2332 Πνεύματος
625 2298 715 2331 ἁγίου,
729 2298 776 2324 καὶ
794 2298 876 2325 καλὸν
895 2300 1033 2335 γευσαμέ-

252 2351 312 2374 νους
323 2343 391 2370 Θεοῦ
408 2343 494 2378 ῥῆμα,
513 2343 643 2378 δυνάμεις
659 2352 689 2370 τε
706 2343 849 2378 μέλλοντος
861 2345 971 2378 αἰῶνος,
987 2346 1035 2373 καὶ

253 2388 472 2423 παραπεσόντας,
500 2388 582 2415 πάλιν
603 2389 789 2421 ἀνακαινίζειν
807 2390 847 2421 είς
876 2391 1032 2425 μετάνοιαν,

252 2435 488 2470 ἀνασταυροῦντας
511 2436 619 2467 ἑαυτοῖς
637 2435 683 2462 τὸν
716 2435 780 2462 Υῑδν
809 2436 856 2463 τοῦ
883 2435 962 2469 Θεοῦ,
988 2438 1035 2464 καὶ

253 2479 565 2514 παραδειγματίζοντας.
589 2489 598 2505 ι

288 2525 389 2560 Καιρδς
404 2525 600 2562 βαπτίσματος,
610 2526 682 2558 ἄπας
698 2527 713 2554 ό
727 2527 782 2554 τῶν
794 2527 946 2563 ἀνθρώπιον
965 2528 1030 2564 βίος.

253 2570 321 2596 οὔτε
339 2570 392 2606 γὰρ
409 2571 512 2607 σώματι
527 2571 576 2608 ζῇν
594 2573 632 2608 μὴ
650 2573 812 2601 ἀναπνέοντι
831 2574 952 2607 δυνατὸν,
970 2574 1034 2601 οὒτε

255 2617 325 2652 ψυχῇ
356 2618 525 2650 συνεστάναι,
553 2619 590 2654 μὴ
616 2619 787 2657 γνωριζούσῃ
808 2620 854 2648 τὸν
883 2621 1034 2649 κτίσαντα,

252 2663 320 2690 Θεοῦ
347 2663 401 2698 γὰρ
425 2663 521 2697 ἄγνοια
544 2664 659 2697 θάνατός
685 2666 744 2692 ὲστι
768 2666 867 2702 ψυχῆς.
887 2666 916 2693 '0
938 2667 967 2694 δὲ
997 2667 1035 2702 μὴ

254 2709 422 2743 βαπτισθεὶς,
450 2709 480 2735 οὺ
512 2709 691 2743 πεφώτισται.
709 2712 790 2738 ’Λνευ
810 2712 838 2739 δὲ
860 2713 957 2746 φωτὸς,
974 2713 1036 2739 οὔτε

253 2754 391 2789 ὀφθαλμὸς
415 2754 450 2781 τὰ
477 2754 573 2781 ἑαυτοῦ
601 2754 715 2790 καθορᾷ,
738 2755 800 2782 οὔτε
821 2756 893 2792 ψυχὴ
924 2758 1035 2785 δύναται

254 2800 320 2827 Θεοῦ
333 2800 459 2834 δέξασθαι
472 2800 587 2836 θεωρίαν
602 2801 665 2827 ἄνευ
679 2801 876 2837 βαπτίσματος.

1086 2254 1139 2282 mel
1163 2258 1228 2282 sunt
1256 2252 1417 2285 illuminati,
1440 2256 1468 2279 et
1489 2256 1670 2288 gustaret-unt
1693 2251 1795 2279 donum
1819 2251 1865 2280 Dei

1087 2300 1208 2331 cmleste,
1224 2303 1253 2326 et
1272 2297 1419 2333 participes
1442 2297 1509 2324 iacti
1526 2301 1591 2325 sunt
1618 2296 1739 2332 Spiritus
1765 2297 1866 2331 sancti,

1089 2348 1321 2380 gustaveruntque
1344 2344 1446 2371 bonum
1471 2342 1521 2371 Dei
1537 2343 1617 2379 387
1633 2343 1756 2374 verbum,
1785 2342 1871 2368 virtu—

1083 2396 1181 2425 tesque
1193 2389 1288 2417 saeculi
1304 2388 1426 2421 venturi,
1443 2391 1471 2416 et
1489 2388 1609 2423 prolapsi
1623 2391 1703 2420 sunt,
1713 2395 1811 2414 rursus
1823 2394 1866 2413 re-

1083 2435 1180 2463 novari
1216 2434 1249 2462 ad
1285 2434 1500 2469 pmnitentiam:
1529 2441 1641 2461 rursum
1674 2432 1868 2467 cruciﬁgentcs

1083 2481 1263 2516 sibimetipsis
1274 2480 1373 2508 Filium
1388 2480 1446 2513 Dei,
1459 2484 1487 2507 et
1498 2478 1668 2514 contemptui
1682 2479 1826 2506 habentes.
1851 2487 1862 2503 ν

1120 2526 1208 2554 Basil.
1225 2526 1339 2553 Exhort.
1357 2526 1391 2553 ad
1412 2525 1536 2560 baptism.
1552 2540 1585 2545 —
1601 2523 1731 2559 Baptismi
1746 2527 1866 2559 tempus,

1087 2573 1215 2600 universa
1243 2571 1386 2599 hominum
1409 2571 1465 2598 vita
1488 2577 1541 2599 est.
1564 2570 1633 2598 Nam
1661 2571 1734 2598 sicut
1757 2570 1865 2605 corpori

1087 2619 1157 2646 citra
1186 2617 1395 2653 respirationem
1421 2617 1513 2645 vivere
1536 2615 1708 2651 impossibile
1723 2620 1766 2643 est
1790 2625 1796 2642 :
1829 2616 1868 2643 sic

1088 2664 1170 2691 etiam
1196 2663 1253 2690 tleri
1278 2670 1334 2690 non
1359 2666 1459 2697 potest,
1476 2665 1508 2689 ut
1532 2662 1623 2688 anima
1646 2661 1792 2692 consistat,
1810 2668 1870 2695 qua:

1087 2709 1246 2737 Creatorem
1268 2708 1380 2736 minime
1405 2712 1546 2744 agnoscat.
1572 2707 1619 2734 Dei
1636 2708 1710 2734 enim
1735 2706 1871 2742 ignoratio

1088 2763 1163 2783 mors
1183 2759 1225 2783 est
1250 2755 1358 2782 animae.
1386 2754 1473 2782 Porro
1494 2753 1541 2788 qui
1562 2753 1718 2788 baptizatus
1740 2760 1794 2780 non
1818 2757 1859 2779 est

1091 2803 1113 2830 is
1131 2810 1184 2829 non
1210 2806 1253 2829 est
1277 2801 1457 2828 illuminatus.
1477 2801 1513 2827 At
1527 2807 1592 2827 vero
1607 2800 1710 2834 absque
1726 2800 1801 2831 luce,
1821 2806 1868 2826 nec

255 2849 354 2877 oculus
376 2857 437 2884 qua:
463 2856 512 2877 sua
535 2852 611 2881 sunt,
635 2856 759 2882 cernere,
788 2851 955 2891 nec‘auima
971 2850 1233 2885 contemplationem
1250 2848 1296 2877 Dei
1315 2851 1405 2883 potest
1421 2843 1562 2877 admittere
1578 2843 1638 2874 sine
1653 2847 1800 2882 baptismo.
