2074 3115
230 145 295 180 1271

227 245 301 265 mum
328 239 497 274 pcenitentiae
517 239 696 274 praedicabat,
721 243 748 267 et
773 240 807 268 ad
833 248 895 268 eum
919 240 1013 268 Judara

226 284 318 311 omnis
354 284 456 311 exibat.
497 284 628 312 Dominus
666 285 797 320 praedicat
847 285 1012 320 baptismum

226 328 402 364 adoptionis:
416 333 443 357 et
465 330 528 365 quis
549 338 645 358 eorum
663 331 709 366 qui
740 331 767 358 in
783 331 873 365 ipsum
889 335 1012 366 sperant,

226 381 280 401 nou
294 374 420 409 parebit?
439 374 597 411 Baptismus
612 376 657 404 ille
671 377 856 405 rudimentum
871 383 930 405 erat
945 387 951 405 :
968 378 1013 406 hic

225 420 384 454 perliciendi
407 422 463 449 vim
479 422 572 450 habet.
590 422 637 450 Ille
662 430 788 451 recessus
817 429 877 451 erat
906 431 920 451 a
949 432 1012 460 pecs

227 469 309 493 cato:
325 466 370 494 hic
395 467 556 502 conjunctio
584 475 647 495 cum
670 468 732 496 Deo.

261 510 334 539 Ibid.
351 527 386 532 —
401 512 497 545 Israel,
528 513 581 541 nisi
610 521 685 541 mare
709 514 877 550 trajecisset,
903 516 1011 551 disjun«

223 561 284 586 ctus
298 566 354 586 non
380 558 481 587 fuisset
498 567 512 587 a
530 559 687 587 Pharaone:
707 564 735 588 tu
759 569 868 596 quoque
892 562 946 589 nisi
964 571 1012 597 per

223 611 322 640 aquam
350 606 505 638 transicris,
530 606 563 633 ab
590 607 762 634 amarulenla
788 607 892 635 diaboli
919 612 1011 644 tyran-

222 650 286 679 nide
312 658 368 679 non
393 651 535 679 eximeris.
565 651 612 680 Ille
637 652 670 679 de
686 653 824 687 spirituali
852 658 928 688 petra
955 661 1010 681 non

221 696 351 728 bibisset,
383 696 438 725 nisi
462 697 554 733 typice
583 697 739 732 baptizatus
765 697 862 726 fuisset
886 708 893 726 :
919 707 1009 734 neque

221 741 271 768 tibi
287 749 382 768 verum
398 745 491 776 potum
506 741 652 777 quisquam
669 743 787 770 daturus
803 748 856 775 est.
874 744 928 771 nisi
945 752 1010 772 vero

221 786 388 822 baptismate
402 788 441 816 sis
458 788 573 816 tinctus.
586 789 635 819 llle
651 795 713 825 post
727 791 894 826 baptismum
909 799 1007 827 panem

220 832 296 860 illum
309 833 469 868 angelorum
485 835 663 863 manducavit
677 845 683 863 :
704 840 732 863 tu
748 844 813 864 vero
832 845 1006 872 nequaquam

732 183 738 191 ,
818 153 850 182 8.
868 151 1028 183 JOANNIS
1043 155 1258 185 DAMASCENI

263 192 347 226 Barii,
364 191 476 220 Exhorl.
496 193 529 220 ad
561 193 686 226 baptism.
699 191 737 213 ’σλ-
756 193 876 224 Joanncs
909 195 1013 230 baptis-
1028 200 1052 228 Α

1107 198 1233 233 Ἰωάννης
1249 197 1385 232 ἐκήρυσσε
1404 194 1545 232 βάπτισμα
1559 195 1716 230 μετανοίας·
1732 197 1780 224 καὶ
1804 198 1850 230 ἐξ-

1065 244 1213 278 επορεύετο
1236 243 1304 279 πρὸς
1332 243 1412 269 αὑτὸν
1427 243 1503 269 πᾶσα
1527 241 1650 269 Ἰουδαία.
1676 242 1776 276 Κύριος
1799 251 1845 277 κη-

1066 289 1160 324 ρύσσει
1183 288 1326 323 βάπτισμα
1349 287 1504 318 υἱοθεσίας’
1525 287 1572 312 καὶ
1587 286 1629 317 τίς
1645 286 1697 312 τῶν
1714 287 1752 318 εἰς
1769 287 1849 315 αὑτὸν

1063 334 1219 369 ὴλπικότων
1243 333 1292 369 οὐχ
1313 332 1514 366 ὑπακούσεται;
1545 333 1647 359 Ἐκεῖνο
1668 333 1849 366 εἰσαγωγικὴν

1062 382 1093 408 τὸ
1120 381 1273 416 βάπτισμα,
1292 379 1371 407 τοῦτο
1385 380 1556 406 τελειωτικόν
1571 387 1578 394 ·
1606 380 1693 406 ἐκεῖνο
1711 379 1850 415 ἁμαρτίας

1063 427 1250 462 ἀναχώρησις,
1266 426 1346 454 τοῦτο
1356 426 1493 458 οἰκείωσις
1505 426 1572 461 πρὸς
1586 425 1663 452 Θεόν.

1102 515 1132 541 '0
1150 515 1266 550 Ἰσραὴλ,
1285 515 1309 540 εί
1330 513 1368 549 μὴ
1383 514 1505 549 παρῆλοε
1517 513 1565 549 τὴν
1581 513 1731 546 θάλασσαν,
1747 514 1797 540 οὐχ
1815 514 1848 540 ἂν

1063 561 1199 596 ἐχωρίσθη
1219 561 1266 587 τοῦ
1289 560 1406 596 Φαραώ·
1424 560 1471 587 καὶ
1487 560 1519 587 σὺ
1537 560 1585 586 ἐὰν
1602 560 1639 595 μὴ
1655 559 1793 596 παρέλθῃς
1804 559 1848 586 διὰ

1061 607 1109 634 τοῦ
1123 607 1229 639 ὓδατος,
1244 607 1275 633 οὐ
1290 606 1448 642 χωρισθήσῃ
1463 606 1511 641 τῆς
1523 606 1623 641 πικρᾶς
1634 605 1789 641 τυραννίδος
1800 605 1847 632 τοῦ

1060 653 1197 681 διαϐόλου.
1210 652 1268 679 Οὐκ
1282 652 1314 679 ἂν
1337 652 1414 678 ἔπιεν
1433 653 1536 683 ἐκεῖνος
1551 652 1582 677 ὲκ
1596 652 1645 685 τῆς
1658 651 1847 686 πνευματικῆς

1061 699 1173 734 πέτρας,
1184 700 1208 725 εἰ
1222 698 1259 733 μὴ
1269 697 1392 729 τυπικῶς
1407 696 1572 730 ἐϐαπτίσθη·
1588 697 1648 723 οὐδὲ
1662 696 1702 723 σοί
1715 705 1756 728 τις
1766 696 1846 723 δώσει

1059 745 1107 780 τὴν
1135 745 1264 780 ἀληθινὴν
1291 745 1381 776 πόσιν,
1411 743 1459 770 ἐὰν
1483 743 1522 778 μὴ
1554 742 1661 777 ἀληθῶς
1683 741 1844 777 βαπτισθῇς.

1061 791 1181 824 ’Ἐφαγεν
1198 790 1279 824 ἄρτον
1296 788 1420 823 ἀγγέλων
1436 789 1539 815 ἐκεῖνον
1557 788 1658 818 ἐκεῖνος
1675 787 1744 822 μετὰ
1757 786 1788 813 τὸ
1799 787 1847 822 βά-

1059 843 1181 870 πτισμα’
1200 835 1232 862 σὺ
1248 835 1276 861 δὲ
1295 835 1325 861 οὐ
1345 834 1438 870 βρώσῃ
1451 834 1496 860 τὸν
1520 833 1608 865 ζῶντα
1636 833 1727 868 ἄρτον,
1744 832 1790 858 ἐὰν
1809 831 1846 867 μὴ

219 886 317 913 panem
333 879 426 907 vivum
442 880 607 913 comederis,
626 881 679 908 uisi
701 886 831 916 suscepto
855 882 934 917 prius
959 883 1006 909 ba-

1059 882 1192 917 πρότερον
1204 880 1321 916 ἀποδέξῃ
1335 880 1366 906 τὸ
1380 879 1530 914 βάπτισμα.
1546 878 1676 913 Είτῆλοεν
1692 879 1795 908 ἐκεῖνος
1807 878 1847 909 είς

219 924 331 959 ptismo.
349 925 397 952 lllc
411 924 447 952 ob
461 925 630 960 baptismum
656 926 685 953 in
713 930 813 954 terram
842 927 1007 962 promissam

218 970 361 1005 ingressus
382 974 445 998 est:
473 975 501 997 tu
525 978 635 1005 quoque
657 979 711 1004 quo
733 971 844 999 tandem
870 977 950 1007 pacto
967 973 1007 1000 in-

218 1021 292 1043 trare
307 1016 333 1042 in
352 1016 509 1050 paradisum
525 1024 624 1052 queas,
639 1018 692 1044 nisi
707 1017 844 1052 baptismo
861 1018 1007 1053 consigne-

218 1060 278 1088 ris?
295 1060 402 1088 llludue
418 1065 445 1089 te
461 1060 544 1096 fugit,
567 1061 727 1097 ﬂagrantem
744 1062 863 1097 gladium
879 1062 912 1090 ad
940 1063 1006 1098 ligni

217 1107 290 1134 viam
308 1107 516 1135 custodiendam
542 1108 708 1135 collocatum
728 1115 800 1141 esse,
817 1108 862 1143 qui
885 1109 1005 1136 inﬁdeli-

217 1153 270 1181 bus
285 1153 395 1187 quidem
420 1153 552 1181 terribilis
578 1161 751 1189 exureusquc
768 1154 814 1187 sit,
832 1155 865 1183 iis
879 1162 945 1182 vero
960 1154 1005 1190 qui

217 1199 346 1230 credunt,
387 1207 502 1228 acceSsu
529 1199 639 1234 pervius
662 1204 689 1227 et
715 1200 816 1227 blande
844 1200 1006 1228 collucens?

215 1244 283 1278 quin
310 1244 401 1279 ipsum
427 1252 538 1280 quoque
573 1245 734 1274 versatiletn
763 1245 898 1273 Dominus
927 1246 1003 1274 fecit.

215 1289 282 1317 Nam
300 1290 346 1317 ubi
373 1289 480 1317 ilchem
506 1289 592 1322 videt,
611 1295 687 1325 terga
711 1291 813 1318 vertit:
831 1298 893 1318 cum
908 1296 1001 1319 autem

215 1335 334 1370 aliquem
358 1342 455 1362 eorum
478 1335 525 1370 qui
546 1335 684 1370 baptismo
707 1336 822 1362 minimc
847 1336 1003 1370 consignati

215 1385 292 1414 sunt,
310 1385 385 1408 recta
406 1381 434 1408 in
462 1388 525 1408 cum
545 1381 679 1416 impetum
704 1381 778 1408 facit.
798 1380 873 1409 Elias
889 1389 1003 1409 currum

215 1429 338 1463 igneum,
362 1431 389 1454 ct
414 1426 556 1455 flammeos
578 1435 666 1462 equos
689 1427 723 1454 ad
747 1435 776 1455 se
790 1427 933 1456 venientes
949 1435 1004 1455 non

214 1474 342 1502 extimuit
358 1482 364 1500 :
379 1480 474 1501 verum
486 1473 607 1502 caelestis
623 1473 734 1501 itineris
746 1474 900 1509 cupiditate
912 1475 1005 1502 incen-

214 1527 273 1552 sus,
289 1527 332 1547 res
352 1519 468 1548 terroris
498 1519 595 1554 plenas
618 1520 707 1547 audax
732 1527 881 1555 aggressus
906 1524 960 1552 est,
977 1523 1004 1547 et

214 1566 278 1594 lzeto
298 1566 392 1594 animo
408 1565 535 1601 fragrans
550 1565 708 1593 vehiculum
724 1566 887 1593 conscendit
900 1566 935 1598 is,
954 1567 1001 1600 qui

214 1613 306 1640 adhuc
329 1613 357 1640 in
388 1619 471 1640 carne
486 1612 646 1647 agebatzlu
673 1619 739 1640 vero
759 1620 814 1639 non
838 1612 1001 1648 quadrigam

214 1660 323 1696 igneam
339 1665 556 1690 conscensurus.
582 1658 630 1685 sed
652 1666 700 1693 per
716 1665 816 1693 aquam
828 1663 855 1687 ct
869 1658 1002 1694 Spiritum

215 1711 396 1736 ascensurus,
413 1704 523 1731 vocanti
543 1712 599 1731 non
617 1703 760 1732 accurris?

250 1749 325 1777 Ibid.
349 1765 383 1770 -—
409 1748 438 1777 Si
455 1749 598 1777 hominum
622 1757 720 1778 servus
743 1757 830 1782 esses,
861 1750 1004 1786 servisque

215 1795 320 1831 scripto
344 1795 456 1830 publico
471 1795 612 1830 proposita
635 1794 747 1823 libertas
763 1799 848 1826 esset.
864 1802 956 1822 annon
970 1796 1003 1823 ad

215 1842 403 1878 priestitutum
434 1841 504 1869 diem
530 1840 652 1872 adferes,
682 1845 710 1868 et
726 1840 854 1868 mercede
870 1845 1003 1876 patronos

215 1887 400 1919 condut-eres.
424 1887 646 1922 obsecraresquc
672 1887 795 1921 judiccs,
820 1891 849 1914 ut
865 1887 939 1914 omni
958 1894 1004 1914 ra-

216 1933 292 1960 tione
306 1932 333 1959 ln
351 1932 504 1960 libertatem
517 1931 702 1959 asserereris?
725 1939 788 1959 num
816 1931 898 1960 etiam
928 1932 1004 1959 cola-

215 1977 311 2012 phum,
337 1977 391 2005 hoc
411 1980 454 2004 est
475 1980 625 2004 extremam
650 1983 793 2004 servorum
818 1976 936 2011 plagam,
951 1976 1004 2004 hac

215 2020 387 2054 conditione,
402 2024 432 2047 ut
450 2021 565 2056 posthac
585 2021 750 2048 verberibus
765 2021 937 2053 eximereris,
958 2028 1004 2049 rc-

216 2067 348 2095 cusares?
373 2066 443 2094 Cum
468 2070 561 2094 autem
589 2070 616 2094 te
631 2075 685 2094 nun
703 2066 857 2098 hominum,
878 2067 927 2094 sed
943 2074 1004 2101 pec-

216 2114 272 2142 cati
293 2120 415 2145 servum,
432 2113 465 2140 ad
485 2113 640 2140 libertatem
661 2116 739 2140 vocet
755 2120 857 2147 prmco,
877 2117 907 2140 ut
922 2116 950 2139 te
969 2112 1004 2139 li-

216 2159 295 2187 beret
309 2167 324 2186 a
340 2158 481 2191 servitute,
497 2163 525 2185 ct
551 2158 694 2185 concivcm
718 2158 877 2192 angelorum
894 2157 1003 2192 emciat,

217 2205 322 2240 Deique
350 2205 450 2236 lilium,
482 2203 640 2238 adoptatum
681 2203 777 2238 utique
803 2211 852 2238 per
875 2204 1002 2238 gratiam,

217 2250 381 2282 constituat,
399 2253 424 2277 el
441 2248 545 2276 Christi
565 2249 702 2276 bonorum
719 2248 866 2282 hazredem,
882 2249 1003 2276 nondum

217 2296 266 2324 tibi
295 2295 393 2322 adcsse
421 2298 532 2330 tempus
558 2294 600 2322 ais
630 2293 783 2328 accipiendi
815 2302 847 2322 ea
873 2302 935 2329 quae
955 2294 1004 2322 tibi

218 2341 311 2369 oblata
325 2344 400 2368 Sunt.

254 2386 326 2414 Ibid.
344 2384 509 2418 —Quando
533 2384 712 2412 Christianus
741 2383 810 2412 ﬁes?
838 2384 950 2420 quando
980 2389 1005 2411 te

217 2433 293 2460 velut
308 2436 434 2459 nostrum
462 2430 663 2466 agnoscemus?
680 2438 752 2457 anno
775 2430 917 2464 superiore
937 2436 1005 2464 pm-

217 2485 282 2505 scus
302 2482 409 2512 tempus
432 2476 636 2512 exspectabas:
659 2483 734 2502 nunc
754 2482 850 2502 rursus
880 2474 1004 2501 futurum

220 2523 396 2560 prestolaris.
417 2523 527 2551 Yidesis
542 2531 577 2551 ne
598 2522 738 2557 longiores
752 2521 808 2548 vita
830 2519 991 2562 pollicitatio

219 2579 269 2598 nes
284 2570 377 2598 facere
397 2569 588 2604 comperiaris.
610 2567 706 2596 Nescis
727 2566 793 2602 quid
807 2566 929 2594 crastina
944 2565 1005 2593 dies

221 2618 342 2650 paritura
368 2616 415 2645 sit.
431 2615 470 2644 Ne
493 2615 639 2650 promittas
654 2621 715 2649 qua
730 2621 785 2640 non
807 2617 851 2639 tua
870 2615 944 2639 sunt.
964 2611 1005 2638 Ad

218 2662 303 2688 vitam
317 2661 401 2697 388
416 2665 452 2693 te,
470 2668 486 2688 ο
502 2661 595 2691 homo,
613 2659 760 2686 invitamus
775 2666 781 2683 ;
798 2657 862 2692 quid
878 2660 907 2684 tu
922 2664 1005 2684 voca-

220 2707 323 2734 tionem
351 2707 444 2742 iugis?
469 2707 502 2733 ad
529 2705 690 2733 fruitionem
716 2704 875 2731 bonorum:
896 2702 962 2736 quid
977 2706 1004 2728 tu

220 2751 387 2778 beneﬁcium
419 2751 564 2786 prattcris.’
585 2751 718 2778 caelorum
746 2754 859 2783 regnum
880 2752 1005 2782 apertum

221 2799 265 2822 est
281 2802 288 2820 :
304 2796 349 2822 illc
365 2797 412 2830 qui
432 2800 521 2827 vocat.
538 2795 649 2823 mentiri
665 2794 771 2827 nescit;
791 2793 879 2820 facilis
889 2797 931 2820 est
950 2792 1003 2819 via.

223 2838 283 2867 Non
299 2844 433 2875 tempore,
451 2848 504 2867 non
522 2841 665 2877 impensis,
678 2848 734 2868 non
756 2839 851 2867 labore
866 2845 934 2872 opus
950 2841 1002 2864 est.

1056 928 1105 963 τὴν
1126 929 1177 961 γῆν
1190 922 1241 961 τῆς
1256 924 1424 960 ἐπαγγελίας
1449 925 1493 952 διὰ
1519 925 1549 952 τὸ
1569 925 1728 960 βάπτισμα·
1755 924 1787 950 σὺ
1816 924 1844 950 δὲ

1058 972 1117 1004 πῶς
1138 971 1288 1007 ὲπανέλθῃς
1307 971 1348 1002 είς
1360 971 1406 997 τὸν
1426 970 1599 1005 παράδεισον,
1618 969 1655 1005 μὴ
1669 969 1844 1004 σφραγισθεὶς

1056 1018 1095 1053 τῷ
1115 1018 1301 1053 βαπτίσματι;
1323 1017 1358 1043 Ἦ
1370 1016 1420 1043 οὐκ
1436 1014 1511 1048 οἶδας
1530 1016 1571 1042 ὅτι
1592 1015 1704 1050 φλογίνη
1724 1014 1845 1050 ῥομφαία

1056 1065 1186 1090 τέτακται
1205 1063 1353 1097 φυλάσσειν
1380 1062 1429 1096 τὴν
1457 1061 1516 1088 ὁδὸν
1538 1060 1584 1087 τοῦ
1607 1060 1698 1094 ξύλου,
1714 1061 1769 1092 τοῖς
1794 1060 1843 1095 μὲν

1056 1109 1182 1140 ἀπίστοις
1196 1108 1299 1144 φοϐερὰ
1316 1109 1363 1135 καὶ
1378 1107 1556 1142 φλογίζουσα,
1580 1107 1636 1138 τοῖς
1653 1106 1680 1132 δὲ
1700 1114 1845 1132 πεπιστευ-

1056 1155 1141 1182 κόσιν
1152 1155 1324 1190 εὐπρόσιτος,
1348 1154 1395 1180 καὶ
1418 1152 1525 1188 ἡμέραν
1545 1152 1755 1186 ἐπιλάμπουσας
1777 1151 1844 1178 ἀλλὰ

1057 1201 1104 1228 καὶ
1119 1199 1282 1236 στρέφεσθαι
1304 1198 1389 1234 αὐτὴν
1412 1198 1540 1232 εποίησεν
1565 1198 1579 1224 6
1595 1196 1743 1232 Δεσπότης.
1758 1196 1843 1222 ’Ὁταν

1058 1247 1107 1282 μὲν
1122 1247 1176 1281 γὰρ
1189 1247 1232 1282 ἴδῃ
1247 1245 1353 1276 πιστὸν,
1368 1244 1402 1270 τὰ
1419 1243 1492 1271 νῶτα
1515 1243 1622 1270 δίδωσιν
1632 1251 1639 1256 ·
1657 1242 1721 1268 ὃταν
1739 1241 1768 1268 δέ
1782 1250 1844 1267 τινα

1055 1292 1109 1319 τῶν
1127 1291 1334 1327 ἀσφραγίστων,
1349 1290 1420 1316 κατὰ
1434 1289 1521 1324 στόμα
1538 1288 1729 1323 προσαπαντᾷ,
1751 1287 1843 1318 Ἠλίας

1055 1337 1132 1375 ἅρμα
1159 1336 1246 1372 πυρὸς
1270 1335 1318 1362 καὶ
1338 1336 1438 1367 ἵππους
1452 1334 1581 1370 πυρίνους
1595 1334 1638 1359 ἐπ’
1655 1332 1736 1359 αὐτὸν
1752 1331 1843 1358 ἐλθόν-

1055 1391 1104 1414 τας
1119 1383 1149 1408 οὐ
1173 1382 1343 1416 κατεπλάγη,
1365 1381 1422 1408 ἀλλ’
1437 1379 1574 1415 ἐπιθυμίᾳ.
1594 1380 1642 1413 τῆς
1659 1379 1715 1406 ἅνω
1730 1378 1842 1413 πορείας

1054 1428 1109 1455 τῶν
1136 1428 1259 1464 φοσερῶν
1283 1427 1495 1462 κατετόλμησεν,
1517 1425 1563 1452 καὶ
1582 1423 1652 1460 μετὰ
1665 1423 1842 1459 περιχαρείας

1055 1473 1141 1509 ἐπέϐη
1155 1473 1209 1500 τῶν
1222 1473 1356 1508 φλογίνων
1370 1471 1527 1508 ὀχημάτων,
1542 1472 1556 1498 ὁ
1570 1472 1598 1497 ὲν
1617 1470 1699 1506 σαρκὶ
1715 1470 1769 1502 ζῶν
1783 1470 1822 1496 ἔτι
1833 1478 1840 1484 ·

1056 1519 1088 1546 σὺ
1116 1519 1192 1546 δὲού
1211 1519 1332 1553 πυρίνων
1355 1518 1487 1553 ἁρμάτων
1514 1515 1693 1550 ἐπιϐήσεσθαι
1726 1515 1841 1550 μέλλων,

1057 1564 1124 1591 ἀλλὰ
1137 1564 1172 1591 δι’
1189 1563 1285 1596 ὓδατος
1299 1564 1345 1591 καὶ
1357 1563 1516 1598 Πνεύματος
1533 1561 1689 1590 ἁναὸαίνειν
1702 1562 1742 1593 εἰς
1759 1562 1841 1596 οὐρα-

1054 1611 1109 1643 νὸν,
1125 1611 1174 1637 οὐκ
1192 1610 1347 1645 ὲπιτρέχεις
1362 1610 1395 1645 τῇ
1412 1608 1506 1644 κλήσει
1517 1616 1534 1640 ξ-

1090 1743 1121 1770 Et
1135 1742 1228 1774 δοῦλος
1240 1734 1390 1777 ἀνθρώπων
1413 1737 1495 1776 ἦσθα,
1515 1738 1677 1774 προεγράφη
1696 1737 1724 1763 δὲ
1739 1737 1842 1768 δούλοις

1055 1787 1206 1824 ἐλευθερία,
1219 1787 1269 1814 οὐκ
1285 1786 1317 1812 ἂν
1333 1786 1379 1812 ἐπὶ
1392 1785 1442 1820 τὴν
1464 1783 1562 1819 κυρίαν
1587 1782 1756 1817 ἀπήντησας,
1781 1789 1842 1807 συν-

1057 1834 1175 1870 ηγὸρους
1209 1831 1411 1868 μισθούμενος,
1437 1831 1482 1857 καὶ
1503 1828 1633 1860 δικαστὰς
1662 1826 1840 1862 παρακαλῶν,

1053 1881 1124 1907 ὥστε
1141 1881 1215 1915 πάσῃ
1234 1879 1342 1915 μηχανῇ
1360 1877 1428 1913 πρὸς
1445 1875 1602 1911 ἐλευθερίαν
1618 1873 1808 1909 ὲξαιρεθῆναι;
1824 1873 1840 1906 ἧ

1053 1935 1105 1954 που
1125 1926 1174 1953 καὶ
1186 1926 1310 1961 ῥάπισμα
1325 1923 1373 1959 τὴν
1385 1921 1542 1949 τελευταίαν
1554 1921 1608 1947 τῶν
1621 1919 1721 1946 δούλων
1735 1917 1840 1953 πληγὴν

1054 1972 1124 2007 ὑπὲρ
1152 1971 1201 2006 τῆς
1232 1969 1301 2005 μετὰ
1326 1967 1414 1995 ταῦτα
1437 1966 1492 1993 τῶν
1520 1964 1657 2000 αἰκισμῶν
1681 1962 1841 1997 ἀπαλλαγῆς

1054 2018 1210 2052 κατεδέχου.
1239 2015 1348 2050 Ἐπειδὴ
1366 2014 1394 2041 δὲ
1419 2012 1510 2040 δοῦλον
1527 2012 1591 2038 ὄντα
1608 2019 1638 2037 σε
1660 2010 1719 2044 οὐχὶ
1736 2007 1841 2044 ἀνθρὼ-

1054 2072 1124 2096 πων,
1139 2062 1207 2090 ἀλλὰ
1225 2061 1274 2096 τῆς
1292 2059 1441 2095 ἁμαρτίας,
1463 2057 1540 2085 καλεῖ
1564 2056 1632 2091 πρὸς
1657 2054 1812 2089 ἐλευθερίαν
1827 2054 1841 2080 6

1056 2108 1159 2144 κήρυξ,
1178 2109 1222 2134 ἵνα
1236 2107 1305 2142 λύσῃ
1332 2106 1380 2141 μέν
1406 2113 1436 2131 σε
1460 2104 1511 2139 τῆς
1534 2101 1733 2138 αἰχμαλωσίας,
1747 2101 1839 2126 ἰσοπο-

1053 2156 1129 2190 λίτην
1148 2155 1177 2181 δὲ
1191 2155 1245 2185 τοῖς
1267 2152 1393 2186 ἀγγέλοις
1417 2151 1533 2184 ποιήσῃ,
1555 2149 1602 2174 καὶ
1624 2147 1680 2174 υἱὸν
1701 2146 1750 2182 μὲν
1771 2147 1839 2172 ἀπο-

1021 2210 1041 2238 ο
1054 2201 1129 2237 δείξῃ
1152 2199 1231 2232 Θεοῦ,
1254 2197 1445 2232 εἰσποιηθέντα
1465 2195 1509 2222 διὰ
1532 2194 1581 2229 τῆς
1599 2194 1719 2238 χάριτος,
1740 2191 1839 2238 κληρο-

1055 2232 1135 2280 νόμον
1145 2244 1173 2271 δὲ
1185 2244 1239 2270 τῶν
1250 2242 1359 2277 ἀγαθῶν
1370 2240 1416 2268 τοῦ
1429 2238 1559 2275 Χριστοῦ,
1578 2236 1655 2264 οὔπω
1668 2236 1756 2270 λέγεις
1769 2232 1840 2261 εἶναι

1055 2291 1151 2326 καιρόν
1163 2298 1205 2317 σοι
1219 2287 1348 2322 δέξασθαι
1363 2286 1398 2312 τὰ
1410 2284 1555 2319 δεδομένα,

1091 2379 1159 2406 Πότε
1176 2377 1279 2412 γενήσῃ
1295 2372 1458 2410 Χριστιανός
1471 2381 1478 2404 ;
1498 2371 1563 2397 πότε
1576 2379 1605 2396 σε
1619 2368 1787 2403 γνωρίσομεν
1803 2367 1840 2397 ὡς

1055 2425 1208 2462 ήμέτερονι
1236 2422 1337 2458 Πέρυσι
1358 2420 1404 2446 τὸν
1429 2418 1551 2454 παρόντα
1582 2415 1677 2451 καιρὸν
1696 2413 1838 2462 λὲξεδέχου·

1053 2458 1104 2501 ν’ίῖν
1127 2458 1208 2497 πάλιν
1223 2468 1369 2502 ἀναμένεις
1385 2465 1431 2494 τὸν
1448 2463 1570 2491 ἐπιόντα.
1586 2462 1657 2495 Ὅρα
1673 2460 1711 2495 μὴ
1727 2458 1841 2494 εὑρεθῇς

1058 2515 1229 2552 μακροτέρας
1256 2512 1307 2546 τῆς
1331 2511 1405 2545 ζωῆς
1429 2509 1479 2540 τὰς
1497 2506 1656 2541 ὑποσχέσεις
1670 2504 1840 2552 ποιούμενος..

1057 2548 1203 2591 ὸύκίοἷδας
1219 2558 1244 2585 τί
1262 2557 1366 2590 τέξεται
1387 2553 1538 2591 ὴρέπιοῦσα.
1556 2552 1601 2587 Μὴ
1623 2550 1789 2584 ἐπαγγέλλου
1807 2548 1842 2574 τὰ

1058 2608 1096 2644 μὴ
1113 2607 1158 2633 σὰ..
1185 2604 1246 2631 Ἐπὶ
1261 2604 1334 2636 ζωήν
1350 2610 1379 2628 σε
1397 2600 1542 2634 καλοῦμεν,
1558 2598 1683 2633 ἄνθρωπε
1697 2605 1704 2612 ·
1728 2595 1755 2644 τί
1772 2595 1842 2644 diro-

1057 2640 1168 2687 tpeiiyst;
1196 2649 1246 2684 τὴν
1274 2648 1388 2682 κλῆσιν;
1411 2646 1457 2673 ἐπὶ
1483 2644 1591 2678 ἀγαθῶν
1627 2642 1789 2677 μετουσίαν·
1817 2640 1842 2667 τί

1057 2686 1229 2732 υπερὸαίνεις
1253 2694 1301 2729 τὴν
1329 2692 1448 2726 δωρεάν;
1472 2689 1601 2717 Βασιλεία
1616 2687 1738 2722 οὐρανῶν
1768 2686 1841 2721 ἠνοι-

1057 2752 1136 2772 κται·
1153 2744 1166 2768 ὀ
1185 2741 1276 2768 καλῶν
1297 2738 1424 2773 ἀψευδὴς,
1447 2738 1465 2772 ἡ
1485 2736 1543 2768 ὁδὸς
1566 2734 1663 2771 ῥᾳδία)
1679 2733 1710 2759 οὗ
1732 2733 1844 2767 χρόνου,

1056 2791 1085 2817 οὐ
1109 2789 1240 2822 δαπάνης,
1261 2786 1290 2812 οὺ
1313 2783 1503 2820 πραγματείας
1522 2781 1601 2817 χρεία
1613 2788 1621 2795 ³
1639 2780 1664 2807 τί
1680 2778 1801 2813 ἀναόὑῃς
1817 2777 1845 2804 τί

1057 2835 1126 2870 φοίῇ
1157 2834 1202 2860 τὶν
1231 2831 1320 2865 ζυγδν,
1357 2830 1450 2864 ὥσπερ
1487 2827 1599 2858 δάμαλις
1636 2824 1845 2859 ἀπειρόζυγοςζ
