2074 3115
174 157 241 190 1273

813 159 932 190 SACRA
948 160 1177 190 PARALLELA.

1735 158 1801 192 1274

174 216 290 251 χρηστός
305 217 390 248 ἐστιν,
408 215 523 250 ἐλαφρός
543 216 628 247 ἐστιν,
645 217 675 242 οὐ
691 216 778 251 τρίϐει
794 217 840 243 τὸν
852 215 964 251 αὐχένα,

1027 214 1088 248 Quid
1115 214 1241 249 refugis?
1271 221 1319 241 cur
1347 219 1475 250 tanquam
1508 216 1612 244 vitulus
1642 216 1800 251 inexpertus

174 263 243 290 ἀλλὰ
256 261 372 294 δοξάζει.
390 262 427 288 Οὐ
451 262 504 297 γὰρ
531 262 671 297 δεσμεῖται
690 263 707 297 ἡ
728 262 827 298 ζεύγλη
840 263 903 298 περὶ
915 263 961 289 τὸν

174 308 320 344 τράχηλον.
349 307 526 340 Αὺτεξούσιον
559 308 684 343 ἐπιζητεῖ
723 309 769 335 τὸν
797 309 960 343 ὐφέλκοντα.

181 354 262 389 Ὁρᾷς
284 354 325 380 ὅτι
349 354 542 388 κατηγορεῖται
561 353 691 388 Ἑφραῒμ.
711 354 805 389 ὥσπερ
827 354 964 388 οἰστρῶσα

175 399 301 435 δάμαλις,
322 399 363 426 ὅτι
383 399 489 426 ἄτακτα
513 399 724 434 περιπλανᾶται,
741 399 788 427 τὸν
815 399 860 427 τοῦ
881 400 962 435 νόμου

178 446 262 480 ζυγὸν
271 445 422 480 ἀτιμάζων.
438 445 552 477 ’Υπόοες
565 454 612 472 σου
625 445 671 472 τὸν
681 445 836 481 ἀδάμαστον
846 446 963 481 αὐχένα*

178 492 257 526 γενοῦ
272 492 418 525 ὑποζύγιον
427 491 475 519 τιῒῦ
490 492 620 527 Χριστοῦ,
642 493 685 519 ἴνα
706 493 743 528 μὴ
768 493 903 528 ἀφέμενος
916 495 966 529 τῆς

179 537 307 572 ζεύγλης,
331 536 397 572 μηδὲ
420 536 615 570 ἐλευθεριάζων
629 537 667 572 τῷ
682 537 742 573 βίῳ,
761 538 966 574 εὐεπιχείρητος

178 582 210 619 ᾗς
227 583 284 612 τοῖς
300 581 416 616 θηρίοις.
431 581 581 614 Γεύσασθε,
597 583 644 609 καὶ
663 582 732 609 ἴδετε
755 583 796 610 δτι
820 583 938 618 χρηστὸς
952 584 966 609 ὁ

181 629 292 663 Κύριος.
322 627 484 663 Γλυκύτητα
521 627 629 662 μέλιτος
657 629 716 659 πῶς
744 629 886 663 ἀναγγελῶ
910 630 966 660 τοῖς

181 673 325 707 ἀγνοοῦσι;
348 672 485 700 Γεύσασθε
501 673 549 700 καὶ
568 673 646 701 ἴδετε.
660 673 792 708 Αἴσθησις
807 675 907 706 παντὸς
922 674 966 701 λό-

180 726 229 752 γου
240 719 433 755 ἐναργεστέρα.

219 857 276 884 Νῦν
288 857 381 893 ὥσπερ
397 857 444 884 ἐπὶ
454 858 590 893 τρυτάνης
608 857 720 885 ἑστάναι
745 857 839 893 νόμιζέ
853 867 899 884 σου
918 858 968 893 τὴν

183 903 283 939 ψυχὴν,
300 903 375 930 ἐνθεν
393 904 439 931 ὑπ’
459 905 593 938 ἀγγέλων,
618 904 746 931 κάκεῖθεν
769 904 821 931 ὑπὸ
835 904 968 939 δαιμόνων

185 949 343 984 ἑλκομένην.
358 950 486 984 ’Δγγελοί
502 958 531 976 σε
545 950 790 986 παραλήψονται,ἢ
809 950 968 983 καθέξουσιν

185 996 209 1022 oi
226 997 395 1031 κατέχοντες.
423 996 483 1023 Ἐπὶ
501 997 680 1032 παρατάξεως
706 998 730 1023 οἱ
757 997 905 1033 στρατηγοὶ
939 997 970 1023 τὸ

185 1041 306 1077 σύνθεμα
327 1043 384 1073 τοῖς
414 1041 459 1068 ὑπ’
490 1042 582 1073 αὐτοῖς
599 1042 785 1077 διανέμουσιν,
806 1042 851 1069 ἵνα
878 1042 925 1069 καὶ
945 1042 970 1068 οἱ

186 1087 258 1121 φίλοι
276 1087 375 1122 ῥᾳδίως
392 1087 582 1114 ἀνακαλῶνται
601 1087 743 1123 ἀλλήλους,
761 1088 808 1115 καὶ
826 1088 895 1123 πρὸς
908 1088 970 1119 τοὺς

186 1131 323 1164 ἐναντίους
334 1132 363 1158 ἐν
372 1133 432 1163 ταῖς
447 1132 617 1168 συμπλοκαῖς
629 1133 829 1168 ἀναμιχθεῖσιν,
842 1134 971 1168 εὐκρινὴς

185 1177 296 1204 δύναται
318 1177 451 1213 ὑπάρχειν
468 1178 482 1204 ό
503 1178 652 1214 χωρισμός.
673 1178 767 1210 Οὐδεὶς
789 1178 971 1213 ἐπιγνώσεται

187 1231 229 1254 σε,
246 1224 270 1249 εί
287 1223 420 1259 ἡμέτερος
433 1221 467 1256 εἴ,
483 1223 499 1259 ἣ
518 1224 570 1250 τῶν
592 1224 771 1256 ὑπεναντίων,
794 1225 842 1250 ἐὰν
857 1224 895 1259 μὴ
915 1225 972 1255 τοῖς

189 1269 330 1302 μυστικοῖς
351 1268 496 1303 συμϐόλοις
514 1269 641 1305 παράσχῃ
655 1269 705 1305 τὴν
723 1269 887 1304 οἰκειότητα.
909 1268 973 1295 Ἐὰν

189 1312 227 1349 μὴ
242 1314 382 1349 σημειωθῇ
397 1314 443 1340 ἐπὶ
458 1314 486 1340 σὲ
505 1315 535 1340 τὸ
554 1315 611 1352 φῷς
626 1315 673 1343 τοῦ
689 1315 836 1350 προσώπου
858 1315 972 1351 Κυρίου,

187 1358 247 1389 πῶς
271 1359 512 1394 ἀντιποιηθήσεταί
536 1369 582 1387 σου
602 1361 616 1386 ὁ
636 1360 750 1394 ἄγγελος
766 1369 772 1393 ;
796 1361 856 1392 πῶς
878 1361 906 1387 δὲ
923 1361 974 1395 ἀφ-

189 1403 289 1430 ελεῖται
304 1404 358 1431 τῶν
376 1404 489 1440 ἐχθρῶν.
499 1405 547 1432 ἐὰν
570 1406 608 1440 μὴ
632 1399 735 1442 ἐπίγνῷ
751 1406 801 1441 τὴν
818 1407 973 1442 σφραγῖδας

1013 262 1090 297 iugo,
1106 262 1201 298 iugum
1220 262 1340 289 metuis?
1357 269 1442 290 suave
1453 266 1507 296 est,
1527 263 1586 290 leve
1600 267 1653 290 est.
1670 263 1727 290 Non
1742 271 1803 291 cer-

1014 307 1104 335 vicem
1136 307 1250 342 premit,
1274 307 1322 335 sed
1351 307 1469 342 gloriam
1494 308 1636 335 conciliat.
1653 308 1712 336 Non
1729 309 1802 335 enitn

1013 354 1085 381 collo
1105 354 1216 389 jugum’
1227 354 1405 388 astringitur,
1434 353 1482 382 sed
1506 355 1579 381 ultro
1603 359 1630 382 et
1648 355 1731 382 libere
1748 359 1803 382 tra-

1015 400 1125 428 hentem
1147 400 1245 435 poscit.
1273 399 1355 427 Vides
1382 400 1506 428 accusari
1530 400 1671 435 Ephraim,
1698 401 1736 428 uti
1757 401 1802 436 ju-

1014 446 1158 473 vcnculam
1181 449 1268 473 (estro
1283 445 1415 480 percitam
1442 445 1525 479 (Osee
1542 454 1570 477 x,
1594 446 1656 482 Η),
1678 447 1741 481 quia
1763 450 1801 474 te-

1016 498 1090 518 mere
1107 491 1168 518 huc-
1196 495 1223 518 et
1235 491 1300 518 illnc
1312 496 1438 526 vagatur,
1449 492 1515 527 legis
1531 499 1684 526 aspernans
1697 493 1804 527 jugum.

1017 536 1130 571 Subjicc
1148 536 1313 564 indomitqu
1329 537 1430 564 collum
1456 542 1533 565 tuum
1547 546 1556 571 ;
1573 543 1634 566 esto
1648 538 1804 572 jumentum

1016 582 1119 610 Christi
1137 591 1144 610 :
1161 590 1196 610 ne
1211 582 1315 617 alioqui
1330 583 1354 609 si
1368 583 1462 618 jugum
1480 585 1647 616 excusseris,
1664 584 1806 619 soluteque

1017 632 1044 656 et
1059 628 1147 655 libere
1174 628 1288 659 vixeris,
1313 628 1412 662 praedae
1432 628 1532 656 belluis
1566 630 1615 656 sis.
1640 629 1765 662 Gustate,
1780 634 1807 656 et

1018 674 1121 705 videte,
1138 674 1268 708 quoniam
1287 674 1382 701 suavis
1398 674 1527 702 Christus
1555 674 1687 701 Dominus
1711 674 1806 709 (Psal.

1019 728 1115 751 χχχιιι,
1132 720 1177 753 9).
1193 717 1282 745 Mellis
1299 719 1473 747 dulcedinem
1493 719 1604 754 quinam
1623 720 1725 754 ignaris
1741 727 1807 753 prae-

1020 767 1167 794 dicavcro?
1192 766 1306 795 Gustata
1326 771 1354 794 et
1381 766 1483 794 videte.
1505 765 1609 793 Sensus
1635 766 1732 800 quovis
1750 773 1807 792 ser-

1021 819 1102 838 mone
1121 812 1260 839 valentior
1274 812 1466 846 eﬂicaciorque
1478 815 1531 839 est.

1055 857 1134 885 Nunc
1154 858 1272 885 animum
1291 862 1364 884 tuam
1390 858 1465 885 velut
1491 858 1518 884 in
1536 857 1639 883 trutina
1661 860 1735 883 stare
1750 856 1808 883 exi—

1019 905 1111 936 stima,
1129 909 1210 939 atque
1230 905 1294 931 hinc
1322 905 1357 931 ab
1379 904 1497 938 angelis,
1521 903 1586 930 hinc
1605 910 1619 929 a
1636 902 1807 930 daemonibus

1019 951 1101 978 trahi.
1129 951 1224 986 Augeli
1251 956 1276 979 te
1307 951 1459 986 excipient,
1484 955 1531 977 aut
1546 951 1686 978 daemones
1704 949 1806 976 retine-

1020 997 1098 1024 bunt.
1116 996 1144 1023 In
1173 996 1232 1024 acie
1256 997 1340 1024 duces
1367 1000 1500 1023 tesseram
1523 995 1656 1022 militibus
1681 995 1740 1022 suis
1756 994 1808 1021 tri-

1021 1042 1118 1075 buunt,
1133 1046 1162 1068 ut
1187 1045 1214 1068 et
1241 1049 1300 1069 sese
1321 1041 1438 1068 invicem
1464 1040 1544 1067 amici
1563 1039 1645 1066 facile
1663 1042 1809 1072 ‘revoceut,

1021 1088 1080 1116 etsi
1097 1089 1123 1115 in
1140 1095 1230 1122 pugna
1246 1095 1308 1115 cum
1331 1087 1457 1114 hostibus
1475 1087 1599 1122 permiin
1618 1085 1731 1117 fuerint,
1749 1093 1812 1119 pcr-

1022 1134 1115 1167 spicue
1129 1133 1220 1160 dirimi
1243 1138 1355 1168 queant.
1383 1132 1468 1160 Nemo
1488 1137 1513 1159 te
1525 1153 1532 1164 ,
1550 1135 1646 1159 noster
1665 1131 1713 1163 sis,
1730 1138 1763 1157 an
1778 1138 1812 1157 ex

1022 1179 1200 1218 adversariis,
1226 1184 1375 1213 agnoscet,
1405 1178 1458 1206 nisi
1488 1186 1537 1213 per
1562 1178 1675 1214 mystica
1691 1177 1811 1212 symbola

1025 1225 1103 1252 fidem
1121 1225 1207 1253 facias
1224 1229 1250 1252 te
1266 1232 1328 1252 esse
1341 1229 1478 1252 nostrum.
1498 1222 1556 1251 Nisi
1579 1224 1718 1259 signatum
1731 1229 1813 1257 super

1025 1273 1050 1296 te
1067 1268 1149 1297 fuerit
1167 1269 1258 1296 lumen
1272 1269 1366 1296 vultus
1382 1268 1490 1296 Domini
1505 1288 1512 1299 ,
1529 1275 1646 1302 quonam
1666 1267 1746 1294 modo
1762 1274 1812 1293 an-

1024 1314 1101 1349 gelus
1123 1317 1150 1342 te
1173 1313 1344 1341 vindicabit?
1375 1313 1513 1348 quomodo
1530 1317 1555 1340 te
1574 1312 1702 1340 hostibus
1723 1316 1814 1339 extor-

1025 1360 1133 1394 quebit,
1151 1359 1204 1387 nisi
1219 1360 1338 1394 sigillum
1352 1359 1520 1394 agnoverit?
1538 1358 1591 1391 Qui
1606 1365 1670 1385 vero
1690 1357 1815 1384 dicturus

1026 1406 1076 1437 sis,
1091 1404 1138 1432 Dei
1158 1412 1230 1437 sum,
1247 1405 1270 1432 si
1289 1404 1392 1432 indicia
1409 1409 1499 1432 tecum
1515 1411 1571 1431 non
1586 1403 1678 1431 feras?
1691 1403 1733 1430 An
1749 1402 1814 1430 illud

190 1449 251 1481 Πῶς
265 1450 293 1476 δὲ
311 1451 343 1477 σὺ
357 1451 440 1486 ἐρεῖς,
455 1451 508 1477 Τοῦ
523 1451 590 1478 Θεοῦ
601 1452 717 1487 είμι,μὴ
728 1452 927 1487 ἐπιφερόμενος
941 1451 975 1478 τὰ

1027 1451 1129 1484 nescis.
1142 1451 1215 1486 quod
1228 1451 1430 1479 exterminator
1446 1451 1570 1485 signatas
1586 1449 1684 1477 domos
1702 1453 1814 1484 praeter-

189 1495 384 1530 γνωρίσματα;
408 1497 443 1522 Ἢ
468 1498 584 1530 ἀγνοεῖς,
605 1497 647 1524 ὅτι
676 1497 726 1529 τὰς
753 1498 975 1533 ἐσφραγισμένος

1028 1497 1094 1529 ibat.
1109 1501 1137 1524 et
1152 1497 1178 1524 in
1204 1497 1258 1525 illis
1280 1505 1343 1532 quae
1364 1498 1479 1532 signata
1495 1504 1549 1523 non
1573 1501 1664 1528 erant,
1681 1496 1815 1530 primoge-

190 1540 278 1570 οἰκίας
298 1541 312 1567 ὸ
331 1541 492 1576 ὀλοθρευτὴς
510 1542 694 1577 ὑπερϐαίνων,
709 1543 738 1568 ὲν
753 1542 780 1569 δὲ
794 1544 855 1574 ταῖς
867 1543 975 1578 ἀσφρα-

1030 1543 1102 1570 nitos
1121 1542 1323 1570 iuterticicbat?
1345 1541 1507 1569 Thesaurus
1522 1548 1575 1568 non
1598 1540 1761 1574 obsignatus
1776 1540 1815 1567 in-

190 1584 294 1617 γίστοις
318 1585 482 1618 κατεφόνευε
507 1586 542 1612 τὰ
568 1587 747 1621 πρωτότοκα;
778 1588 978 1623 Ἀσφράγιστος

190 1628 338 1664 θησαυρὸς,
359 1629 564 1665 εὐεπιχείρητος
586 1631 727 1663 κλέπταις.
747 1632 885 1668 Πρὸὃατον
910 1633 978 1667 ἀση-

193 1675 320 1709 μείωτον,
336 1675 486 1707 ἀκινδύνως
503 1676 720 1704 ἐπιϐουλεύεται.
743 1677 812 1708 Νὲος
828 1675 872 1710 sl;
890 1678 979 1712 ἀσφά-

190 1719 263 1746 λισαι
286 1718 335 1754 τὴν
365 1720 479 1755 νεότητα
509 1719 548 1756 τῷ
574 1720 622 1747 τοῦ
649 1721 836 1757 βαπτίσματος
866 1722 977 1758 χαλινῷ.

192 1766 374 1802 Παρέδραμεν
396 1768 414 1802 ἡ
433 1768 526 1803 ἀκμή;
545 1768 582 1803 μὴ
600 1769 743 1805 ζημιωθῇς
760 1770 795 1797 τὰ
808 1770 902 1805 ἐφόδια
916 1779 922 1785 ·
941 1771 978 1805 μὴ

192 1811 329 1847 ἀπολέσῃς
350 1811 384 1838 τὰ
407 1812 580 1849 φυλακτήρια
593 1821 600 1829 ’
616 1814 654 1850 μὴ
671 1816 735 1851 περὶ
750 1816 799 1851 τῆς
823 1816 978 1852 ἑνδεκάτης,

192 1855 230 1885 ὡς
245 1857 308 1892 περὶ
327 1857 438 1892 πρώτης
457 1857 573 1886 διανοοῦ.

230 1902 263 1929 Et
282 1911 323 1935 τις
343 1903 444 1939 ἰατρῶν
458 1904 640 1939 ὲπηγγείλατό
653 1914 694 1932 σοι
714 1908 849 1942 μηχαναῖς
862 1916 917 1934 τισι
934 1909 980 1935 καὶ

193 1949 328 1981 ἐπινοίαις
344 1950 404 1976 νέον
423 1951 509 1977 ποιεῖν
522 1952 554 1978 ὲκ
567 1951 704 1988 γέροντος,
722 1953 772 1979 οὐκ
788 1953 821 1980 ἂν
845 1954 981 1990 ἐπεθύμη-

196 2004 246 2027 σας
274 1995 361 2022 ἐλθεῖν
385 1996 428 2023 ἐπ’
453 1997 562 2032 ἐκείνην
577 1997 626 2033 τὴν
639 1998 757 2034 ἡμέραν,
780 1996 844 2036 ἐνῇ
868 2000 980 2027 σεαυτὸν

194 2042 260 2076 ὸρᾷν
275 2041 387 2076 ἔμελλες
401 2042 470 2076 πρὸς
482 2043 574 2078 ἀκμὴν
588 2043 808 2079 ὑποστρέφοντα;
826 2046 935 2081 Ἐπειδὴ
953 2046 981 2072 δὲ

194 2087 244 2121 τὴν
267 2087 354 2122 ψυχήν
376 2096 422 2114 σου
447 2088 629 2124 ἀναθαλήσειν
661 2090 860 2124 ἐπαγγέλλεταί
884 2100 925 2118 σοι
951 2092 982 2118 τὸ

196 2131 348 2166 βάπτισμα,
365 2132 397 2168 ἣν
422 2132 455 2159 σὺ
472 2133 656 2166 ὲπαλαίωσας,
676 2135 723 2161 καὶ
743 2135 874 2169 ρυπῶσαν
895 2135 982 2170 αὐτὴν

196 2178 228 2204 ὲκ
237 2177 292 2204 τῶν
305 2177 436 2212 ἀνομιῶν,
451 2178 498 2205 καὶ
513 2179 702 2214 ὲσπιλωμὲνην
724 2180 878 2213 ἀπέδειξας,
897 2189 982 2207 κατα-

1029 1588 1108 1617 sidiis
1129 1587 1220 1615 furum
1237 1591 1322 1622 patet.
1343 1587 1430 1615 Pecus
1446 1586 1523 1613 nullo
1540 1586 1620 1620 signo
1636 1589 1737 1612 notata
1747 1585 1816 1612 citra

1029 1634 1182 1670 periculum
1207 1633 1355 1669 appetitur.
1381 1631 1496 1660 Iuvenis
1519 1632 1568 1659 es?
1592 1630 1722 1666 baptismi
1739 1630 1821 1663 signo

1026 1681 1200 1715 juventutem
1218 1684 1291 1706 tuam
1319 1678 1446 1712 obfirma,
1469 1681 1496 1705 et
1511 1677 1538 1705 in
1555 1680 1615 1705 tuto
1630 1676 1747 1704 colloca.
1767 1675 1816 1702 Ve‘

1033 1729 1094 1760 gela
1122 1729 1187 1752 aetas
1213 1724 1335 1752 emuxit?
1362 1723 1471 1751 eavcsis
1493 1730 1528 1750 ne
1543 1722 1645 1750 viatico
1661 1729 1768 1752 careas.
1795 1729 1830 1750 ne

1029 1771 1187 1806 praesidium
1203 1778 1236 1798 ac
1257 1770 1331 1798 velut
1356 1770 1505 1797 amuletum
1521 1768 1633 1796 amittas
1652 1777 1660 1795 :
1679 1774 1768 1801 neque
1785 1766 1819 1793 dc

1031 1818 1176 1846 undecima
1194 1817 1263 1844 hora
1282 1822 1412 1852 tanquam
1428 1816 1463 1844 de
1476 1816 1565 1852 prima
1580 1814 1696 1851 cogites.

1068 1910 1096 1938 Si
1113 1909 1176 1946 quis
1193 1910 1318 1938 medicus
1341 1909 1394 1937 hoc
1410 1909 1458 1936 tibi
1476 1908 1642 1944 quibusdam
1659 1906 1765 1934 artibus
1779 1905 1817 1933 fa-

1031 1964 1141 1986 cturum
1154 1966 1184 1986 se
1201 1958 1388 1993 polliceretur,
1406 1960 1436 1983 ut
1465 1963 1480 1982 a
1505 1959 1649 1983 senectute
1666 1954 1699 1981 ad
1722 1953 1818 1988 juvcn-
1851 1948 1860 1956 ⁸

1032 2008 1089 2031 tam
1110 2003 1226 2035 redires,
1244 2009 1336 2029 annon
1349 2001 1381 2028 ad
1400 2001 1472 2029 diem
1490 2000 1567 2028 illum
1581 1999 1676 2027 venire
1692 2005 1819 2033 cuperes,

1033 2050 1059 2077 in
1078 2056 1133 2084 quo
1159 2053 1185 2076 te
1204 2048 1304 2076 iterum
1329 2047 1555 2082 juvenescentem
1582 2044 1731 2073 cerneres?
1752 2043 1819 2070 Cum

1033 2098 1124 2122 autem
1152 2093 1308 2129 baptismus
1330 2093 1382 2120 hoc
1409 2092 1458 2120 tibi
1484 2098 1514 2119 se
1534 2091 1671 2119 facturum
1692 2088 1820 2124 Spondet,

1034 2145 1064 2168 ut
1079 2141 1170 2167 anima
1184 2145 1241 2171 tua,
1257 2147 1340 2173 quam
1352 2142 1490 2166 vetustate
1503 2136 1661 2169 confecisti,
1677 2141 1703 2163 et
1720 2135 1821 2170 iniqui-

1034 2190 1121 2213 tatum
1156 2185 1233 2220 rugis
1261 2191 1386 2219 asperam
1413 2183 1569 2218 fcedamque
1596 2181 1751 2214 reddidisti,
1785 2179 1820 2207 ad

196 2224 307 2258 φρονεῖς
329 2222 376 2249 τοῦ
398 2223 556 2258 εύεργέτου;
572 2225 609 2250 υὺ
633 2225 812 2261 προστρέχεις
831 2225 869 2261 τῷ
895 2227 975 2260 ἑπαγ-

1035 2231 1183 2266 pristinum
1213 2229 1308 2257 liorem
1333 2229 1438 2261 redeat.
1465 2228 1537 2256 bene
1558 2228 1593 2255 de
1614 2231 1641 2255 te
1668 2229 1820 2254 merentem

197 2268 329 2304 γέλματις
344 2269 400 2296 Οὐκ
415 2269 559 2305 ἐπιθυμεῖς
576 2270 639 2297 ίδεῖν
653 2271 679 2297 τί
692 2271 723 2297 τὸ
742 2271 812 2306 μέγα
828 2271 920 2307 θαῦμα
931 2272 982 2307 τῆς

197 2315 386 2349 ὕποσχέσεως;
405 2315 464 2346 πῶς
483 2314 546 2341 ἄνευ
562 2316 664 2350 μητρὺς
684 2316 864 2351 ἀναγεννᾶται
877 2317 979 2352 ἄνθρω-

198 2365 267 2389 ποςς
286 2357 344 2389 πῶς
358 2358 372 2383 ὁ
388 2358 586 2393 παλαιούμενος
597 2360 643 2385 καὶ
655 2360 834 2396 φθειρόμενος
849 2362 919 2388 κατὰ
935 2362 983 2393 τὰς

199 2403 347 2438 ἐπιθυμίας
361 2404 411 2438 τῆς
430 2405 548 2440 ἀπάτης,
573 2407 676 2442 σφριγᾷ
701 2407 792 2441 πάλιν,
814 2408 861 2435 καὶ
884 2409 982 2445 ἀνηϐᾷ,

200 2448 247 2474 καὶ
260 2448 300 2479 είς
311 2448 342 2474 τὺ
355 2449 483 2484 ἀληθινὸν
494 2451 573 2482 ἄνθος
583 2452 632 2487 τῆς
645 2452 770 2488 νεότητος
783 2453 965 2489 ἐπανέρχεται
976 2463 984 2488 ;

200 2493 344 2528 Βάπτισμα
365 2495 546 2529 αίχμαλώτοις
566 2497 672 2532 λύτρον,
692 2499 857 2534 ὀφλημάτων
878 2500 984 2534 ἄφεσις,

200 2539 316 2571 θάνατος
326 2540 474 2575 ἁμαρτίας,
489 2542 681 2577 παλιγγενεσία
695 2544 793 2580 ψυχῆς,
810 2545 911 2580 ἔνδυμα
929 2554 985 2580 φω-

201 2584 299 2617 τεινὸν,
318 2586 436 2621 σφραγὶς
462 2588 681 2624 ἀνεπιχείρητος,
698 2591 790 2626 ὄχημα
815 2592 884 2627 πρὸς
904 2592 986 2627 οὐρα-

201 2630 256 2663 νὸν,
282 2629 420 2665 βασιλείας
451 2633 589 2667 πρόξενον,
611 2635 746 2668 υἱοθεσίας
776 2636 909 2672 χάρισμα.
937 2637 986 2664 Tom

202 2675 307 2703 σούτων
330 2676 442 2710 ἀγαθῶν
457 2679 503 2705 καὶ
517 2680 694 2715 τηλικούτων,
711 2682 797 2715 ἄθλιε,
816 2684 987 2719 προτιμωτέ-

203 2729 254 2756 ραν
270 2721 347 2756 ἄγεις
360 2722 408 2758 τὴν
421 2723 533 2759 ἡδονήν;
551 2725 612 2752 Νοῶ
622 2727 676 2761 γάρ
693 2735 741 2753 σου
758 2728 808 2763 τὴν
824 2729 985 2764 ὑπέρθεσιν·

203 2768 254 2795 κᾶν
269 2769 449 2805 περιστέλλῃς
461 2772 516 2802 τοῖς
530 2771 660 2807 ῥήμασιν.
679 2773 754 2800 Acca;
775 2774 823 2809 βοᾷ
844 2774 878 2801 τὰ
902 2777 988 2810 πράγ-

208 2823 290 2847 ματα,
304 2815 355 2842 κᾶν
373 2817 405 2852 τῇ
417 2818 492 2852 φωνῇ
505 2818 724 2852 σιωπᾷς.’¹Εασον
738 2820 938 2856 ἀποχρήσωμαι
955 2823 987 2857 τῇ

205 2862 287 2896 σαρκὶ
304 2862 370 2898 πρὸς
385 2863 434 2899 τὴν
456 2864 605 2892 ἀπόλαυσιν
625 2864 678 2892 τῶν
692 2866 822 2901 αἰσχρῶν,
837 2867 989 2901 ὲγκυλισθῶ

1034 2276 1202 2309 contemnis,
1218 2283 1269 2303 nec
1284 2275 1318 2303 ad
1334 2274 1493 2310 huiusmodi
1521 2273 1748 2309 pollicitationem
1772 2279 1822 2299 ac-

1034 2322 1146 2350 curris?
1164 2321 1223 2349 Non
1240 2321 1417 2356 concupiscis
1428 2321 1522 2348 videre
1539 2320 1634 2355 ingens
1655 2319 1722 2347 illud
1737 2318 1822 2345 mira-

1035 2368 1139 2400 culum,
1161 2366 1236 2402 quod
1265 2366 1315 2393 tibi
1338 2365 1526 2401 promittitur?
1556 2372 1663 2399 nempe,
1683 2363 1823 2399 quomodo

1036 2413 1110 2440 nulla
1127 2412 1226 2439 matris
1244 2419 1326 2445 opera
1348 2411 1431 2439 homo
1445 2410 1603 2438 renascitur
1620 2408 1780 2444 :quomodo
1799 2409 1823 2436 is

1035 2459 1082 2494 qui
1099 2462 1264 2486 vetustatem
1284 2457 1437 2489 contraxit,
1451 2457 1568 2492 jamque
1586 2455 1731 2483 desideriis
1745 2462 1824 2482 erro-

1036 2505 1074 2533 ris
1092 2509 1244 2539 corruptus
1255 2507 1438 2536 cst,,rursum
1456 2502 1531 2537 viget
1546 2505 1574 2529 et
1586 2500 1725 2536 pubescit,
1742 2503 1825 2534 atque

1038 2551 1070 2579 ad
1091 2558 1184 2578 verum
1201 2549 1291 2577 aetatis
1304 2548 1400 2577 ﬂorem
1417 2547 1509 2576 redit?
1529 2547 1686 2582 Baptismus
1699 2545 1825 2581 captivo-

1038 2604 1099 2623 rum
1128 2595 1284 2630 redemptio
1309 2599 1362 2627 est,
1388 2593 1545 2621 debitorum
1577 2592 1717 2623 remissio,
1749 2598 1825 2618 mors

1038 2641 1155 2677 peccati.
1169 2640 1269 2667 animae
1284 2637 1468 2674 regeneratio,
1489 2636 1664 2673 splendidum
1680 2635 1825 2663 indumen-

1038 2689 1109 2718 tum,
1126 2685 1248 2720 sigillum
1273 2684 1377 2712 nullius
1393 2687 1523 2711 conatum
1548 2686 1685 2714 metuens,
1710 2680 1825 2708 vehicu-

1039 2732 1094 2759 lum
1116 2730 1143 2758 in
1170 2731 1283 2763 omium,
1309 2730 1387 2765 regni
1413 2729 1584 2762 conciliator,
1606 2728 1760 2764 adoptionis
1777 2727 1826 2755 be-

1040 2778 1178 2806 ncticium.
1201 2776 1288 2805 Totnc
1315 2777 1455 2812 tantisque
1480 2775 1560 2804 bonis
1587 2775 1776 2810 voluptatem.
1809 2781 1825 2801 ο

1040 2824 1134 2856 miser,
1166 2823 1364 2858 praeferendam
1390 2823 1491 2858 putas?
1520 2822 1646 2857 Intelligo
1672 2821 1745 2849 enim
1765 2827 1827 2855 quae

1041 2870 1091 2898 tibi
1107 2870 1247 2899 dilationis
1275 2879 1358 2900 causa
1377 2871 1423 2904 sit,
1441 2870 1492 2899 ctsi
1515 2870 1607 2900 verbis
1632 2878 1690 2898 cam
1707 2868 1824 2904 obtegis.
