2074 3115
275 150 342 183 1275

867 148 897 178 S.
916 147 1077 179 JOANNIS
1094 148 1311 178 DAMASCENI

1837 151 1903 184 1276

275 207 327 235 lies
342 214 407 242 ipse
422 205 506 241 389
520 205 652 237 clamant,
679 205 732 233 etsi
751 211 820 232 voce
845 204 922 232 siles.
949 205 1015 233 Sine
1032 209 1063 232 ιιι

1125 203 1153 238 ῖῷ
1167 203 1292 239 βορϐόρῳ
1321 202 1376 229 τῶν
1394 201 1506 237 ἡδονῶν,
1522 201 1630 237 αἱμάξω
1653 202 1703 235 τὰς
1720 204 1824 240 χεῖρας,
1849 209 1902 242 ἀφ-

273 259 356 280 carne
371 251 403 278 ad
418 251 543 285 turpium
560 257 652 277 rerum
675 249 835 277 fruitionem
856 249 964 281 abutar,
986 253 1016 277 ut
1035 250 1061 277 in

274 299 447 332 voluptatum
466 303 547 323 emno
560 297 681 328 voluter,
704 299 734 322 ut
751 302 850 322 manus
864 299 1018 328 eruentem,
1035 300 1064 322 ut

275 345 365 372 aliena
397 344 513 378 rapiam,
540 346 651 370 versute
673 342 809 374 incedam,
831 341 963 376 pejerem,
984 349 1063 368 men-

276 391 329 417 tiar
349 399 356 417 :
372 397 403 417 ac
421 394 479 417 tum
495 389 676 424 baptismum,
697 395 759 415 cum
775 387 907 422 peccandi
931 388 1011 416 finem
1027 388 1066 416 fe-

276 443 351 467 cero.
369 435 532 470 suscipiam.
558 434 662 469 Ecquis
691 438 782 462 autem
802 434 850 461 tibi
875 426 936 462 vitae
965 439 1064 461 metam

277 480 356 508 fixit?
371 481 433 515 quis
452 480 500 507 tibi
529 479 681 508 senectutis
700 478 848 506 terminum
877 479 1066 514 prtescripsit?

277 526 340 561 quis
368 525 441 561 apud
468 531 494 552 te
517 530 572 552 tam
602 525 724 559 locuples
753 524 910 551 futurorum
929 524 1066 559 sponsor?

277 573 375 599 Annon
392 571 468 599 vides
481 570 602 598 infantes
620 575 708 598 morte
720 570 820 605 abripi.
839 573 921 596 aetate
937 569 1067 597 ﬂorentes

279 616 397 644 abduci?
414 616 588 643 vitavnullum
601 619 706 643 certum
720 615 868 642 terminum
887 613 980 641 habet.
996 612 1066 646 Quid

279 668 422 698 exspectas
442 668 471 690 ut
487 663 641 697 baptismus
652 661 703 689 tibi
723 661 857 689 beneficio
873 660 958 689 febris
976 661 1068 688 oblin—

280 709 345 743 gat?
360 709 469 744 quando
483 709 540 743 jam
559 716 593 735 ne
612 708 743 736 salutaria
769 709 816 735 tibi
842 707 924 735 verba
946 714 1068 741 pronun-

279 754 361 786 tiare,
384 759 411 782 et
437 754 529 782 forsan
546 762 580 781 ne
604 754 686 789 plane
704 753 815 788 quidem
840 753 936 780 audire
952 753 1067 788 poteris,

279 808 335 826 non
352 807 449 826 manus
465 800 498 826 ad
524 800 625 826 cmlum
643 799 748 829 tollere,
772 807 827 826 non
851 798 967 834 pedibus
983 802 1068 830 stare,

1113 249 1220 284 ἐλωμαι
1244 249 1280 275 τὰ
1299 249 1438 283 ἀλλότρια,
1450 248 1543 280 δολίως
1565 248 1701 284 πορευθῶ,
1734 250 1902 287 ἐπιορκήσω,

1112 295 1270 330 ψεύσωμαι,
1286 295 1334 321 καὶ
1360 295 1421 321 τότε
1446 295 1477 321 τὺ
1502 294 1655 331 βάπτισμα,
1668 295 1732 322 ὅταν
1755 297 1828 331 λήξω
1850 298 1903 324 τῶν

1114 341 1220 373 κακῶν,
1245 340 1421 376 ὑποδέξομαι.
1440 340 1489 372 Τίς
1514 341 1543 367 δέ
1575 349 1616 367 σοι
1642 343 1690 368 καὶ
1713 343 1759 369 τὸν
1779 343 1841 379 ὅρον
1855 346 1903 379 τῆς

1115 386 1188 422 ζωῆς
1209 385 1330 421 ἔπηξενς
1348 386 1390 417 τίς
1414 394 1455 412 σοι
1476 386 1527 420 τὴν
1552 386 1723 421 προθεσμίαν
1746 387 1793 414 τοῦ
1813 389 1905 424 γήρως

1115 431 1233 467 ὥρισεν;
1251 431 1293 463 τίς
1313 431 1399 462 οὕτως
1422 431 1580 463 ἀξιόπιστος
1608 432 1684 467 παρὰ
1708 432 1750 458 σοὶ
1766 433 1821 460 τῶν
1843 435 1906 469 μελ-

1115 478 1217 504 λόντων
1229 478 1367 513 ἐγγυητής
1377 486 1384 510 ;
1395 477 1451 512 Οὐχ
1465 478 1531 512 ὁρᾷς
1545 477 1629 512 νήπια
1641 478 1829 514 ἁρπαζόμενα,
1843 480 1905 511 τοὺς

1116 524 1145 550 ὲν
1167 523 1261 558 ἡλικίᾳ
1275 523 1488 558 ἁπαγομένους;
1507 523 1556 550 οὐκ
1578 523 1634 558 ἔχει
1653 524 1717 558 μίαν
1735 525 1905 560 προθεσμίαν

1116 569 1130 595 ὁ
1147 568 1213 603 βίος.
1232 569 1264 595 Τί
1279 568 1425 604 ἀναμένεις
1443 568 1562 604 πυρετοῦ
1577 577 1617 595 σοι
1631 568 1718 604 δῶρον
1736 570 1862 604 γενέσθαι
1876 571 1907 596 τὸ

1119 615 1262 650 βάπτισμα
1273 623 1280 649 ;
1292 615 1337 641 ὅτε
1347 614 1411 641 οὔτε
1426 614 1708 651 φθέγξασθαιδυνὴσῃ
1729 616 1763 643 τὰ
1785 618 1906 653 σωτήρια

1120 662 1241 697 ῥήματα,
1255 661 1326 696 τάχα
1345 661 1374 688 δὲ
1386 660 1469 696 Ῐοὺδὲ]
1477 660 1592 687 ἀκοῦσαι
1609 661 1737 696 καθαρῶς
1747 670 1754 677 ·
1769 662 1799 688 οὐ
1813 663 1906 698 χεῖρας

1119 705 1185 743 ἆραι
1193 708 1233 738 εἰς
1246 707 1423 742 οὐρανὸν,οὑκ
1434 707 1480 733 ἐπὶ
1490 707 1572 738 πόδας
1581 706 1768 742 διαναστῆναι,
1778 707 1808 733 οὗ
1817 707 1906 734 κλῖναι

1119 753 1183 787 γόνυ
1199 753 1239 784 εἰς
1251 753 1301 787 τὴν
1316 752 1515 787 προσκύνησιν,
1532 752 1563 779 οὗ
1582 751 1739 787 διδαχθῆναι
1752 753 1906 788 χρησίμως.

1119 800 1168 834 οὐχ
1190 798 1357 834 ὁμολογῆσαι
1380 798 1520 832 ἀσφαλῶς,
1540 798 1601 833 οὐχὶ
1624 797 1770 824 συνθέσθαι
1787 798 1907 833 Χριστῷ,

280 853 336 873 non
356 845 526 873 adorationis
550 852 635 873 causa
659 845 863 880 genuﬂectere,
886 853 940 872 non
964 845 1070 872 utiliter

1125 845 1170 870 ςιύκ
1189 842 1378 875 ἀποτάξασθαι
1396 842 1435 877 τῷ
1451 842 1552 878 ἐχθρῷ,
1573 842 1643 877 τάχα
1656 842 1684 868 δὲ
1700 842 1762 869 οὐδὲ
1791 843 1909 875 συνετῶς

281 891 403 922 edoceri,
424 899 479 918 non
505 897 581 919 certo
598 892 734 924 conﬁteri,
750 899 805 918 non
827 897 854 918 te
877 892 910 918 ad
926 891 1066 918 Christum

1125 888 1271 916 ἐπακοῦσαι
1287 872 1582 923 ’μυσταγώγοδμίενομ
1607 872 1760 922 ἁμφίὸολος
1784 887 1822 914 ὣν
1853 872 1911 920 τοῖς

282 936 443 972 adjungere,
467 944 521 964 non
544 937 615 964 hosti
634 937 840 968 abrenuntiare,
859 937 928 971 quin
949 943 999 963 nec
1013 936 1070 963 for—

1125 934 1263 970 παροῦσιν,
1279 932 1353 969 Ἀρα
1365 933 1464 968 ᾔσθετο
1486 933 1535 967 τῆς
1557 932 1678 967 χάριτος,
1698 933 1715 967 ἢ
1742 933 1911 968 ἀναισθήτως

283 982 367 1010 tassis
394 983 579 1017 intelligenter
605 982 719 1014 audire,
742 991 805 1010 cum
832 982 1014 1010 iuitiaberis:
1040 989 1072 1009 ac

1125 981 1177 1015 ἔχει
1200 979 1254 1006 τῶν
1271 979 1445 1014 γενομένωνς
1464 979 1529 1005 ὅταν
1554 978 1582 1005 δὲ
1602 979 1650 1004 καὶ
1662 978 1849 1014 ἐπιστημόνως
1861 979 1913 1014 τὴι

282 1027 402 1062 denique
420 1028 458 1054 ita
480 1027 595 1055 aﬂ‘eetus
610 1028 678 1060 eris,
699 1031 729 1055 ut
746 1028 793 1063 qui
816 1028 934 1056 aderunt
960 1027 1072 1063 ancipiti

1125 1026 1202 1061 χάριν
1217 1025 1292 1060 δέξῃ,
1310 1025 1370 1051 τότε
1385 1024 1416 1051 τὺ
1429 1024 1478 1058 μὲν
1490 1023 1620 1051 τάλαντον
1630 1024 1712 1058 ἔχεις,
1729 1024 1780 1059 τὴν
1790 1024 1818 1051 δὲ
1829 1024 1912 1060 ὲργα-

282 1071 377 1099 animo
394 1072 461 1105 sint,
482 1073 597 1107 gratiam
621 1080 654 1100 ne
680 1073 811 1104 senseris.
834 1081 869 1099 an
891 1080 987 1100 eorum
1014 1080 1073 1107 quae

1125 1073 1185 1098 oiav
1200 1071 1252 1097 οὐκ
1269 1069 1423 1105 ἐπιφέρεις.

283 1124 460 1154 peragentnr,
476 1119 550 1146 omni
574 1126 657 1146 sensu
682 1126 790 1146 careas.
810 1118 913 1146 Demus
939 1126 1005 1146 vero
1029 1122 1067 1151 te,
1089 1119 1206 1153 gratiam
1224 1118 1262 1145 ita
1280 1123 1389 1151 quoque
1406 1119 1609 1150 suscepturum,
1632 1119 1662 1143 ut
1707 1123 1767 1143 eam
1805 1117 1911 1145 sentias

283 1170 310 1193 et
319 1172 451 1200 agnoscas
466 1174 473 1192 ε
488 1165 621 1192 talentum
629 1165 740 1200 quidem
756 1165 880 1198 habebis,
896 1171 924 1193 at
937 1170 1071 1200 quaestum
1090 1173 1120 1193 ex
1142 1173 1176 1194 eo
1194 1165 1296 1192 nullum
1315 1168 1405 1192 tecum
1422 1164 1507 1194 feres.

319 1233 350 1260 S.
367 1232 443 1268 Greg.
463 1231 534 1258 Naz.
557 1231 634 1259 Orat.
650 1232 677 1258 in
701 1232 772 1266 bapt.
785 1247 819 1252 —
838 1231 1072 1265 Quemadmodum

1157 1234 1264 1268 Ὥσπερ
1279 1233 1329 1259 οὐκ
1344 1231 1424 1263 ὄντας
1441 1231 1607 1267 ὑπέστησεν,
1632 1231 1719 1263 οὕτως
1739 1231 1912 1263 ὑποστάντας

285 1287 346 1311 nos,
362 1287 424 1306 cum
440 1284 504 1305 ante
521 1285 575 1305 non
591 1285 730 1310 essemus,
753 1280 876 1310 ereavit,
902 1278 939 1305 ita
965 1282 1073 1305 creatos

1125 1279 1288 1311 ἀνέπλασεν,
1304 1278 1403 1305 πλάσιν
1426 1277 1570 1313 θειοτέραν
1591 1286 1621 1304 τε
1648 1278 1696 1304 καὶ
1726 1278 1776 1313 τῆς
1801 1278 1913 1313 πρώτης

284 1325 375 1351 denuo
391 1323 469 1350 finxit
494 1323 723 1357 instauravitquc,
749 1327 776 1350 et
799 1322 911 1358 quidem
944 1322 1073 1358 figmento

1125 1324 1313 1360 ὑψηλοτέρανο
1334 1323 1352 1358 ἢ
1370 1323 1427 1353 τοῖς
1445 1322 1496 1357 μὲν
1505 1322 1677 1357 ’ἀρχομένοις
1699 1323 1758 1350 ἐστὶ
1781 1324 1912 1358 σφραγὶς,

281 1369 427 1401 diviniori,
439 1376 471 1395 ac
480 1368 553 1402 quod
572 1367 689 1402 primum
707 1369 787 1404 longe
803 1372 947 1403 superaret
963 1367 1073 1403 (quippe

1125 1372 1181 1402 τοῖς
1193 1370 1222 1396 δὲ
1237 1369 1416 1404 τελειοτέροις
1438 1368 1489 1403 τὴν
1510 1369 1619 1403 ἠλικίαν
1641 1369 1776 1404 χάρισμα,
1796 1369 1844 1397 καὶ
1864 1370 1913 1404 τῆς

284 1414 372 1448 quod,
388 1413 426 1440 uti
443 1413 535 1440 viVere
549 1413 748 1447 incipientibus
769 1413 888 1449 sigillum
908 1417 961 1446 est,
977 1414 1016 1440 ita
1040 1413 1073 1441 iis

1125 1417 1264 1451 παθούσης
1281 1416 1385 1447 εἰκόνος
1399 1415 1445 1442 διὰ
1459 1415 1508 1451 τὴν
1533 1415 1633 1441 κακίαν
1655 1415 1853 1450 ἐπανόρθωσις,
1869 1415 1915 1442 ἵνα

285 1459 332 1493 qui
355 1458 486 1494 vegetiori
512 1462 577 1485 sunt
605 1461 697 1491 atate,
722 1459 810 1494 gratia
835 1466 947 1494 quoque
971 1461 1025 1491 est,
1050 1463 1073 1486 el

1130 1464 1168 1499 μὴ
1183 1464 1216 1498 τῇ
1228 1461 1382 1496 ἀπογνώσει
1397 1461 1507 1497 χείρους
1521 1461 1677 1496 γενόμενοι,
1690 1460 1738 1487 καὶ
1751 1461 1795 1488 ἀεὶ
1807 1461 1874 1496 πρὸς
1885 1461 1916 1487 τὸ

285 1504 392 1532 aﬂ‘ectae
404 1503 533 1538 imaginis
548 1504 672 1537 erectio),
685 1512 720 1531 ne
735 1504 835 1539 alioqui
847 1512 895 1540 per
907 1504 1076 1539 desperatio-

287 1557 347 1577 nem
365 1549 557 1577 sceleratiores
572 1549 752 1583 eﬂicercmur,
761 1554 788 1577 et
804 1550 831 1577 in
843 1550 971 1585 graviora
986 1550 1076 1585 quoti-

285 1595 329 1621 die
344 1594 444 1629 ﬂagitia
458 1594 674 1629 prorumpendo,
686 1603 701 1622 a
719 1595 791 1623 bono
808 1600 835 1623 et
849 1596 952 1623 virtute
965 1595 1076 1631 penitus

285 1639 477 1667 excidet-emus
484 1656 492 1664 .

322 1693 395 1720 Ibid.
406 1709 443 1714 —
454 1694 500 1721 Sic
515 1699 540 1721 te
552 1702 691 1729 compara,
706 1699 734 1722 ut
752 1695 893 1724 lavacrum
908 1705 962 1725 non
976 1705 1076 1733 corpus

286 1739 379 1772 modo,
397 1739 443 1767 sed
456 1740 604 1775 imaginem
618 1749 729 1775 quoque
745 1742 791 1770 Dei
808 1742 921 1777 abluat;
943 1751 997 1771 non
1014 1752 1076 1779 pee-

286 1789 346 1812 cata
365 1785 453 1812 solum
469 1784 570 1816 deleat,
582 1785 628 1813 sed
652 1794 742 1814 mores
760 1787 842 1814 etiam
858 1788 1006 1821 emendet;
1023 1797 1075 1816 non

286 1830 420 1865 pristinas
448 1834 554 1858 tantum
586 1831 649 1858 vitae
674 1831 771 1859 sordes
797 1833 953 1868 abstergat,
981 1842 1076 1861 verum

287 1875 390 1902 fontem
404 1882 514 1910 quoque
529 1875 619 1910 ipsum
631 1880 782 1911 expurget;
799 1884 853 1904 non
867 1879 959 1905 animo
972 1883 1076 1906 tantum

287 1921 436 1956 insculpat,
462 1925 492 1948 ut
522 1929 589 1956 opes
619 1922 744 1949 honestis
775 1923 929 1951 rationibus
950 1932 1076 1959 qnzeras,

287 1975 381 1994 verum
408 1972 437 1994 ut
463 1967 637 1995 laudabiliter
651 1967 786 2001 eﬂundas,
809 1973 857 1995 aut
879 1971 954 2004 quod
973 1971 1077 1997 levissi-

287 2020 362 2039 mum
379 2012 473 2045 fuerit,
492 2013 562 2039 male
578 2018 670 2047 partas
685 2013 810 2048 abjicias.
836 2014 905 2047 Quid
932 2015 1006 2042 cnim
1028 2016 1077 2043 tibi

287 2059 433 2093 profuerit,
449 2059 487 2085 ita
506 2058 612 2093 peccati
626 2059 734 2086 veniam
751 2059 927 2095 impetrasse,
942 2065 970 2087 ut
987 2065 1078 2088 tamen

287 2104 311 2130 ei
335 2110 415 2137 quem
433 2103 548 2135 laeseris,
574 2103 705 2130 damnum
721 2111 776 2131 non
790 2105 940 2136 sarcialur,
964 2113 1026 2132 cum
1047 2110 1077 2133 tu

1129 1510 1221 1544 χεῖρον
1235 1507 1469 1543 καταφερόμενοι,
1485 1506 1596 1538 τελείως
1615 1506 1668 1540 ἔξω
1689 1506 1738 1534 τοῦ
1767 1506 1849 1533 καλοῦ
1869 1507 1917 1533 καὶ

1129 1554 1179 1590 τῆς
1189 1553 1291 1590 ἀρετῆς
1304 1553 1459 1589 πίπτωμεν.

1165 1695 1288 1722 Γενέσθω
1300 1704 1341 1722 σοι
1368 1695 1397 1722 τὸ
1409 1695 1529 1732 λουτρὸν,
1556 1695 1593 1731 μὴ
1609 1695 1657 1722 τοῦ
1679 1695 1804 1730 σώματος
1826 1695 1916 1729 μόνον,

1129 1741 1197 1768 ἀλλὰ
1211 1741 1320 1777 καὶτῆς
1331 1741 1434 1773 εἰκόνος
1447 1750 1454 1756 ·
1462 1741 1500 1777 μὴ
1511 1741 1565 1768 τῶν
1575 1741 1782 1776 ἁμαρτημάτων
1789 1740 1918 1772 ἑκπλυσις

1131 1787 1212 1822 μόνον
1222 1807 1230 1819 ,
1245 1787 1312 1814 ἀλλὰ
1332 1787 1435 1822 καὶξτοῦ
1449 1787 1552 1823 τρόπου
1567 1787 1708 1822 διόρθωσις
1718 1795 1724 1801 “
1741 1786 1838 1823 μὴ”τδν
1855 1795 1920 1822 προ-

1129 1831 1246 1858 λαϐόντα
1273 1831 1403 1867 βόρὸορον
1424 1832 1602 1864 ἀποκλυξέτω
1619 1832 1710 1868 μόνον,
1728 1831 1796 1859 ἀλλὰ
1809 1832 1856 1859 καὶ
1867 1832 1919 1867 τὴν

1130 1877 1221 1913 πηγὴν
1235 1877 1402 1913 καθαιρέτω·
1415 1879 1453 1913 μὴ
1468 1878 1499 1905 τδ
1509 1878 1598 1909 καλῶς
1609 1878 1724 1906 κτᾶσθαι
1734 1879 1860 1905 τυπούτω
1872 1878 1919 1914 μό-

1130 1923 1260 1956 νον,ἀλλὰ
1281 1925 1327 1951 καὶ
1346 1925 1376 1951 τὸ
1388 1924 1478 1956 καλῶς
1489 1924 1659 1952 ἁποκτᾶσθαι
1670 1945 1677 1958 ,
1686 1925 1702 1960 ἢ
1712 1925 1774 1959 τόγε
1786 1925 1918 1960 κουφότα-

1130 1968 1222 2000 τον,τὺ
1233 1967 1324 2000 κακῶς
1337 1969 1435 2004 κτηθὲν
1447 1969 1632 1997 ἀποτίθεσθαι.
1642 1970 1674 1996 Τί
1685 1970 1739 2005 γὰρ
1753 1970 1849 2005 δφελος
1860 1991 1868 2002 ,
1878 1972 1920 1997 σοὶ

1132 2013 1183 2048 μὲν
1193 2015 1402 2050 συγχωρηθῆναι
1419 2015 1468 2051 τὴν
1481 2016 1627 2052 ἁμαρτίαν,
1634 2016 1672 2051 τῷ
1682 2016 1711 2043 δὲ
1719 2017 1873 2052 ἠδικημένῳ
1882 2017 1920 2052 μὴ

1131 2059 1245 2094 λυθῆναι
1259 2061 1309 2096 τὴν
1320 2061 1395 2098 παρὰ
1406 2062 1453 2088 σοῦ
1466 2062 1584 2098 ζημίαν;
1600 2062 1648 2089 δύο
1658 2071 1699 2089 σοι
1715 2062 1809 2090 κακῶν
1822 2062 1919 2094 ὄντων,

1131 2105 1179 2132 τοῦ
1194 2115 1224 2133 τε
1250 2107 1401 2142 κτήσασθαι
1418 2108 1456 2144 μὴ
1481 2108 1605 2140 δικαίως,
1623 2108 1734 2135 καὶτοῦ
1761 2108 1792 2135 τὸ
1819 2109 1920 2144 κτηθὲν

287 2148 392 2183 duplici
410 2149 514 2176 scelere
530 2149 699 2177 constrictus
725 2150 846 2177 tenearis
863 2160 869 2177 :
892 2151 991 2184 altero,
1013 2151 1073 2186 quia

1131 2141 1304 2186 κατέχεσθαι,
1329 2153 1376 2179 τοῦ
1474 2153 1572 2188 ἄφεσιν
1590 2153 1695 2187 ἔλαϐες,
1712 2154 1742 2180 τὸ
1756 2154 1784 2180 δὲ
1799 2141 1919 2189 σήμερον

288 2193 392 2227 injuste
425 2194 551 2228 possides
582 2194 730 2221 facultates
764 2199 845 2227 tuas;
880 2196 983 2229 altero,
1014 2197 1080 2231 quia

289 2242 383 2271 partas
410 2245 477 2272 opes
505 2238 646 2266 mordicus
668 2242 768 2270 tenes;
797 2237 844 2265 illa
873 2239 984 2273 quidem
1009 2247 1081 2267 noxa

290 2283 338 2310 tibi
363 2283 517 2311 condonata
547 2287 602 2316 est.
625 2283 677 2310 hac
695 2290 760 2310 vero
777 2283 868 2311 adhuc
891 2285 972 2312 hodie
992 2285 1081 2320 impli-

289 2329 384 2357 caris?
398 2328 485 2356 Hodie
504 2329 578 2356 enim
592 2329 663 2364 apud
680 2332 706 2355 te
722 2329 810 2356 aliena
827 2337 872 2357 res
888 2334 949 2362 est;
966 2330 1083 2366 ideoque

289 2382 463 2410 nequaquam
481 2374 601 2402 deletum
626 2377 669 2401 est
699 2378 842 2409 peccatum
857 2394 865 2407 ,
891 2376 938 2403 sed
959 2380 1082 2412 tempore

288 2423 422 2450 dumtaxat
437 2421 612 2448 intercisum.
631 2420 698 2448 Pars
715 2420 802 2448 altera
825 2426 890 2449 ante
911 2421 1081 2457 baptismum

288 2471 445 2503 perpetrata
455 2468 509 2498 est,
519 2465 606 2493 altera
619 2469 680 2500 post
694 2465 864 2501 baptismum
876 2472 977 2495 manet.
988 2468 1082 2504 Neque

288 2514 361 2542 enim
378 2512 560 2549 praesentibus
572 2510 694 2547 ﬂagitiis,
706 2511 753 2539 sed
769 2512 803 2540 iis
819 2520 880 2547 qua:
890 2513 946 2548 jam
960 2514 1080 2543 admissa

288 2563 365 2592 sunt,
378 2559 488 2586 veniam
509 2556 588 2584 aﬂert
604 2557 770 2592 baptismus.
793 2557 881 2586 Porro
898 2565 951 2586 non
972 2563 1081 2587 vetera-

1131 2195 1246 2227 ἀδικεῖς.
1264 2197 1390 2232 Σήμερον
1414 2198 1469 2232 γάρ
1486 2199 1547 2224 ἐστι
1562 2198 1640 2234 παρὰ
1659 2199 1701 2225 σοὶ
1716 2199 1748 2225 τὺ
1765 2198 1918 2232 ἀλλότριον,

1131 2241 1179 2267 καὶ
1191 2241 1243 2269 οὐκ
1258 2243 1379 2279 ἀνῃρέθη
1404 2244 1436 2271 τὸ
1453 2244 1618 2280 ἁμάρτημα,
1641 2244 1681 2280 τῷ
1707 2245 1796 2280 χρόνῳ
1818 2244 1848 2271 δὲ
1880 2244 1919 2271 δι-

1134 2286 1221 2322 εκόπη
1231 2288 1277 2314 ’τὸ
1295 2288 1343 2323 μὲν
1359 2289 1412 2325 πρὸ
1426 2289 1474 2316 τοῦ
1488 2289 1676 2326 βαπτίσματος
1692 2290 1838 2326 τολμηθὲν,
1848 2289 1879 2316 τὸ
1892 2290 1920 2317 δὲ

1134 2332 1215 2368 μενον
1243 2334 1313 2369 μετὰ
1328 2335 1359 2362 τὸ
1385 2335 1538 2372 βάπτισμα.
1555 2336 1616 2363 Τῶν
1637 2337 1691 2372 γὰρ
1705 2336 1918 2372 ἡμαρτημένων,

1131 2378 1162 2404 οὺ
1175 2378 1230 2405 τῶν
1242 2379 1486 2416 ἁμαρτανομένων,
1499 2382 1529 2408 τδ
1540 2381 1652 2417 λουτρὸν
1665 2381 1722 2417 ἔχει
1736 2381 1918 2417 συγχώρησιν.

1132 2425 1178 2451 Δεῖ
1189 2425 1218 2452 δὲ
1233 2426 1271 2461 μὴ
1289 2427 1451 2463 σοφισθῆναι
1473 2427 1521 2455 τὸν
1537 2428 1691 2464 καθαρμὸν,
1708 2427 1767 2455 ἁλλ’
1783 2428 1919 2463 ἐνσημαν-

1133 2469 1214 2506 θῆναι
1225 2480 1233 2488 ο
1251 2472 1460 2510 λαμπρυνθῆναί
1472 2483 1502 2501 σε
1515 2474 1636 2507 τελείως,
1652 2474 1720 2502 ἀλλὰ
1734 2474 1772 2510 μὴ
1794 2473 1920 2509 χρωσθῆ-

1132 2524 1198 2562 ναις
1225 2518 1294 2553 μηδὲ
1306 2519 1473 2555 ὲπικὰλυψιν
1486 2519 1540 2547 τῶν
1565 2519 1722 2556 ἁμαρτιῶν,
1743 2519 1812 2547 ἀλλὰ
1831 2519 1919 2547 ἀπαλ-

1130 2561 1218 2598 λαγὴν
1237 2564 1309 2599 ἔχειν
1323 2565 1354 2591 τδ
1364 2565 1497 2601 χάρισμα.

288 2606 359 2634 torie
370 2603 530 2640 accipienda
550 2603 677 2638 purgatio
692 2607 746 2636 est,
759 2603 807 2631 sed
829 2604 902 2632 serio
920 2604 1120 2640 imprimenda;
1136 2607 1240 2644 tibique
1271 2612 1420 2646 agendum,
1452 2617 1482 2639 ut
1519 2611 1599 2646 pleno
1630 2611 1808 2648 perfectoque
1827 2611 1922 2646 splen-
1966 2603 1970 2606 ⁷

288 2655 357 2682 dore
369 2654 469 2688 niteas,
479 2662 534 2682 non
547 2661 578 2682 ut
588 2662 616 2682 in
627 2653 801 2689 superficiem
810 2651 939 2680 iilinaris.
949 2650 1080 2686 Baptismi
1098 2652 1201 2682 donum
1216 2664 1269 2684 non
1278 2659 1469 2687 tantummodo
1476 2659 1589 2688 obducit
1603 2664 1725 2695 peccata,
1736 2658 1786 2687 sed
1814 2659 1849 2686 ab
1878 2658 1922 2686 his

290 2703 403 2736 penitus
417 2703 524 2730 eximit.

325 2759 462 2794 Chrysa“.
486 2762 566 2788 llam.
588 2760 622 2786 ad
649 2767 737 2786 recens
762 2757 850 2785 illum.
866 2771 900 2777 -—
918 2756 1082 2784 Benedictus

291 2804 375 2837 Deus,
388 2806 435 2840 qni
452 2805 517 2833 facit
533 2805 669 2834 mirabilia
680 2806 756 2833 solus
769 2804 856 2839 (Psal.
875 2811 947 2836 LXXI,
959 2802 1014 2838 18),
1033 2803 1081 2837 qni

292 2855 392 2879 cuncta
408 2852 642 2888 condidit,caque
659 2855 836 2879 transmutat.
847 2850 898 2883 Qui
912 2849 970 2877 heri
982 2848 1081 2883 captivi

1171 2749 1324 2786 Εὐλογητὸς
1345 2750 1364 2776 ὁ·
1382 2750 1462 2784 Θεὸς,
1484 2751 1499 2778 ὁ
1525 2750 1609 2778 ποιῶν
1637 2749 1776 2785 θαυμάσια
1797 2747 1889 2783 μόνος.
1912 2755 1925 2772 a

1136 2797 1220 2823 ποιῶν
1243 2797 1350 2830 πάντα,
1371 2798 1418 2824 καὶ
1439 2797 1653 2829 κατασκευάζων
1685 2796 1766 2823 αὐτά.
1798 2795 1830 2820 Οἱ
1859 2792 1926 2831 χθὲς

1136 2843 1314 2878 αἰχμάλωτοι,
1340 2844 1387 2872 νῦν
1407 2843 1555 2880 ἐλεύθεροι,
1580 2841 1626 2870 καὶ
1651 2842 1758 2870 πολῖται
1774 2840 1823 2875 τῆς
1867 2839 1926 2866 Επι-
