2074 3115
149 142 216 174 1277

782 140 901 170 SACRA
920 138 1141 170 PARALLELA
1151 157 1159 164 .

1717 136 1783 168 ΙΞἹΒ

147 198 273 234 πλησίας.
298 197 331 224 οι
348 197 443 232 πρώην
458 197 487 223 ἐν
503 196 620 233 αἰσχύνῃ
643 195 864 232 ἁμαρτημάτων,
887 196 924 223 νῦ·

988 199 1079 227 erant,
1110 192 1192 221 hodie
1210 193 1288 221 liberi
1305 197 1381 225 sunt,
1407 197 1435 220 et
1456 193 1532 220 cives
1550 193 1686 223 Ecclesia.
1708 195 1783 228 Quu

146 246 175 271 ἐν
188 243 329 280 παρρησίᾳ
342 242 528 278 δικαιοσύνης.

180 332 211 358 Et
227 332 257 358 τδ
270 331 370 358 εἰδέναι
385 332 431 358 τὸν
443 329 668 366 Θεδνὺπερϐολὴν
679 329 708 356 ἐν
721 329 759 364 τῷ
776 329 872 364 ἀγαθῷ
884 329 934 356 οὐκ

145 376 213 410 ἔχει,
230 376 261 402 τὸ
287 375 343 402 υἱὸν
368 375 495 410 γενέσθαι
520 375 588 402 Θεοῦ
617 375 687 410 ὑπὲρ
709 374 858 407 εὐκληρίαν
875 374 934 400 ἐστὶ

144 423 245 448 πᾶσαν.
268 421 298 448 'U
311 421 365 457 γὰρ
391 421 459 448 Θεοῦ
476 421 534 452 ue;
561 420 688 454 ἀξιωθεὶς
715 419 854 457 γενέσθαι,
878 420 934 453 ἕξει

144 467 255 498 πάντως
271 466 319 493 τοῦ
337 467 444 502 [ἰατρὸς
463 466 494 492 τὸ
514 466 634 500 ἀξίωμα.
661 465 748 500 ’Υπὲρ
769 465 851 500 εὐχὴν
873 465 900 491 δὲ
916 466 932 500 ἡ

143 512 271 547 ὲπιτυχία
283 521 290 529 ·
304 512 375 546 ὑπὲρ
389 511 483 538 ἐλπίδα
500 511 528 537 δὲ
544 511 575 537 τὸ
588 510 675 546 δῶρον
686 518 694 526 ·
721 510 790 545 ὑπὲρ
819 509 901 544 φύσιν
915 510 932 546 ἡ

143 557 234 592 χάρις.
250 572 285 577 ——
300 557 466 589 Βαπτιζεται
484 556 554 591 ἁγίῳ
579 556 730 591 Πνεὺματι,
747 556 761 582 ὁ
777 555 822 582 διὰ
842 555 931 588 πάσης

143 603 275 638 νοήσεως,
291 603 339 629 καὶ
353 602 452 637 λόγων,
468 603 516 628 καὶ
529 601 657 637 πράξεων
677 600 867 636 άγιαζόμενος,
882 608 930 627 και

143 648 180 674 ὢν
208 647 403 683 πνευματικός.
422 648 466 680 Ὠς
478 648 532 683 γὰρ
547 648 561 674 ό
576 648 617 679 εις
630 646 703 681 ὕδωρ
716 646 929 682 βαπτιζόμενος,

142 692 211 724 ὅλως
225 693 393 729 ὕγροιίνεται,
408 692 495 724 οὕτως
510 693 525 718 ὁ
544 693 573 719 ἐν
588 692 658 727 ἁγίῳ
677 692 816 726 Πνεύματι
832 688 937 726 βαπτι-’

143 737 266 772 ξάμενος,
281 738 348 770 ὅλως
361 738 546 774 πνευματικὸς
558 739 606 765 καὶ
615 738 692 772 ἅγιος
702 737 820 772 γίνεται,
832 737 932 773 γνώμῃ

143 783 191 810 καὶ
206 783 304 819 πράξει
323 783 443 816 τοιοῦτος
459 784 686 819 ἀποτελούμενος.

987 248 1078 276 nuper
1094 243 1271 275 peccatorum
1285 239 1418 274 pudebat,
1437 239 1463 266 bi
1486 246 1561 266 nunc
1578 240 1605 266 in
1619 241 1746 268 libertate
1755 247 1780 269 et

986 286 1089 314 ﬁducia
1105 289 1180 313 sunt.

1024 332 1055 359 S.
1072 331 1151 366 (ἔνθα.
1176 331 1292 366 Nysam.
1309 331 1337 357 in
1355 329 1434 357 Beat.
1453 334 1524 356 orat.
1549 329 1577 355 7.
1589 345 1622 350 -
1639 328 1667 356 Si
1698 328 1781 358 Deum

987 376 1083 406 videre
1096 380 1202 404 tantum
1219 376 1319 403 bonum
1335 381 1388 407 est,
1413 379 1443 402 ιιι
1466 375 1548 408 hujus
1564 373 1780 414 magnitudinem

987 423 1056 450 nihil
1081 427 1163 458 queat
1188 429 1331 456 superare,
1361 421 1488 456 profecto
1515 421 1561 448 Dei
1588 421 1673 448 filium
1699 419 1779 453 ellici,

987 467 1119 495 felicitate
1133 466 1209 493 omni
1225 465 1313 500 majus
1329 470 1382 493 est.
1397 465 1465 492 Nam
1482 465 1526 493 cui
1542 465 1625 500 390
1640 465 1692 492 hoc
1714 471 1780 491 con-

985 519 1095 539 cessum
1103 515 1156 543 est.
1175 514 1205 538 ut
1221 509 1267 538 Dei
1284 511 1358 537 filius
1371 510 1429 542 ﬁat,
1443 510 1467 537 is
1482 511 1578 545 procul
1591 510 1675 538 dubio
1686 509 1778 538 Patris

984 557 1145 591 dignitatem
1173 555 1320 583 obtinebit.
1347 554 1404 583 lloc
1429 563 1495 584 vero
1521 557 1666 591 consequi.
1693 563 1777 590 supra

983 609 1065 630 omne
1082 604 1175 628 votum
1195 605 1249 633 est,
1281 608 1364 635 supra
1385 608 1462 636 spem
1490 606 1531 628 est
1556 601 1670 633 donum,
1693 608 1776 635 supra

985 651 1111 674 naturam
1125 647 1224 682 gratia.
1244 662 1278 667 —
1300 647 1462 680 Baptizatur
1480 646 1585 681 Spiritu
1603 651 1713 680 sancto,
1728 647 1775 681 qui

983 692 1150 728 cogitatione
1177 700 1228 720 sua
1254 693 1349 725 omni.
1380 699 1572 727 sermoneque.
1601 696 1630 719 et
1654 693 1775 724 actione,

984 742 1097 765 sanctus
1113 737 1251 770 redditur,
1278 738 1380 773 quique
1404 737 1560 772 spiritualis
1575 736 1697 764 exsistit.
1722 735 1775 763 Ve-

983 783 1032 810 luti
1049 783 1123 811 enim
1137 783 1184 818 qui
1206 784 1338 817 mergitur
1354 783 1381 810 in
1397 790 1509 817 aquam,
1526 786 1601 809 totus
1614 780 1753 809 humeseit
1767 789 1774 808 :

142 827 184 856 sic
205 829 253 863 qui
275 829 303 856 in
324 829 426 864 Spiritu
453 833 551 857 sancto
569 830 737 864 baptizatur,
756 833 831 857 totus
853 828 1006 864 spiritualis
1018 833 1046 857 et
1061 833 1174 856 sanctus
1189 829 1317 861 efﬁcitur,
1339 828 1459 863 talisque
1488 829 1582 856 animo
1611 832 1639 855 et
1669 828 1776 857 ratione

142 875 245 903 evadit.

142 921 234 949 TITA.
257 921 296 948 E'.
311 936 348 941 —
364 921 673 962 Περὶβδειυτμᾴτων,
690 921 740 949 καὶ
761 921 821 948 τῶν
839 923 924 957 λεγο-

978 920 1045 949 ΤΙΤ.
1062 920 1095 948 γ.
1111 936 1146 942 -
1162 920 1202 948 De
1214 920 1465 962 abominationibus.
1475 930 1521 949 seu
1536 922 1627 954 idolis,
1638 926 1664 949 et
1685 923 1718 950 iis
1728 923 1775 958 qui

431 956 531 991 μένων
545 956 631 984 θεῶν.

181 1022 190 1039 ι
214 1013 272 1041 Οὐκ
300 1012 408 1040 ἔσονταί
434 1021 475 1040 σοι
502 1013 560 1040 θεοὶ
586 1013 675 1048 ἕτεροι
698 1013 768 1048 πλὴν
795 1013 873 1048 ἐμοῦ.
891 1013 928 1040 Οὐ

142 1059 266 1094 ποιήσεις
282 1058 389 1094 σεαυτῷ
406 1058 526 1091 εἴδωλον,
541 1059 601 1086 οὐδὲ
619 1059 673 1086 πᾶν
689 1067 715 1086 τι
729 1058 867 1094 ὁμοίωμα,
878 1059 928 1085 ὅσα

141 1105 172 1131 ὲν
187 1104 226 1140 τῷ
243 1104 362 1140 οὐρανῷ,
386 1104 434 1131 καὶ
450 1105 500 1132 ὅσα
518 1105 547 1131 ὲν
563 1106 598 1140 τῇ
612 1105 647 1139 γῇ
667 1104 754 1135 κάτω.
771 1105 819 1131 καὶ
832 1105 882 1131 ὅσα
900 1105 930 1130 ὲν

141 1152 197 1182 τοῖς
208 1150 302 1177 ὕδασιν
318 1151 449 1178 ὑποκάτω
463 1150 512 1184 τῆς
524 1151 631 1185 γῆς.οὑ
645 1150 857 1185 προσκυνήσεις,
866 1150 928 1176 οὐδὲ

143 1195 182 1232 μὴ
195 1196 347 1232 λατρεύσῃς
359 1196 462 1228 αὐτοῖς.
483 1196 554 1230 Ἐγὼ
565 1197 619 1232 γάρ
636 1197 694 1231 εἰμι
709 1195 821 1230 Κύριος.
845 1205 854 1222 ι

180 1293 189 1310 t
208 1284 265 1316 Πᾶς
275 1285 410 1316 θυσιάζων
419 1285 490 1317 θεοῖς
503 1285 616 1320 ἑτέροις,
631 1284 899 1321 ὲξολοθρευθήσεται.
914 1294 924 1312 ι

179 1379 189 1395 r
207 1370 265 1397 Οὐκ
283 1371 411 1403 εἰσοίσεις
428 1371 566 1407 βδέλυγμα
585 1372 626 1402 εἰς
649 1371 695 1397 τὸν
711 1369 786 1398 οἶκόν
802 1380 862 1403 σου,
879 1372 927 1398 καὶ

140 1415 190 1451 ἔσῃ
199 1416 322 1451 ἀνάθεμα
334 1415 429 1451 ὥσπερ
442 1417 531 1443 τοῦτο.
551 1425 560 1442 ι

178 1471 188 1488 ι
208 1461 250 1488 Τὰ
264 1461 363 1488 εἴδωλα
387 1462 442 1488 τῶν
466 1462 552 1489 ἐθνῶν
580 1462 714 1498 ἀργύριον
731 1461 779 1489 καὶ
802 1462 924 1498 χρυσίον,

138 1506 208 1542 ἔργα
223 1507 322 1543 χειρῶν
338 1507 501 1542 ἀνθρώπων.
519 1516 530 1533 ι

177 1561 187 1578 ι
207 1552 279 1584 Θεοὶ,
295 1552 320 1579 οἳ
333 1552 380 1579 τὸν
394 1551 509 1587 οὐρανὸν
524 1551 571 1579 καὶ
583 1552 633 1588 τὴν
648 1553 700 1588 γῆν
715 1552 764 1580 οὒκ
780 1553 923 1590 ἐποίησαν,

1250 955 1288 982 dii
1306 962 1505 990 nuncupantur.

1014 1011 1103 1038 Exod.
1131 1020 1186 1044 xx,
1209 1012 1271 1040 5-4.
1284 1027 1319 1032 -
1342 1022 1352 1038 ι
1371 1011 1429 1039 Non
1448 1015 1529 1040 erunt
1545 1013 1583 1039 dii
1607 1013 1653 1040 alii
1675 1017 1774 1047 praeter

980 1064 1035 1085 me.
1049 1056 1108 1085 Non
1124 1057 1210 1086 facies
1227 1058 1274 1085 tibi
1290 1057 1405 1090 idolum,
1420 1051 1511 1093 neque
1523 1065 1630 1086 onmem
1643 1059 1774 1086 similitu-

980 1103 1070 1130 dinem
1081 1111 1190 1134 eorum,
1206 1111 1378 1139 quaecunque
1393 1104 1421 1130 in
1439 1104 1510 1131 coelo
1523 1108 1588 1131 sunt
1603 1104 1732 1138 desuper,
1746 1108 1774 1131 et

979 1155 1151 1184 quaecunque
1169 1149 1196 1176 in
1215 1154 1287 1177 terra
1302 1149 1444 1182 deorsum,
1461 1158 1512 1178 nec
1524 1157 1622 1177 eorum
1633 1157 1694 1184 qua:
1709 1154 1774 1177 sunt

979 1192 1008 1218 in
1024 1192 1105 1226 aquis
1121 1193 1173 1220 sub
1187 1197 1273 1221 terra.
1292 1193 1352 1221 Non
1372 1194 1502 1222 adorabis
1516 1202 1561 1228 ea,
1577 1202 1668 1230 neque
1684 1195 1769 1222 coles.

979 1236 1037 1271 Ego
1054 1245 1115 1265 sum
1132 1237 1278 1267 Dominus.
1298 1248 1307 1265 ι

1014 1282 1103 1312 Exod.
1122 1292 1192 1317 χιιι,
1208 1285 1254 1312 20.
1269 1299 1304 1305 -
1329 1294 1339 1311 ι
1356 1284 1409 1319 Qui
1436 1284 1560 1313 immolat
1585 1284 1639 1313 diis
1660 1284 1771 1318 alienis,

977 1330 1220 1357 exterminabitur.
1241 1340 1251 1356 ›

1013 1373 1093 1402 Deut.
1110 1383 1158 1407 vn.
1176 1376 1220 1403 26.
1237 1390 1274 1397 —-
1302 1385 1312 1402 ι
1338 1375 1397 1404 Non
1418 1375 1521 1404 inferes
1538 1375 1770 1404 abominationem

977 1419 1004 1447 in
1020 1421 1131 1447 domum
1150 1426 1237 1455 luam,
1251 1426 1282 1450 ut
1294 1423 1334 1450 sis
1352 1423 1498 1450 anathema
1515 1422 1587 1450 sicut
1602 1422 1681 1450 illud.
1699 1431 1708 1448 ι

1013 1465 1090 1502 Paul.
1105 1474 1180 1498 exui,
1196 1467 1239 1494 l2.
1255 1483 1290 1488 —
1314 1477 1324 1494 ε
1343 1468 1496 1495 Simulacra
1517 1469 1641 1504 gentium
1672 1475 1769 1504 argen-

977 1514 1034 1538 tum
1055 1515 1083 1538 et
1102 1518 1211 1543 aurum,
1229 1519 1312 1546 opera
1332 1519 1464 1539 manuum
1478 1512 1633 1539 hominum.
1654 1520 1663 1538 ι

1010 1555 1110 1584 larem.
1129 1564 1156 1589 x,
1173 1556 1218 1584 lO.
1235 1571 1269 1576 -—
1288 1566 1297 1582 ι
1317 1556 1358 1583 Dii
1374 1557 1421 1592 qui
1450 1564 1504 1584 non
1527 1557 1654 1584 fecerunt
1668 1557 1768 1584 caelum

136 1597 333 1625 ἁπολέσθωσαν
352 1596 406 1624 ἀπὸ
418 1597 468 1632 τῆς
483 1598 550 1633 γῆς.
568 1597 615 1624 καὶ
628 1597 758 1625 ὑποκάτω
778 1598 826 1625 τοῦ
844 1599 922 1634 οὐρα·

976 1604 1001 1629 et
1016 1605 1129 1634 terram,
1144 1605 1257 1637 pereant
1273 1601 1306 1629 de
1326 1606 1409 1634 terra,
1424 1607 1451 1630 et
1470 1602 1522 1630 sub
1535 1602 1606 1630 ctelo
1620 1602 1682 1630 hoc.
1701 1611 1711 1628 ι

136 1642 183 1670 νοῦ
198 1642 305 1669 τούτου.
323 1651 333 1668 ι

173 1697 183 1713 ι
211 1687 329 1715 Μάταιοι
351 1687 452 1719 πάντες
477 1687 639 1722 ἄνθρωποι,
669 1684 710 1719 οἷς
734 1688 825 1723 παρῆν
855 1688 923 1716 Θεοῦ

134 1734 266 1767 ἀγνωσία,
283 1733 330 1760 καὶ
341 1733 374 1760 ὲκ
389 1733 443 1760 τῶν
454 1733 599 1768 ὁρωμένων
614 1733 724 1767 ἀγαθῶν
738 1733 789 1760 οὐκ
804 1734 919 1768 ῐσχυσαν

135 1778 235 1806 εἰδέναι
250 1777 295 1805 τὸν
316 1777 398 1804 ὄντα·
413 1776 476 1804 οὕτε
499 1778 558 1808 τοῖς
589 1778 680 1811 ἔργοις
708 1777 924 1813 προστρέχοντες

135 1823 294 1858 ιπέγνωσαν
309 1823 354 1850 τὸν
371 1823 497 1858 τεχνίτην
510 1831 517 1838 ν
537 1823 597 1849 ἀλλ’
618 1823 634 1858 ἢ
653 1823 749 1859 πῦρ,ἥ
767 1823 886 1858 πνεῦμα,
904 1824 921 1859 ἢ

135 1869 243 1904 ταχινὸν
258 1868 339 1904 ἀέρα,
363 1868 379 1903 ἢ
404 1867 503 1895 κύκλον
518 1868 650 1903 ἀστέρων,
665 1868 681 1903 ἢ
699 1868 785 1903 βίαιον
804 1868 886 1903 ὕδωρ,
903 1868 921 1903 ἢ

137 1915 281 1950 φωστῆρας
295 1914 423 1950 οὐρανοῦ,
441 1914 591 1949 πρυτάνεις
612 1914 716 1949 κόσμου
735 1915 814 1946 θεοὺς
829 1915 923 1949 ἐνόμι-

136 1969 200 1987 9αν·
214 1957 251 1987 ὧν
264 1961 288 1986 εἰ
301 1960 349 1995 μὲν
363 1959 412 1995 τὴν
426 1959 556 1994 καλλονὴν
568 1960 743 1994 τερπόμενοι,
756 1959 842 1987 ταῦτα
872 1953 921 1987 ὐπ-

135 2005 296 2041 ελάμὸανον,
308 2005 466 2039 γνώτωσαν,
474 2006 550 2041 πόσῳ
561 2006 662 2040 μᾶλλον
676 2007 690 2032 ὁ
704 2006 807 2032 τούτων
819 2006 922 2033 Δεσπό-

134 2059 184 2086 της
207 2050 266 2077 ἐστὶ
287 2049 412 2084 βελτίων,
434 2050 464 2077 '0
476 2050 530 2085 γὰρ
546 2050 593 2076 τοῦ
610 2050 714 2085 κόσμου
739 2050 921 2085 γενεσιάρχης

134 2095 225 2123 ἔκτισε
242 2096 338 2123 ταῦτα.
359 2096 391 2122 Ei.
406 2096 434 2122 δὲ
445 2096 559 2131 δύναμιν
582 2096 630 2123 καὶ
651 2096 792 2132 ἐνέργειαν
817 2096 921 2122 ἐκπλα-

134 2142 238 2176 γέντες,
261 2142 436 2177 νοησάτωσαν
469 2142 516 2168 ἀπ’
546 2142 638 2168 αὐτῶν
653 2162 661 2174 ,
691 2142 768 2177 πόσῳ
792 2142 806 2169 ὁ
836 2151 919 2168 κατα-

134 2186 270 2217 σκευάσας
283 2186 352 2213 αὑτὰ
367 2187 552 2222 δυνατώτερὸς
567 2189 652 2214 ἐστιν.
686 2187 734 2213 Ἐκ
755 2187 811 2222 γάρ
835 2188 920 2223 μεγέ-

133 2231 196 2263 θους
210 2232 257 2259 καὶ
268 2232 399 2267 καλλονῆς
413 2234 570 2268 κτισμάτων
581 2233 722 2267 ἀναλόγως
739 2234 753 2260 ὁ
764 2241 920 2268 γενεσιουρ-

134 2278 180 2311 γὸς
193 2272 448 2314 αὐτῶνθεωρεῖται.
462 2278 637 2314 Ταλαίπωροι
649 2279 688 2310 δὲ,
705 2280 753 2306 καὶ
767 2280 796 2305 ὲν
812 2280 919 2314 νεκροῖς

131 2323 160 2348 αἱ
174 2323 280 2354 ἐλπίδες
297 2324 396 2355 αὐτῶν,
421 2324 523 2355 οἵτινες
534 2324 666 2351 ἐκάλεσαν
685 2323 764 2355 θεοὺς
777 2323 846 2359 ἔργα
862 2333 918 2359 χει-

133 2366 188 2401 ρῶν
204 2367 366 2402 ἁνθρώπων,
382 2369 484 2404 χρυσὸν
503 2370 549 2396 καὶ
570 2369 702 2406 ἄργυρον,
717 2369 816 2404 τέχνης
830 2370 920 2405 ἐμμε-

132 2410 284 2446 λετήματα,
307 2413 356 2440 καὶ
371 2413 566 2450 ἀπεικάσματα
591 2414 680 2448 ζώων,
702 2415 719 2450 ἢ
731 2415 814 2442 λίθων
831 2415 920 2451 ἀχρή-

134 2463 212 2482 στων.
231 2464 240 2481 ι

161 2593 171 2610 ‹
191 2584 228 2610 Τδ
251 2584 443 2620 χειροποίητον
475 2585 686 2624 ἑπικατάρατον,
705 2591 753 2617 καὶ
769 2591 784 2618 ό
799 2592 916 2628 ποιήσας

132 2628 216 2660 αὐτὸ,
232 2629 273 2655 ὅτι
290 2629 304 2655 ό
333 2629 384 2664 μὲν
411 2630 574 2665 εἰργάσατο,
595 2633 625 2659 τὸ
648 2633 676 2660 δὲ
706 2635 835 2671 φθαρτὸν,
851 2637 917 2664 Θεὸν

131 2675 284 2709 ὠνόμασεν.
300 2675 344 2702 Ἑν
361 2676 411 2712 ῐσῳ
424 2678 525 2712 μισητὰ
538 2678 608 2714 Θεῷ,
627 2679 674 2706 καὶ
684 2681 698 2706 ό
712 2681 883 2714 ἁσεόὦν,καὶ
898 2683 914 2718 ἡ

132 2719 214 2746 ἁσέὸε
220 2729 246 2746 ια
257 2720 350 2748 αὑτοῦ.
365 2721 421 2748 Καὶ
438 2722 491 2758 γὰρ
502 2723 531 2751 τὸ
540 2724 661 2759 πραχθὲν
673 2725 721 2752 σὺν
735 2725 774 2762 τῷ
782 2726 917 2763 δράσαντι

132 2765 412 2803 ἐξολίθρευοήσονται.
434 2778 445 2796 a
655 2784 666 2787 η

1011 1685 1077 1721 Sap.
1093 1694 1156 1718 xui,
1173 1687 1232 1715 1-9.
1250 1702 1286 1707 —
1312 1696 1322 1713 ‹
1341 1686 1409 1714 Vani
1425 1694 1489 1716 sunt
1512 1696 1609 1717 omnes
1629 1689 1766 1722 homines,

974 1730 1002 1758 in
1015 1732 1114 1766 quibus
1135 1739 1189 1760 non
1213 1731 1302 1759 adfuit
1324 1733 1440 1760 scientia
1469 1733 1515 1761 Dei
1529 1753 1536 1766 .
1553 1738 1580 1762 et
1597 1734 1632 1762 de
1648 1735 1682 1763 iis
1701 1743 1764 1769 quae

973 1776 1102 1804 videntur
1117 1777 1209 1809 bonis.
1227 1785 1280 1804 non
1301 1782 1451 1812 potuerunt
1469 1779 1620 1814 intelligere
1633 1787 1695 1807 eum
1715 1781 1764 1815 qui

973 1827 1026 1854 est,
1048 1829 1139 1857 neque
1162 1823 1291 1858 operibus
1309 1823 1494 1855 attendentes,
1519 1828 1690 1858 agnoverunt
1705 1825 1766 1859 quis

973 1870 1047 1894 esset
1075 1866 1173 1894 artifex
1193 1877 1200 1894 :
1228 1867 1277 1895 sed
1303 1872 1351 1895 aut
1376 1867 1478 1902 ignem,
1501 1872 1548 1895 aut
1565 1868 1700 1904 spirituml
1718 1873 1766 1896 aut

972 1911 1088 1938 citatum
1109 1919 1212 1944 aerem,
1229 1916 1276 1939 aut
1292 1920 1389 1948 gyrum
1407 1907 1563 1947 stellarum,
1585 1918 1632 1941 aut
1651 1914 1764 1942 nimiam

972 1965 1083 1993 aquam,
1102 1962 1149 1985 aut
1175 1958 1320 1986 luminaria
1336 1960 1410 1993 cmli,
1437 1965 1556 1988 rectores
1582 1961 1657 1988 orbis
1679 1965 1766 1988 terra-

972 2010 1033 2030 rum
1048 2004 1113 2030 deos
1130 2007 1317 2042 putaverunt:
1332 2012 1448 2039 quorum
1467 2005 1490 2032 si
1515 2005 1607 2040 specie
1623 2006 1764 2039 delectati,

972 2048 1038 2075 deos
1054 2055 1086 2074 ea
1098 2055 1161 2075 esse
1181 2052 1360 2083 putaverunt,
1380 2050 1471 2077 sciant
1483 2055 1588 2085 quanto
1606 2050 1649 2079 his
1670 2051 1765 2079 Domi-

971 2097 1053 2120 nator
1064 2100 1161 2120 eorum
1176 2094 1326 2128 speciOsior
1337 2100 1390 2123 est.
1409 2094 1516 2130 Speciei
1534 2097 1607 2123 enim
1621 2101 1648 2125 et
1669 2098 1763 2125 mundi

971 2143 1118 2173 generator
1139 2140 1197 2167 haec
1219 2141 1310 2167 omnia
1331 2141 1487 2169 constituit.
1502 2142 1556 2169 Aut
1581 2143 1604 2171 si
1632 2144 1763 2172 virtutem

971 2188 998 2212 ct
1023 2191 1106 2219 opera
1131 2193 1226 2213 eorum
1252 2185 1344 2213 mirati
1368 2191 1445 2220 sunt,
1466 2187 1620 2224 intelligant
1641 2190 1676 2216 ab
1697 2190 1762 2223 illis,

971 2230 1101 2265 quoniam
1119 2231 1166 2265 qui
1186 2231 1244 2258 haec
1258 2230 1334 2264 fecit,
1349 2231 1448 2260 fortior
1462 2237 1505 2260 est
1520 2233 1571 2261 eis.
1586 2234 1608 2260 Δ
1628 2235 1764 2269 magnitu-

970 2275 1035 2303 dine
1060 2275 1135 2303 enim
1159 2279 1188 2304 et
1213 2277 1305 2311 specie
1333 2281 1524 2305 creaturarum
1542 2280 1764 2314 cognoscibililer

971 2318 1071 2353 poterit
1085 2323 1197 2346 creator
1212 2327 1308 2346 earum
1321 2320 1420 2348 videri.
1439 2321 1564 2350 Infelices
1582 2328 1672 2350 autem
1687 2328 1764 2356 sunt,

973 2367 1001 2391 et
1017 2363 1089 2391 inter
1106 2368 1230 2391 mortuos
1246 2372 1309 2399 spes
1326 2364 1434 2392 illorum
1459 2371 1512 2398 est,
1537 2367 1584 2401 qui
1611 2368 1765 2402 appellave.

975 2412 1040 2435 runt
1070 2408 1134 2436 deos
1159 2416 1241 2443 opera
1269 2417 1399 2438 manuum
1426 2411 1588 2445 hominum,
1614 2421 1710 2440 aurum
1736 2418 1764 2441 et

976 2456 1131 2488 argentum,
1146 2453 1215 2481 artis
1235 2453 1434 2489 inventionem,
1453 2460 1481 2484 et
1497 2457 1691 2485 similitudines
1704 2459 1764 2485 ani-

971 2497 1097 2532 malium,
1115 2503 1164 2525 aut
1187 2497 1302 2534 lapidem
1323 2499 1459 2534 inutilem,
1475 2508 1545 2536 opus
1570 2508 1666 2531 manus
1691 2503 1765 2530 antis

966 2551 1035 2579 quae.
1055 2552 1066 2569 ι

1003 2589 1070 2624 Sep.
1083 2597 1140 2623 xw,
1153 2589 1285 2618 8-10.—r
1297 2590 1348 2618 Per
1361 2597 1459 2619 manus
1474 2596 1564 2619 autem
1578 2594 1650 2628 quod
1661 2593 1688 2620 lit
1703 2593 1762 2621 idor

967 2635 1035 2668 lum,
1050 2636 1227 2664 maledictum
1245 2641 1298 2669 est,
1318 2640 1345 2664 et
1364 2636 1465 2671 ipsum,
1481 2642 1509 2665 et
1524 2638 1571 2673 qui
1592 2638 1658 2666 fecit
1671 2639 1759 2667 illudi

971 2681 1036 2715 quia
1054 2681 1100 2708 ille
1118 2682 1228 2717 quidem
1245 2685 1377 2717 operatus
1393 2686 1458 2716 est;
1484 2683 1549 2710 illud
1575 2690 1678 2717 autem,
1699 2693 1760 2712 cum

971 2731 1044 2754 esset
1077 2727 1190 2763 fragile,
1216 2728 1284 2756 deus
1312 2729 1524 2763 cognominatus
1551 2733 1603 2757 est.
1628 2729 1762 2759 Similiter

969 2772 1032 2799 odio
1047 2776 1111 2800 sunt
1133 2774 1196 2807 Deo,
1216 2774 1316 2808 impius
1338 2778 1365 2802 et
1391 2774 1518 2809 impietas
1548 2774 1620 2810 ejus.
1650 2775 1760 2804 Etenim

973 2818 1046 2851 quod
1065 2818 1167 2847 factum
1182 2825 1235 2850 est.
1253 2829 1314 2848 cum
1334 2829 1366 2848 eo
1386 2820 1434 2856 qui
1456 2820 1540 2854 fecit,
1563 2822 1760 2850 exterminabi-

968 2868 1021 2890 tur.
1041 2873 1051 2890 )
