2074 3115
279 162 346 194 i275
870 160 901 190 S.
919 159 1080 190 JOANNIS

1132 159 1314 189 \MASCENI
1842 162 1906 194 1970

279 218 331 246 lies
346 225 411 253 ipsae
426 217 509 252 389
524 217 655 248 clamant,
683 217 735 244 etsi
756 222 823 244 voce
849 215 925 244 siles.
952 217 1018 244 Sine
1035 220 1066 243 ut
1081 240 1082 243 η

1134 215 1156 249 ᾧ
1171 214 1296 250 βορϐόρῳ
1324 213 1380 240 τῶν
1397 213 1510 249 ἡδονῶν,
1526 213 1634 248 αἱμάξω
1657 214 1706 246 τὰς
1724 215 1828 251 χεῖρας,
1852 220 1906 253 ἀφ-

277 271 360 291 carne
375 262 407 290 ad
421 263 546 297 turpium
564 269 656 288 rerum
679 261 838 288 lruitionem
859 261 967 293 abutar,
989 265 1020 288 ut
1037 261 1065 288 in

1132 260 1223 296 λωμαι
1247 260 1284 286 τὼ
1303 260 1442 294 ἀλλότρια,
1454 259 1547 291 δολίως
1569 259 1704 295 πορευθῶ,
1738 261 1906 298 ἐπιορκήσω,

278 310 451 343 voluptatum
470 314 550 335 emno
564 308 685 339 voluter,
708 311 737 333 ut
755 314 853 334 manus
867 310 1021 339 eruentem,
1038 312 1067 334 ut

1132 306 1273 342 νεύσωμαι,
1289 307 1337 333 καὶ
1363 306 1425 333 τότε
1449 306 1480 333 τὸ
1505 305 1658 343 βάπτισμα,
1672 307 1736 334 ὅταν
1758 308 1833 343 λήξω
1854 309 1908 336 τῶν

279 356 368 383 aliena
400 355 517 390 rapiam,
543 358 655 382 versute
676 353 812 385 incedam,
834 353 966 388 pejerem.
987 360 1066 380 men-

1132 353 1223 384 ιακῶν,
1249 352 1425 388 ὑποδέξομαι.
1444 352 1492 384 Τίς
1518 353 1546 379 δέ
1578 361 1620 379 σοι
1645 354 1694 380 καὶ
1716 354 1763 380 τὸν
1783 354 1845 390 ὅρον
1859 357 1908 391 τῆς

280 402 333 428 tiar
353 410 360 428 :
375 408 407 428 ac
425 405 482 428 tum
499 401 680 435 baptismum,
701 407 762 426 cum
778 399 910 434 peccandi
934 399 1014 427 ﬁnem
1031 400 1068 427 re-

1132 399 1192 434 ’ωῆς
1212 397 1334 433 ἔπηξενς
1352 398 1394 429 τίς
1417 406 1458 424 σοι
1479 397 1531 432 τὴν
1556 398 1727 433 προθεσμίαν
1749 399 1797 425 τοῦ
1817 401 1909 436 γήρως

279 454 354 478 cero.
373 447 535 481 suscipiam.
562 445 665 481 Ecquis
694 450 786 473 autem
806 446 854 473 tibi
879 438 940 473 vitae
969 451 1067 473 metam

1132 443 1236 479 )ptsev;
1254 443 1296 474 τίς
1316 442 1403 473 οὕτως
1426 442 1583 475 ἀξιόπιστος
1611 443 1687 478 παρὰ
1711 444 1754 470 σοὶ
1769 444 1825 472 τῶν
1847 446 1910 481 μελ-

281 491 359 519 ﬁxit?
375 491 437 526 quis
455 491 504 519 tibi
533 491 684 519 senectutis
703 489 852 518 terminum
880 491 1070 525 praescripsit?

1132 490 1220 516 ,όντων
1232 489 1387 524 ἐγγυητής
1399 488 1455 524 Οὐχ
1468 489 1535 524 ὁρᾷς
1549 489 1632 524 νήπια
1645 489 1833 526 ἁρπαζόμενα,
1846 491 1909 523 τοὺς

280 537 343 572 quis
372 537 445 572 apud
472 542 498 564 te
521 542 575 564 tant
606 536 727 571 locuples
757 535 914 563 futurorum
932 535 1070 570 sponsor?

1134 544 1148 562 ν
1171 535 1265 570 ἡλικία
1279 534 1491 569 ἀπαγομένους;
1510 535 1560 562 οὐκ
1581 534 1638 569 ἔχει
1656 535 1722 569 μίαν
1740 536 1909 571 προθεσμίαν

281 583 379 610 Annon
395 583 472 610 vides
485 581 605 609 infantes
623 585 712 609 morte
723 581 824 616 abripi,
843 585 924 608 aelate
940 580 1070 609 ﬂorentes

1132 593 1134 603 ι
1150 580 1217 615 βίος.
1236 580 1268 606 Τί
1282 580 1429 615 ἀναμένεις
1447 580 1565 615 πυρετοῦ
1580 588 1621 606 σοι
1635 580 1722 616 δῶρον
1741 581 1866 615 γενέσθαι
1880 582 1911 608 τὸ

282 627 400 655 abduci?
417 627 592 654 vitarnullum
605 631 709 654 certum
724 626 871 653 terminum
890 625 984 652 habet.
999 624 1069 658 Quid

1132 627 1340 662 ιάπτισμα;ὃτε
1351 625 1414 653 οὔτε
1430 626 1712 663 φθέγξασθαιδυνήσῃ
1732 627 1767 654 τὰ
1789 629 1910 664 σωτήρια

282 679 425 708 exspectas
446 679 475 701 ut
491 674 644 708 baptismus
656 672 706 700 tibi
727 673 860 700 beneﬂcio
877 671 962 700 febris
979 672 1071 700 oblin-

1132 674 1244 709 5ήματα,
1259 673 1330 708 τάχα
1348 673 1377 699 δὲ
1389 671 1472 708 [οὐδὲ]
1481 671 1596 699 ἀκοῦσαι
1612 673 1758 708 καθαρῶςο
1774 674 1803 700 οὐ
1816 675 1910 709 χεῖρας

283 720 349 754 gat?
364 720 473 754 quando
487 720 543 754 jam
562 727 596 746 ne
615 719 747 747 salutaria
772 720 820 746 tim
845 718 927 746 verba
949 726 1072 753 pronun-

1132 717 1188 754 ἱραι
1197 719 1236 750 εἰς
1249 718 1426 753 οὐρανὸν,οὺκ
1438 719 1484 744 ἐπὶ
1493 718 1575 750 πόδας
1585 718 1772 753 διαναστῆναι,
1782 719 1812 745 οὗ
1821 719 1910 746 κλῖναι

283 765 364 797 tiare,
387 770 414 793 et
440 765 532 793 forsan
550 773 584 792 ne
608 765 689 800 plane
707 764 819 800 quidem
843 764 940 792 audire
955 764 1070 799 poteris,

1132 764 1186 798 Γόνυ
1203 765 1242 795 εἰς
1254 764 1304 799 τὴν
1319 763 1518 799 προσκύνησιν,
1535 764 1566 790 οὗ
1585 763 1742 798 διδαχθῆναι
1756 764 1909 800 χρησίμως,

283 819 339 837 non
355 818 452 838 manus
468 811 501 837 ad
527 811 628 837 coelum
646 810 752 840 tollere,
776 818 830 837 non
855 810 971 845 pedibus
987 813 1071 842 stare,

1132 811 1172 845 ›ὺχ
1194 810 1360 845 ὁμολογῆσαι
1383 809 1523 844 ἀσφαλῶς,
1543 809 1605 845 οὐχὶ
1628 809 1774 836 συνθέσθαι
1792 810 1910 845 Χριστῷ,

283 864 339 884 ιιοιι
360 856 530 884 adorationis
553 863 639 884 causa
662 856 866 891 genuﬂectere,
890 864 943 883 non
968 856 1074 883 utiliter

1132 856 1174 882 ›ὺκ
1193 854 1381 886 ἀποτάξασθαι
1399 854 1439 889 τῷ
1454 853 1555 890 ὲχθρῷ,
1576 853 1647 888 τάχα
1660 853 1688 880 δὲ
1704 854 1766 881 οὐδὲ
1795 855 1912 887 συνετῶς

284 903 406 933 edoceri,
428 910 482 930 non
508 907 584 930 certo
601 903 738 935 coniileri,
754 910 809 929 non
831 908 857 930 te
881 903 914 929 ad
930 902 1070 929 Christum

1132 899 1275 927 ;πακοῦσαι
1290 884 1586 934 νμυσταγωγοίίμίενος,
1610 884 1763 933 άμφίῦολος
1788 899 1826 926 ὢν
1857 884 1914 932 τοῖς

285 947 446 982 adjungere,
471 955 524 975 non
548 947 619 975 hosti
637 948 844 979 abrenuntiare,
862 947 931 982 quin
952 954 1002 974 nec
1016 947 1073 975 for-

1132 945 1266 982 ταροῦσιν,
1283 943 1356 980 Ἆρα
1368 944 1467 980 ᾔσθετο
1489 944 1538 978 τῆς
1560 943 1681 978 χάριτος,
1702 944 1718 978 ἢ
1745 944 1914 980 ἀναισθήτως

286 993 370 1021 tassis
398 994 583 1028 inlelligenter
607 994 722 1025 audire,
745 1002 808 1020 cum
836 993 990 1021 initiaberis
1010 1002 1017 1021 :
1043 1000 1075 1020 ac

1132 992 1180 1026 ἔχει
1203 991 1257 1018 τῶν
1274 990 1449 1025 γενομένων;
1467 990 1533 1016 ὅταν
1557 990 1585 1016 δὲ
1605 990 1654 1016 καὶ
1666 990 1853 1025 ἐπιστημόνως
1865 990 1916 1026 τὴ)

285 1038 405 1073 denique
424 1039 461 1065 ita
483 1038 598 1066 aﬂ‘ectus
613 1039 681 1071 eris,
702 1042 732 1066 ut
749 1039 796 1074 qui
820 1039 938 1067 aderunt
964 1038 1075 1074 ancipiti

1132 1038 1205 1072 ιάριν
1221 1037 1296 1072 δέξῃ,
1313 1036 1373 1062 τότε
1388 1035 1419 1062 τδ
1432 1036 1481 1069 μὲν
1493 1035 1623 1062 τάλαντον
1633 1035 1716 1070 ἔχεις,
1733 1036 1784 1071 τὴν
1794 1036 1822 1062 δὲ
1833 1036 1915 1072 ἔργα·

286 1083 380 1109 anian
397 1083 464 1116 sint,
485 1083 600 1117 gratiam
625 1091 657 1110 ne
683 1085 815 1115 senseris.
837 1092 872 1111 an
895 1091 990 1111 eorum
1017 1091 1078 1118 quae

1132 1084 1188 1109 σίαν
1203 1082 1255 1109 οὐκ
1272 1081 1426 1116 ὲπιφὲρεις.

286 1135 463 1164 peragentur,
479 1130 553 1156 omni
578 1137 661 1157 sensu
686 1137 794 1158 careas.
813 1129 916 1158 Demus
942 1137 1008 1157 vero
1032 1133 1071 1163 te,
1092 1130 1208 1164 gratiam
1227 1129 1265 1156 ila
1283 1135 1392 1162 quoque
1409 1131 1612 1162 suscepturum,
1636 1130 1666 1154 ut
1710 1135 1771 1155 eam
1810 1128 1914 1156 sentias

286 1181 454 1210 etagnoscas
469 1185 476 1203 :
491 1176 624 1203 talentum
633 1177 743 1211 quidem
759 1177 884 1210 habebis,
899 1182 927 1205 at
941 1181 1074 1212 quaestum
1093 1185 1124 1205 ex
1145 1184 1179 1205 eo
1197 1176 1300 1204 nullum
1318 1180 1408 1203 tecum
1425 1175 1510 1206 feres.

323 1243 353 1270 S.
370 1242 446 1278 Greg.
465 1241 537 1269 Naz.
560 1242 638 1270 Orat.
653 1243 680 1270 in
704 1243 775 1277 bapt.
788 1257 822 1263 -——
841 1242 1075 1276 Quemadmodum

288 1297 350 1322 nos,
365 1298 427 1316 cum
443 1294 507 1316 ante
524 1296 580 1316 non
594 1297 734 1321 essemus,
757 1291 860 1316 creavit
871 1308 879 1321 ,
905 1289 942 1316 ita
968 1293 1079 1316 creatos

287 1335 378 1362 denuo
394 1334 472 1360 tinxit
498 1333 727 1368 instauravitquc,
752 1338 779 1361 et
802 1333 915 1369 quidem
947 1333 1078 1369 ﬂgmcnto

285 1380 430 1412 diviniori,
443 1387 474 1406 ac
483 1379 556 1413 quod
575 1379 692 1413 primum
710 1379 790 1414 longe
806 1383 950 1414 superaret
965 1378 1080 1414 (quippe

287 1425 375 1459 quod,
391 1424 430 1450 uti
446 1424 538 1451 viVere
553 1424 751 1458 incipientibus
772 1425 892 1459 sigillum
911 1428 964 1458 est,
980 1425 1018 1451 ita
1044 1425 1078 1453 iis

1161 1245 1267 1280 Ὥσπερ
1282 1244 1333 1270 οὐκ
1347 1243 1427 1275 ὄντας
1444 1243 1610 1278 ὑπέστησεν,
1635 1242 1722 1275 οὕτως
1743 1243 1915 1275 ὑποστάντας

1126 1290 1291 1322 ἀνέπλασεν,
1307 1289 1406 1316 πλάσιν
1429 1289 1573 1324 θειοτέραν
1595 1297 1625 1315 τε
1651 1290 1700 1316 καὶ
1729 1290 1779 1324 τῆς
1805 1289 1916 1325 πρώτης

1128 1335 1316 1371 ὑψηλοτέραν·
1338 1335 1355 1370 ἣ
1373 1335 1430 1365 τοῖς
1448 1334 1499 1368 μὲν
1508 1334 1680 1369 ’ἀρχομένοις
1702 1335 1761 1361 ἐστὶ
1785 1335 1916 1370 σφραγὶς,

1128 1383 1185 1413 τοῖς
1196 1381 1225 1408 δὲ
1240 1381 1419 1416 τελειοτέροις
1441 1380 1492 1415 τὴν
1514 1380 1622 1415 ἡλικίαν
1645 1381 1779 1416 χάρισμα,
1800 1381 1848 1408 καὶ
1868 1382 1917 1416 τῆς

1127 1428 1268 1463 παθούσης
1285 1428 1389 1459 εἰκόνος
1403 1427 1448 1453 διὰ
1462 1426 1511 1462 τὴν
1536 1426 1637 1453 κακίαν
1659 1426 1857 1462 ἐπανόρθωσις,
1872 1427 1918 1453 ἵνα

288 1470 335 1504 qui
358 1469 489 1504 vegetiori
515 1473 580 1496 sunt
609 1473 700 1502 astate,
725 1469 813 1504 gratia
838 1477 950 1505 quoque
974 1473 1028 1503 est,
1053 1474 1080 1498 et

1134 1475 1172 1511 μὴ
1186 1475 1219 1510 τῇ
1230 1472 1385 1508 ἀπογνώσει
1400 1472 1510 1508 χείρους
1524 1472 1679 1507 γενόμενοι,
1692 1472 1741 1499 καὶ
1755 1473 1799 1500 ἀεὶ
1810 1472 1878 1508 πρὸς
1888 1473 1920 1499 τδ

288 1515 394 1542 aﬂ'cctze
407 1514 536 1550 imaginis
551 1515 675 1548 erectio),
688 1523 722 1542 ne
738 1515 838 1550 alioqui
851 1523 898 1550 per
910 1515 1079 1550 desperatio-

289 1567 350 1588 nem
368 1560 560 1587 sceleratiores
575 1560 755 1594 eﬂieeremur,
764 1565 791 1588 et
807 1561 834 1588 in
846 1561 974 1596 graviora
989 1561 1080 1596 quoti-

288 1605 332 1632 die
346 1605 447 1640 ﬂagitia
461 1605 676 1640 prorumpendo,
689 1613 704 1633 a
721 1606 794 1634 bono
810 1610 838 1634 et
853 1607 955 1634 virtute
968 1607 1079 1642 penitus

288 1650 480 1678 excideremus
487 1667 495 1675 .

326 1704 398 1731 ibid.
409 1719 446 1725 —
457 1705 503 1731 Sic
518 1709 543 1732 te
554 1712 694 1740 compara.
709 1711 737 1733 ut
755 1707 896 1735 lavacrum
911 1716 964 1736 non
978 1715 1079 1744 corpus

289 1750 382 1782 modo,
400 1751 446 1778 sed
459 1751 606 1786 imaginem
621 1759 732 1786 quoque
747 1753 794 1780 Dei
810 1753 924 1788 abluat;
946 1762 1000 1782 non
1016 1763 1080 1790 pec—

289 1800 349 1823 cata
367 1795 456 1823 solum
472 1795 573 1827 deleat,
585 1796 631 1824 sed
655 1805 745 1825 mores
762 1798 845 1825 etiam
861 1799 1009 1832 emendet;
1025 1808 1079 1828 non

289 1841 423 1876 pristinas
451 1845 557 1869 tantum
589 1842 652 1869 vita:
676 1843 774 1870 sordes
800 1844 956 1879 abstergat,
984 1853 1079 1872 verum

290 1885 393 1913 fontem
406 1893 516 1920 quoque
531 1886 621 1921 ipsum
634 1891 784 1921 expurget;
801 1895 856 1915 non
869 1889 961 1916 animo
975 1894 1079 1918 tantum

289 1932 439 1967 insculpat,
464 1936 495 1959 ut
525 1940 592 1967 opes
621 1934 746 1960 honestis
777 1934 931 1962 rationibus
953 1943 1079 1970 qumras,

289 1986 384 2005 verum
410 1983 439 2005 ut
466 1978 639 2006 laudabiliter
653 1978 789 2012 eﬂ'uudas,
812 1985 859 2007 aut
881 1981 956 2015 quod
975 1981 1080 2008 levissi-

290 2030 364 2049 mum
381 2023 476 2055 fuerit,
494 2023 565 2050 male
581 2029 673 2058 partas
687 2024 812 2059 abjicias.
838 2025 908 2058 Quid
935 2026 1008 2053 enim
1031 2027 1080 2054 tibi

289 2069 436 2103 profuerit,
452 2070 490 2096 ita
509 2069 614 2104 peccati
629 2070 736 2097 veniam
754 2071 929 2106 impetrasse,
944 2076 972 2098 ut
989 2076 1080 2099 tamen

289 2114 313 2141 ei
337 2121 418 2148 quem
436 2114 550 2146 laeseris,
576 2114 708 2141 damnum
723 2122 778 2142 non
793 2116 942 2148 sarciatur,
966 2124 1029 2144 cum
1050 2121 1080 2144 tu

289 2159 395 2194 duplici
412 2159 517 2187 scelere
532 2160 701 2187 constrictus
728 2161 848 2188 tenearis
865 2170 871 2188 :
894 2162 993 2196 altero,
1015 2163 1080 2198 quia
1097 2152 1119 2180 Ι)

291 2204 394 2238 injuste
428 2205 554 2239 possides
585 2205 733 2232 facultates
766 2210 848 2239 tuas;
882 2207 985 2240 altero,
1017 2208 1083 2242 quia

291 2252 386 2282 partas
413 2256 480 2283 opes
508 2249 648 2276 mordicus
670 2252 771 2281 tenes;
799 2248 846 2276 illa
875 2250 986 2284 quidem
1011 2258 1084 2278 noxa

293 2294 340 2320 tibi
365 2294 520 2321 condonata
550 2298 604 2327 est,
628 2293 679 2320 hac
697 2301 763 2321 vero
779 2294 870 2322 adhuc
894 2295 974 2323 hodie
994 2296 1083 2331 impli-

291 2339 387 2367 caris?
401 2338 487 2366 llodie
507 2339 580 2366 enim
595 2339 666 2374 apud
682 2343 709 2366 te
724 2339 813 2367 aliena
829 2347 875 2368 res
890 2345 932 2368 est
945 2350 952 2373 ;
967 2341 1085 2377 ideoque

291 2391 466 2420 nequaquam
484 2384 603 2412 deletum
629 2388 671 2412 est
702 2389 844 2420 peccatum
859 2405 867 2418 ,
893 2386 941 2414 sed
961 2391 1084 2422 tempore

290 2433 425 2459 duntaxat
440 2431 614 2459 intercisum.
633 2431 700 2459 Pars
717 2431 804 2459 altera
828 2437 893 2459 ante
913 2432 1083 2468 baptismum

291 2481 447 2512 perpetrata
458 2479 512 2509 est,
521 2476 608 2504 altera
621 2481 683 2511 post
697 2477 866 2512 baptismum
877 2483 979 2506 manet.
990 2479 1084 2515 Neque

290 2525 364 2552 enim
380 2523 562 2559 praesentibus
575 2521 696 2558 ﬂagitiis,
708 2522 755 2550 sed
771 2523 805 2551 iis
821 2531 882 2558 qua:
892 2523 949 2559 jam
962 2524 1082 2554 admissa

290 2573 368 2601 sunt,
381 2569 490 2596 veniam
511 2567 590 2595 παθη
607 2567 772 2603 baptismus.
795 2568 883 2597 Porro
900 2576 953 2597 non
974 2574 1083 2598 vetera-

1131 1521 1225 1555 χεῖρον
1238 1519 1472 1555 καταφερόμενοι,
1488 1518 1599 1550 τελείως
1618 1518 1671 1552 ἔξω
1692 1517 1742 1545 τοῦ
1770 1518 1853 1545 καλοῦ
1872 1519 1921 1545 καὶ

1132 1565 1182 1601 τῆς
1192 1564 1294 1602 ἀρετῆς
1307 1565 1462 1600 πίπτωμεν.

1167 1706 1291 1734 Γενέσθω
1303 1715 1344 1734 σοι
1370 1706 1532 1743 τὺλουτρδν,
1559 1706 1596 1742 μὴ
1612 1706 1660 1734 τοῦ
1682 1707 1808 1742 σώματος
1829 1707 1921 1741 μόνον,

1132 1752 1199 1780 ἀλλὰ
1214 1753 1322 1788 καὶτῆς
1334 1752 1437 1784 εἰκόνος
1450 1761 1457 1768 ·
1465 1753 1502 1788 μὴ
1513 1752 1568 1780 τῶν
1578 1753 1785 1788 ἁμαρτημάτων
1792 1752 1923 1784 ἐκπλυσις

1134 1799 1214 1833 μόνον
1225 1819 1233 1830 ,
1247 1798 1315 1826 ἀλλὰ
1335 1799 1437 1834 καὶςτοῦ
1452 1799 1554 1834 τρόπου
1570 1799 1712 1834 διόρθωσις
1722 1807 1728 1813 ·
1744 1798 1841 1835 μὴ’τὺν
1858 1807 1924 1834 προ-

1132 1842 1248 1870 λαδόνια
1276 1843 1406 1879 βόρϐορον
1427 1843 1604 1876 άποκλυζέτω
1622 1844 1713 1880 μόνον,
1731 1843 1800 1870 ἀλλὰ
1812 1844 1859 1871 καὶ
1871 1843 1923 1879 τὴν

1133 1888 1224 1924 πηγὴν
1237 1888 1405 1925 καθαιρέτω·
1418 1890 1455 1925 μὴ
1471 1889 1502 1916 τὸ
1512 1890 1601 1921 καλῶς
1611 1889 1727 1917 κτᾶσθαι
1738 1891 1863 1917 τυπούτω
1875 1890 1924 1925 μό-

1133 1935 1263 1967 νον,ἀλλὰ
1284 1936 1329 1962 καὶ
1348 1936 1379 1962 τὸ
1391 1936 1480 1968 καλῶς
1491 1936 1662 1963 άποκτᾶσθαι
1673 1957 1680 1969 ,
1689 1937 1705 1972 ἢ
1714 1937 1777 1971 τόγε
1788 1937 1922 1972 κουφότα-

1132 1979 1225 2011 τον,τδ
1236 1979 1327 2011 κακῶς
1339 1980 1437 2015 κτηθὲν
1449 1981 1634 2008 ἀποτίθεσθαι.
1645 1982 1677 2008 Τί
1688 1982 1742 2017 γὰρ
1756 1982 1852 2017 δφελος
1863 2003 1870 2014 ,
1881 1984 1923 2009 σοὶ

1135 2024 1186 2060 μὲν
1195 2026 1404 2061 συγχωρηθῆναι
1421 2027 1470 2062 τὴν
1484 2027 1675 2063 ἁμαρτίαν,τῷ
1685 2028 1714 2055 δὲ
1721 2028 1876 2064 ἠδικημένῳ
1885 2029 1924 2064 μὴ

1133 2069 1248 2106 λυθῆναι
1261 2072 1312 2108 τὴν
1322 2073 1398 2109 παρὰ
1408 2073 1455 2100 σοῦ
1469 2073 1587 2109 ζημίανς
1602 2074 1650 2100 δύο
1661 2082 1703 2101 σοι
1718 2074 1811 2101 κακῶν
1825 2074 1923 2106 ὄντων,

1133 2117 1181 2143 τοῦ
1197 2126 1226 2144 τε
1252 2119 1403 2154 κτήσασθαι
1420 2120 1458 2155 μὴ
1484 2120 1607 2152 δικαίως,
1625 2120 1737 2147 καὶτοῦ
1764 2121 1794 2147 τὸ
1821 2121 1924 2156 κτηθὲν

1134 2162 1307 2198 κατέχεσθαι,
1331 2164 1379 2191 τοῦ
1405 2165 1455 2200 μὲν
1477 2165 1574 2200 ἄφεσιν
1593 2165 1698 2198 ἔλαϐες,
1715 2166 1745 2192 τδ
1758 2166 1787 2192 δὲ
1802 2166 1923 2201 σήμερον

1134 2206 1249 2238 ἀδικεῖς.
1266 2207 1393 2244 Σήμερον
1417 2210 1472 2243 γάρ
1489 2210 1550 2236 ἐστι
1565 2210 1642 2246 παρὰ
1662 2210 1704 2237 σοὶ
1719 2210 1750 2237 τδ
1768 2210 1921 2244 ἀλλότριον,

1134 2252 1181 2278 καὶ
1194 2253 1245 2280 οὐκ
1261 2254 1381 2290 ἀνῃρέθη
1407 2256 1438 2282 τὸ
1456 2256 1621 2292 ἁμάρτημα,
1643 2256 1683 2292 τῷ
1709 2257 1798 2292 χρόνῳ
1821 2256 1850 2283 δὶ
1883 2256 1923 2282 δι-

1136 2297 1223 2334 εκόπη
1233 2307 1240 2314 ·
1249 2299 1280 2326 τὺ
1297 2299 1346 2335 μὲν
1362 2301 1415 2337 πρὸ
1429 2301 1476 2328 τοῦ
1491 2301 1679 2337 βαπτίσματος
1694 2302 1841 2338 τολμηθὲν,
1851 2302 1882 2328 τὸ
1895 2302 1923 2329 δὲ

1136 2343 1218 2379 μενον
1245 2346 1315 2380 μετὰ
1330 2346 1361 2373 τὸ
1387 2347 1541 2383 βάπτισμα.
1558 2348 1618 2376 Τῶν
1639 2349 1693 2383 γὰρ
1707 2348 1922 2384 ἡμαρτημένων.

1134 2389 1164 2416 οὗ
1177 2389 1232 2416 τῶν
1244 2391 1488 2427 ἁμαρτανομένων,
1501 2393 1532 2420 τὸ
1543 2393 1654 2429 λουτρὸν
1668 2393 1725 2429 ἔχει
1738 2393 1921 2430 συγχώρησιν.

1134 2437 1181 2462 Δεῖ
1192 2437 1221 2463 δὲ
1235 2437 1273 2473 μὴ
1291 2439 1453 2474 σοφισθῆναι
1476 2439 1523 2466 τὸν
1539 2439 1693 2476 καθαρμὸν,
1710 2439 1770 2467 ἀλλ’
1785 2440 1922 2475 ὲνσημανο

1135 2481 1216 2517 θῆναι
1228 2491 1236 2499 ο
1253 2484 1462 2521 λαμπρυνθῆναί
1474 2494 1504 2512 σε
1517 2486 1637 2519 τελείως,
1653 2486 1722 2513 ἀλλὰ
1737 2486 1775 2522 μὴ
1797 2485 1923 2521 χρωσθῆ-

1134 2536 1200 2574 ναις
1227 2529 1296 2564 μηδὲ
1309 2531 1475 2566 ὲπικάλυψιν
1487 2531 1542 2558 τῶν
1568 2531 1724 2567 ἁμαρτιῶν,
1746 2531 1814 2559 ἀλλὰ
1833 2531 1922 2559 ἁπαλ-

1133 2572 1220 2609 λαγῆν
1239 2575 1311 2610 ἔχειν
1325 2576 1356 2603 τδ
1366 2577 1500 2613 χάρισμα.

290 2616 362 2644 torie
373 2613 532 2650 accipienda
551 2614 679 2648 purgatio
694 2618 748 2647 est,
761 2614 809 2642 sed
831 2615 904 2642 serio
921 2616 1122 2651 imprimenda;
1138 2619 1242 2655 tibique
1273 2623 1422 2658 agendum,
1454 2628 1484 2651 ut
1521 2623 1601 2658 pleno
1633 2623 1810 2659 perfectoque
1830 2623 1926 2658 splen-
1970 2616 1974 2618 ’

290 2665 360 2692 dore
371 2665 471 2699 niteas,
482 2672 536 2692 non
549 2672 580 2692 ut
590 2673 618 2693 in
629 2663 803 2700 superﬁciem
813 2662 941 2691 illinaris.
951 2661 1082 2697 Baptismi
1101 2663 1203 2693 donum
1217 2675 1271 2696 non
1280 2670 1591 2700 tantummodoobducit
1605 2676 1728 2707 peccata,
1738 2670 1788 2699 sed
1817 2670 1851 2697 ali
1880 2670 1926 2698 his

293 2713 405 2747 penitus
419 2713 526 2741 eximit.

328 2769 464 2804 Cicrysosl.
488 2772 568 2798 Hom.
590 2770 625 2797 ad
651 2777 739 2797 recens
763 2768 851 2796 illum.
868 2782 902 2787 —
920 2767 1084 2795 Benedictus

294 2814 377 2847 Deus,
390 2817 437 2850 qui
455 2816 520 2844 facit
535 2816 671 2844 mirabilia
683 2817 758 2844 solus
771 2815 858 2850 (Psal.
877 2823 949 2847 Lxxt,
961 2814 1016 2849 i8).
1036 2814 1083 2848 qui

295 2864 394 2888 cuncta
410 2862 644 2899 condidit,caquc
661 2866 838 2890 transmutat.
849 2861 900 2894 Qui
913 2860 971 2888 hcri
984 2859 1083 2895 captivi

1173 2761 1326 2798 Εὐλογητὸς
1347 2762 1366 2788 δ
1385 2761 1464 2795 Θεὸς,
1486 2763 1501 2790 ὁ
1527 2762 1612 2790 ποιῶν
1639 2761 1779 2796 θαυμάσια
1799 2759 1892 2795 μόνος.
1915 2768 1929 2784 9

1138 2808 1222 2834 ποιῶν
1245 2809 1352 2841 πάντα,
1373 2809 1420 2836 καὶ
1441 2808 1655 2841 κατασκευάζων
1687 2808 1769 2834 αὐτὰ.
1801 2807 1833 2832 υἱ
1861 2804 1929 2844 χθὲς

1138 2854 1316 2890 αἰχμάλωτοι,
1343 2855 1389 2883 νῦν
1409 2855 1558 2892 ἐλεύθεροι,
1582 2855 1628 2882 καὶ
1653 2854 1760 2881 πολῖται
1776 2852 1825 2887 τῆς
1870 2851 1931 2878 δι’
