2074 3115
292 163 360 196 1279

884 164 914 193 S.
931 163 1091 194 JOANNIS
1110 161 1327 193 DAMASCENI

1853 157 1920 191 1280

327 219 391 253 Sap.
405 227 450 249 xv.
465 217 542 245 Ἶ-ίὲ.
557 234 590 240 —-
609 227 618 243 ι
635 217 720 245 Judex
739 218 850 254 ﬁgulus,
869 224 896 246 et
911 219 982 246 male
1006 218 1080 246 labo-

1170 227 1179 243 ι
1199 217 1301 253 Κριτής
1320 216 1335 242 ὁ
1357 215 1521 251 πηλουργδς,
1551 214 1597 241 καὶ
1618 214 1633 240 ὁ
1655 213 1842 248 κακόμοχθος,
1860 213 1921 240 θεὸν

291 271 367 294 rans.
385 263 467 290 deum
492 263 601 289 inanem
622 270 654 289 ex
669 262 763 289 eodem
782 263 859 298 lingit
873 263 942 290 luto.
961 263 1018 296 llle,
1035 262 1081 298 qtti

292 307 375 342 paulo
387 311 450 334 ante
469 306 503 334 de
516 311 589 333 terra
607 305 698 334 factus
713 306 813 338 fuerat,
830 312 856 334 et
873 312 936 342 post
950 307 1081 342 pusillum

259 370 262 371 ν
293 352 399 380 reducit
415 360 444 379 se
465 351 536 379 unde
555 356 684 386 acceptus
707 356 759 384 est,
772 352 908 386 repetitus
924 352 1022 380 animae
1033 351 1083 380 de-

295 398 391 425 bitum.
410 396 462 424 Sed
478 404 545 424 cura
562 400 604 424 est
619 396 672 430 illi,
685 404 739 424 non
755 396 820 431 quia
835 397 1012 425 laboraturus
1030 400 1082 429 est,

295 450 345 470 nec
362 442 491 477 quoniam
509 441 600 469 brevis
625 441 663 468 illi
686 441 742 468 vita
761 446 822 474 est;
843 442 892 469 sed
909 446 1085 469 concertatur

295 487 406 523 quidem
434 487 595 514 auriﬁcibns
610 491 637 514 et
652 487 826 524 argentariis,
849 491 876 515 et
891 487 1005 515 marios
1021 487 1083 515 imi-

296 537 381 565 tatur,
397 536 425 560 et
443 533 558 568 gloriam
581 533 710 566 aestimat,
729 533 860 568 quoniam
885 540 930 561 res
954 541 1085 569 superva-

295 586 363 606 cuas
388 578 474 613 ﬁngit.
497 577 648 605 Cinisest
671 585 719 606 cor
740 578 812 613 ejus,
836 582 863 605 et
881 583 953 605 terra
976 578 1086 606 inanior

297 631 360 657 spes
373 623 456 654 illius,
473 627 500 650 et
516 622 573 650 luto
593 623 674 650 vilior
691 623 745 650 vita
760 622 837 658 ejus;
853 624 984 658 quoniam
1005 624 1084 658 igno-

298 669 369 695 ravit
385 668 430 703 qui
446 675 475 695 se
495 668 583 701 ﬁnxit,
599 672 626 695 et
648 668 694 703 qui
723 668 870 703 inspiravit
895 669 946 703 ipsi
966 669 1085 696 animam

297 721 360 749 quae
372 718 514 749 operatur,
528 718 555 741 et
574 714 620 748 qui
647 713 796 742 insul'ﬁavit
809 714 888 749 391
902 714 941 741 illi
958 714 1084 750 spiritum

299 759 419 785 vitalem.
439 758 492 786 Sed
509 762 536 786 et
553 759 782 786 existimaverunt
806 759 897 786 lusum
925 767 987 787 esse
1002 760 1085 788 vitam

300 808 434 837 nostram,
453 809 480 832 et
501 804 740 832 conversationem
765 804 829 832 vitae
851 806 1033 840 compositam
1051 805 1085 833 ad

301 850 418 876 lucrum.
438 859 447 875 ι

338 894 421 921 Eccli.
439 902 503 928 xxx,
522 894 565 922 18.
579 910 613 914 -
638 905 647 920 ‹
666 895 861 930 Spectaculum
879 897 1022 932 epularum
1039 905 1086 932 ap-
1101 887 1123 916 Β

300 939 452 974 positarum
476 939 612 974 sepulcro.
643 939 714 973 Quid
735 941 848 976 prodest
874 942 969 970 libatio
996 943 1087 971 idolo?

299 992 352 1011 nec
366 984 438 1012 enim
454 985 642 1018 manducahil,
656 994 706 1014 nec
724 986 897 1015 odorabitur.
917 997 926 1014 ι

335 1028 364 1056 S.
383 1029 460 1064 Greg.
480 1029 552 1057 Naz.
566 1031 642 1058 Orat.
656 1032 684 1065 2,
703 1032 740 1059 De
762 1033 841 1060 tlteol.
862 1049 897 1054 —
915 1033 968 1061 Alii
990 1035 1087 1069 solem,

300 1074 345 1101 alii
358 1075 480 1102 siderum
495 1076 711 1109 multitudinem,
733 1077 777 1105 alii
802 1079 901 1106 caelum
926 1079 1013 1115 ipsum
1032 1088 1087 1108 una

300 1127 364 1146 cum
380 1119 434 1148 illis
446 1121 601 1154 coluerunt,
618 1122 664 1149 alii
680 1122 826 1156 elementa,
842 1125 902 1153 sine
921 1126 1021 1160 quibus
1037 1126 1089 1154 hu-

301 1173 381 1193 mana
393 1167 446 1194 vita
459 1171 590 1195 constare
604 1175 659 1195 non
675 1173 776 1203 potest.
791 1169 862 1204 Quin
876 1172 999 1200 nonnulli
1018 1181 1088 1208 quo-

301 1219 364 1244 que,
384 1216 413 1239 ut
424 1212 533 1247 opinor,
547 1214 695 1248 potentiam
712 1215 845 1249 colentes,
860 1221 886 1244 et
901 1217 986 1245 robur
1001 1218 1088 1245 laudi-

302 1257 355 1285 bus
383 1257 546 1291 eﬁ‘erentes,
577 1259 817 1296 suspicientesque
844 1262 1087 1296 pulchritudinem,

284 1336 290 1344 γ
302 1311 452 1338 progressu
469 1305 599 1339 temporis
615 1305 666 1333 hoc
684 1305 766 1334 deum
788 1307 949 1340 ell‘ecerunt,
963 1309 1035 1343 quod
1060 1309 1089 1336 in

303 1349 409 1376 honore
424 1353 451 1376 et
465 1350 552 1383 pretio
573 1350 721 1378 habebant.
749 1352 801 1385 Qui
828 1357 917 1381 autem
944 1355 1017 1382 inter
1041 1363 1089 1384 eos

302 1395 413 1423 vitiosis
434 1396 579 1424 affectibus
608 1397 695 1432 magis
722 1397 823 1425 addicti
857 1402 947 1431 erant,
975 1398 1089 1428 aﬁ‘ectus

302 1448 413 1475 quoque
428 1441 503 1476 ipsos
519 1446 714 1476 nuncuparunt
731 1443 807 1470 deos.

339 1484 495 1514 Eusebii.-—
510 1485 581 1513 Sunt
597 1487 720 1514 nonnulli
736 1488 783 1522 qui
798 1488 889 1516 sidera
898 1494 1088 1524 exsecrentur,

303 1531 368 1558 dum
386 1530 519 1560 adversus
539 1532 677 1560 hominem
694 1533 864 1567 irascuntur,
879 1535 1005 1565 dicentes
1020 1546 1026 1564 :
1043 1535 1090 1564 Va:
1104 1549 1126 1578 ο

303 1581 378 1603 astro
394 1582 452 1605 tuo.
465 1577 517 1604 Alii
533 1577 627 1606 dicunt
643 1588 649 1606 :
665 1578 739 1606 Bono
757 1585 832 1608 astro
844 1585 926 1609 natus
941 1587 1001 1615 est;
1017 1583 1091 1610 ttnde

303 1623 386 1649 etiam
402 1623 492 1650 omnia
504 1623 591 1658 ipsius
608 1629 682 1652 astro
697 1625 801 1654 lavent.
817 1626 863 1653 Vat
878 1633 968 1654 autem
993 1627 1027 1656 iis
1043 1628 1090 1663 qui

303 1668 362 1695 haec
379 1667 486 1696 dicunt.
503 1668 602 1697 Multos
627 1670 707 1698 video
721 1671 753 1698 ad
772 1672 856 1700 solem
875 1676 901 1699 et
917 1672 1011 1700 lunam
1027 1681 1091 1709 pre--

303 1718 410 1745 cantes,
421 1717 448 1740 et
464 1714 514 1741 soli
529 1714 556 1741 in
569 1715 626 1743 haec
640 1716 724 1743 verba
740 1717 928 1752 supplicantes
941 1728 948 1746 :
961 1718 1092 1747 Miserere

303 1760 368 1787 mei.
378 1759 423 1787 Vae
435 1764 525 1788 autem
541 1761 605 1789 illis.
617 1761 687 1794 Quid
704 1766 744 1794 tu.
760 1764 856 1792 relicto
869 1765 936 1792 solis
951 1765 1090 1798 elfeclore,

304 1806 389 1834 solem
407 1807 527 1834 adoras?
543 1815 595 1834 non
611 1813 719 1844 oportet
737 1809 840 1837 servire
855 1814 989 1838 creaturae
1000 1811 1092 1846 potius

303 1859 385 1886 quam
417 1851 551 1881 Creatori.
571 1853 710 1890 Scriptum
734 1858 777 1883 est
805 1855 879 1882 enim
903 1865 910 1883 :
932 1855 1093 1885 Maledictus

305 1897 395 1924 omnis
414 1898 462 1932 qui
483 1897 580 1925 adorat
600 1899 697 1932 solem,
721 1904 749 1928 et
772 1900 877 1933 lunam,
902 1905 929 1929 et
947 1901 1050 1936 stellas,
1066 1907 1093 1930 et

304 1942 439 1977 quidquid
451 1942 527 1969 aliud
540 1942 676 1971 factitium
687 1948 739 1978 est,
754 1945 825 1972 ultra
842 1945 987 1974 iactarent.
1003 1947 1092 1980 Multi.

305 1987 357 2015 hoc
376 1988 429 2015 sibi
449 1988 541 2017 animo
558 1989 700 2024 ﬁngentes,
723 1990 801 2018 aiunt
819 1991 912 2019 lunam
928 2000 944 2020 e
958 1993 1028 2020 ccelo
1047 1993 1093 2021 de-

306 2034 448 2062 scendere.
475 2034 542 2062 Cum
568 2043 629 2064 sese
656 2036 840 2072 praestigiator
866 2042 1006 2070 cruentat,
1033 2046 1092 2067 eam

305 2080 376 2107 caalo
390 2080 512 2114 deducit,
530 2081 670 2117 inquiunt.
690 2082 738 2110 Vae
754 2083 809 2111 illis
837 2084 884 2118 qui
909 2084 968 2112 haec
984 2085 1092 2113 dicunt.

306 2126 374 2158 Quis
389 2126 453 2154 ullis
468 2127 613 2162 praestigiis
643 2128 671 2155 in
690 2128 790 2156 coelum
807 2129 898 2164 potuit
924 2131 1095 2159 ascendere?

305 2170 393 2198 voluit
413 2171 439 2198 id
455 2172 565 2206 quidem
587 2172 682 2200 Simon
703 2173 798 2208 Magus
816 2183 823 2201 :
840 2175 887 2202 sed
903 2171 1016 2209 cadens,
1030 2184 1095 2204 cor-

1135 263 1250 298 μάταιον
1262 263 1293 289 ὲκ
1306 261 1353 288 τοῦ
1366 260 1450 287 αὐτοῦ
1462 259 1577 286 πλάσσει
1592 258 1680 294 πηλοῦ
1690 266 1697 273 ·
1713 257 1743 290 ὃς
1753 258 1806 294 πρὸ
1819 258 1919 294 μικροῦ

1137 307 1170 334 ὲκ
1189 306 1242 341 γῆς
1255 305 1409 341 γεννηθεὶς,
1431 305 1490 340 μετ’
1503 304 1594 338 ὀλίγον
1605 303 1752 340 πορεύεται
1767 303 1807 335 είς
1828 303 1880 338 γῆν
1892 302 1922 335 ἐξ

1133 349 1168 388 ἧς
1184 353 1301 388 ἐλήφθη,
1325 351 1419 386 τὸτῆς
1433 350 1523 386 ψυχῆς
1548 349 1711 385 ὰπαιτηθεὶς
1734 349 1825 384 χρέος.
1853 348 1921 376 Ἀλλ’

1135 399 1209 425 ἐστιν
1235 397 1310 433 αὐτῷ
1337 397 1458 432 φροντὶς,
1486 396 1534 430 οὐχ
1551 395 1592 422 ὅτι
1611 395 1702 430 μέλλει
1726 395 1853 430 κάμνειν,
1868 394 1922 421 οὐδ’

1135 445 1176 471 ὃτι
1207 442 1362 480 βραχυτελῆ
1393 442 1450 476 βίον
1483 441 1555 476 ἔχει·
1584 441 1642 468 ἀλλ’
1669 440 1854 475 ἀντερείδεται
1873 439 1923 475 μὶν

1137 491 1319 525 χρυσουργοϊς
1334 489 1381 516 καὶ
1404 487 1596 524 ἀργυροχόοις,
1609 486 1820 522 χαλκοπλάστας
1832 494 1863 512 τε
1879 494 1923 520 μι-
1936 515 1938 521 ν

1140 536 1242 570 μεῖται,
1261 535 1308 562 καὶ
1335 534 1415 567 δόξαν
1439 533 1564 568 ἡγεῖται,
1587 533 1629 559 ὅτι
1656 531 1771 567 κίϐδηλα
1794 531 1921 559 πλάσσει.

1136 581 1237 612 Σποδδς
1251 581 1268 616 ἡ
1283 580 1380 616 καρδία
1394 579 1490 612 αὐτοῦ,
1502 580 1550 606 καὶ
1561 578 1614 614 γῆς
1628 576 1805 612 εὐτελεοτέρα
1815 578 1832 612 ή
1846 575 1923 608 έλπὶς

1136 626 1231 658 αὑτοῦ,
1262 625 1349 660 πηλοῦ
1371 633 1402 652 τε
1429 623 1600 659 ἀτιμώτερος
1630 624 1645 649 ὁ
1674 622 1732 658 βίος
1752 622 1853 655 αὑτοῦ,
1883 622 1924 648 ὃτι

1135 672 1253 707 ἠγνόησε
1269 671 1316 698 τὸν
1339 670 1480 698 πλάσαντα
1495 669 1587 702 αὑτὸν,
1605 669 1652 695 καὶ
1665 668 1710 695 τὸν
1731 667 1921 704 ἐμπνεύσαντα

1137 718 1212 753 αὑτῷ
1229 716 1320 752 ψυχὴν
1349 714 1534 751 ἐνεργοῦσαν,
1554 714 1603 741 καὶ
1624 713 1821 749 ἑμφυσήσαντα
1847 713 1922 748 αὐτῷ

1137 763 1246 797 πνεῦμα
1262 761 1378 794 ζωτικόν
1391 769 1398 776 ·
1415 760 1472 787 ἀλλ’
1483 760 1640 795 ὲλογίσαντο
1653 759 1779 794 παίγνιον
1794 757 1922 794 εἶναιτὴν

1137 807 1210 843 ζωὴν
1229 808 1319 844 ἡμῶν,
1338 807 1386 834 καὶ
1400 806 1445 833 τὸν
1461 806 1520 842 βίον
1540 805 1620 842 ἡμῶν
1642 805 1849 840 πανηγυρισμὸν
1863 805 1921 831 ἑπι-

1137 854 1231 890 κερδῆ.
1249 862 1259 880 ι

1181 910 1191 927 ‹
1210 898 1474 939 Θέαμαλβρωμάτων
1490 898 1703 934 παρακειμένων
1722 898 1770 925 ἐπὶ
1787 898 1865 932 τάφῳ
1880 905 1887 912 ·
1899 896 1926 922 τί

1143 946 1279 981 συμφέρει
1295 945 1441 982 κάρπωσις
1454 944 1556 980 εἰδώλῳ
1569 953 1576 978 ;
1592 943 1654 971 οὗτε
1667 943 1722 979 γὰρ
1744 942 1843 974 ἔδεται,
1863 941 1925 969 οὔτε

1140 992 1177 1027 μὴ
1188 991 1338 1027 όσφρανθῇ.
1355 1000 1365 1017 ι

1175 1037 1209 1063 Οἱ
1225 1036 1275 1071 μὲν
1297 1036 1385 1071 ἥλιον,
1402 1036 1427 1063 οἱ
1442 1035 1470 1063 δὲ
1492 1035 1618 1071 σελήνην,
1633 1034 1659 1061 οἱ
1680 1034 1708 1061 δὲ
1724 1033 1847 1069 ἀστέρων
1860 1033 1926 1068 πλῆ-

1139 1082 1195 1115 θος,
1211 1083 1236 1109 οἱ
1250 1082 1279 1109 δὲ
1291 1082 1406 1118 οὐρανὸν
1421 1081 1503 1109 αὐτὸν
1522 1082 1580 1116 ἅμα
1596 1081 1704 1112 τούτοις
1725 1079 1924 1114 ἐσεϐάσθησαν,

1139 1129 1163 1155 οι
1179 1128 1207 1155 δὲ
1220 1128 1253 1155 τὰ
1270 1129 1401 1163 στοιχεῖα,
1417 1125 1455 1155 ὧν
1466 1127 1531 1155 ἄνευ
1556 1127 1587 1154 οὺ
1601 1127 1713 1154 δυνατὸν
1735 1126 1868 1161 συστῆναι
1879 1125 1926 1152 τὸν

1139 1175 1309 1209 ἀνθρώπινον
1340 1174 1407 1209 βίον.
1439 1173 1523 1209 Οἶμαι
1547 1173 1585 1205 δὲ,
1606 1172 1653 1200 καὶ
1673 1171 1832 1199 δυναστείαν
1854 1170 1927 1202 τινὲς

1140 1220 1348 1256 θεραπεύοντες,
1365 1220 1411 1247 καὶ
1426 1220 1522 1255 ῥώμην
1535 1219 1739 1251 ἐπαινέσαντες,
1763 1218 1811 1244 καὶ
1829 1216 1927 1248 κάλλος

1140 1265 1343 1301 θαυμάσαντες,
1355 1265 1416 1292 θεὸν
1427 1264 1609 1305 ἐποίησαν.τῷ
1622 1264 1711 1300 χρόνῳ
1720 1263 1751 1290 τι
1760 1262 1926 1298 τιμώμενον.

1140 1311 1172 1337 0i
1186 1310 1385 1346 ὲμπαθέστεροι
1399 1310 1427 1337 δὲ
1451 1310 1541 1337 αὐτῶν
1558 1309 1606 1336 καὶ
1619 1310 1654 1337 τὰ
1673 1309 1747 1345 πάθη
1770 1308 1850 1340 θεοὺς
1864 1307 1928 1334 ὠνό-

1142 1364 1242 1391 μασαν.

1178 1485 1239 1512 Εἰσί
1250 1493 1324 1513 τινες
1344 1484 1536 1520 καταρώμενοι
1553 1484 1616 1516 τοὺς
1645 1483 1773 1519 ἀστέρας,
1793 1484 1837 1510 ὅτε
1859 1486 1933 1513 κατά

1142 1529 1286 1565 ἀνθρώπου
1300 1529 1457 1565 ὀργίζονται
1469 1529 1606 1563 λέγοντες,
1622 1527 1691 1555 οὐαὶ
1708 1527 1747 1564 τῷ
1761 1529 1854 1564 ἄστρῳ
1870 1536 1928 1556 σου.

1144 1576 1238 1603 Ἀλλοι
1263 1575 1406 1610 λέγουσιντ
1429 1574 1521 1602 Καλοῦ
1540 1574 1640 1611 ἄστρου
1661 1573 1807 1609 ἐγεννήθη,
1824 1574 1865 1601 διὸ
1885 1575 1931 1600 καὶ

1143 1622 1289 1658 συναστρεϊ
1303 1621 1377 1656 αὑτῷ
1396 1620 1430 1647 τὰ
1445 1620 1547 1648 πάντα.
1568 1620 1624 1647 Kal.
1643 1620 1706 1646 οὐαὶ
1718 1620 1774 1651 τοϊς
1792 1619 1862 1646 αὐτὰ
1883 1619 1930 1646 λέ-

1142 1675 1232 1701 γουσι.
1257 1666 1376 1698 Πολλοὺς
1390 1664 1450 1694 οῖδα
1472 1666 1639 1701 εὐχομένους
1655 1666 1696 1697 είς
1707 1665 1755 1692 τὸν
1773 1664 1860 1700 ἥλιον,
1883 1665 1932 1691 καὶ

1142 1712 1191 1748 τὴν
1208 1713 1334 1748 σελήνην,
1355 1712 1402 1739 καὶ
1414 1712 1521 1738 ἱκεσίαν
1545 1711 1732 1746 προσφέρουσι
1746 1709 1786 1745 τῷ
1799 1709 1867 1745 ἡλίῳ
1888 1709 1930 1736 λέ-

1142 1767 1248 1792 γοντες,
1266 1758 1393 1793 Ἐλέησόν
1406 1766 1440 1793 με
1452 1765 1459 1773 ·
1469 1757 1518 1784 καὶ
1532 1756 1593 1784 οὐαὶ
1605 1755 1719 1787 τούτοις.
1733 1755 1766 1781 Τί
1777 1755 1868 1790 ἀφιεὶς
1885 1755 1932 1782 τὸν

1143 1802 1258 1838 ποιητὴν
1286 1802 1335 1830 τοῦ
1351 1802 1441 1837 ἡλίου,
1464 1801 1511 1828 τὸν
1532 1801 1608 1836 ἥλιον
1637 1801 1821 1837 προσκυνεῖς;
1842 1799 1874 1826 οὗ
1890 1799 1932 1826 δεῖ

1143 1847 1284 1884 λατρεύειν
1294 1849 1327 1883 τῇ
1345 1847 1434 1874 κτίσει
1449 1846 1526 1882 παρὰ
1545 1846 1591 1873 τὸν
1607 1845 1757 1873 κτίσαντα.
1773 1845 1930 1880 Γέγραπται

1143 1894 1197 1930 γάρ
1206 1902 1213 1909 ·
1237 1892 1457 1928 Ἐπικατάρατος
1473 1892 1527 1924 πᾶς
1541 1891 1705 1927 προσκυνῶν
1718 1890 1766 1917 τὸν
1777 1890 1866 1925 ἥλιον,
1882 1890 1930 1916 καὶ

1143 1940 1193 1971 τὴν
1220 1939 1345 1974 σελήνην,
1372 1939 1418 1966 καὶ
1440 1939 1504 1970 τοὺς
1526 1937 1646 1973 ἀστέρας
1658 1956 1665 1969 ,
1685 1937 1733 1964 καὶ
1752 1937 1779 1963 εῐ
1792 1945 1818 1963 τι
1837 1936 1932 1971 ἕτερον

1144 1985 1250 2021 ποίημα
1275 1984 1352 2021 παρὰ
1375 1984 1421 2012 τὸν
1453 1984 1580 2019 ποιητήν.
1606 1983 1702 2010 Πολλοὶ
1734 1982 1931 2018 φανταζόμενοι

1143 2031 1251 2065 λέγουσι
1262 2030 1312 2066 τὴν
1324 2030 1438 2065 σελήνην
1448 2028 1742 2064 κατέρχεσθαι.¹’οταν,
1752 2027 1845 2062 φασὶν,
1858 2027 1932 2061 ἐξαι-

1147 2076 1279 2111 ματοῦται
1300 2075 1443 2110 ἄνθρωπος
1470 2073 1693 2109 καταγοητεύσας
1706 2073 1792 2108 αὐτὴν
1812 2072 1933 2107 καταφέ-

1146 2130 1198 2157 ρει.
1220 2121 1276 2148 Καὶ
1293 2120 1356 2147 οὐαὶ
1382 2121 1438 2152 τοῖς
1463 2119 1551 2146 ταῦτα
1576 2119 1712 2153 λέγουσιν.
1739 2118 1787 2151 Τίς
1812 2118 1934 2153 ἠδυνήθη

1144 2165 1369 2201 καταγοητεύσας
1389 2164 1548 2192 ἀναϐαίνειν
1572 2165 1613 2196 είς
1635 2164 1769 2200 οὐρανόν;
1793 2163 1932 2198 ἠϐουλήθη

306 2222 373 2250 pore
389 2219 446 2243 toto
461 2215 565 2244 fractus
578 2221 631 2244 est.
647 2217 731 2245 Nemo
739 2218 824 2252 enim,
838 2227 888 2246 nec
900 2227 1025 2254 parvum,
1042 2229 1090 2249 nec

1146 2213 1237 2248 Σίμων
1260 2213 1274 2239 ό
1302 2212 1398 2248 μάγος,
1415 2211 1483 2239 ἀλλὰ
1499 2210 1591 2238 πεσὼν
1608 2210 1751 2247 διεῤῥάγη.
1766 2210 1859 2242 οὐδεὶς
1877 2209 1933 2245 γὰρ

307 2268 436 2296 magnum
455 2262 514 2289 caeli
533 2262 609 2290 sidus
622 2263 693 2291 valet
707 2265 863 2292 convellere
887 2274 893 2292 :
915 2266 1016 2302 quippe
1030 2274 1093 2294 cum

305 2313 338 2333 ea
358 2305 430 2334 Deus
445 2307 546 2335 virtute
563 2315 612 2336 sua
630 2308 796 2337 fundaverit.
820 2309 904 2338 Aiunt
919 2319 1029 2340 rursum
1043 2321 1095 2340 nu-

306 2351 355 2379 bes
372 2356 399 2379 et
424 2352 531 2387 pluvias
545 2360 559 2380 a
577 2355 825 2390 praestigiatorihus
839 2356 935 2384 deduci
953 2367 959 2385 :
978 2357 1004 2384 id
1020 2358 1093 2392 quod

305 2397 386 2424 etiam
399 2405 469 2425 vane
482 2399 516 2426 ab
529 2399 596 2434 ipsis
611 2399 720 2428 dicitur.
734 2400 835 2436 Ecquis
848 2401 920 2428 enim
936 2403 1094 2430 mortalium

306 2443 353 2475 sit,
371 2443 417 2479 qui
436 2443 480 2471 Dei
496 2445 652 2473 mandatum
672 2446 818 2482 praestigiis
843 2447 906 2475 ullis
921 2453 1005 2483 queat
1017 2455 1094 2476 aver-

305 2489 386 2517 tere?
411 2489 504 2519 Nubes
530 2491 603 2519 enim
632 2491 679 2519 Dei
703 2492 782 2527 jussu
802 2493 924 2528 pluviam
945 2493 972 2521 in
990 2497 1093 2521 terram

307 2534 435 2562 hindttnt.
896 2535 899 2538 ’

305 2589 435 2628 ΤΙΤπΥΙ.
450 2607 485 2612 —-
500 2590 540 2619 De
554 2592 618 2628 vita,
636 2596 660 2619 et
674 2593 770 2620 mundo
785 2593 852 2620 hoc:
869 2597 894 2621 et
910 2594 978 2628 quod
993 2602 1051 2626 nor,
1063 2603 1094 2622 ac

355 2627 407 2654 vita
419 2632 521 2659 nostra,
537 2628 564 2653 in
582 2627 753 2655 distractione
763 2632 787 2655 et
802 2628 892 2655 labore
914 2627 1058 2656 oet-saritur.

343 2715 408 2742 Gen.
423 2723 462 2747 In,
480 2716 523 2744 l6.
541 2732 572 2738 —
591 2726 600 2743 ι
620 2715 653 2744 Et
668 2716 738 2744 dixit
755 2716 863 2744 mulieri
884 2726 891 2744 :
909 2716 1094 2752 Multiplicans

307 2760 497 2794 multiplicabo
514 2768 649 2788 aerumnas
659 2765 687 2789 et
702 2765 855 2797 conceptus
871 2765 943 2790 tuos.
954 2762 982 2790 In
993 2763 1095 2790 dolori-

308 2803 361 2830 bus
378 2805 468 2838 paries
494 2806 577 2840 ﬁlios,
590 2811 616 2834 et
631 2807 664 2834 ad
689 2807 780 2836 virum
805 2808 857 2836 erit
873 2809 1020 2836 conversio
1038 2812 1094 2841 tua,

310 2851 337 2874 et
348 2848 407 2883 ipse
420 2850 604 2880 dominabitur
616 2857 665 2879 llll.
683 2862 692 2878 ι

1147 2258 1258 2286 δύναται
1274 2258 1304 2285 ού
1318 2257 1427 2294 μικρὸν,
1442 2257 1473 2284 οὐ
1495 2256 1566 2293 μέγα
1590 2256 1721 2284 σαλεῦσαι
1738 2257 1838 2291 ἄστρον
1849 2256 1933 2292 οὐρα·
1946 2260 1948 2262 ’

1147 2305 1206 2338 νοῦ,
1219 2304 1238 2332 ἃ
1259 2305 1273 2330 ὁ
1287 2304 1355 2336 Θεὸς
1374 2305 1408 2340 τῇ
1433 2303 1488 2339 ἰδίᾳ
1506 2303 1620 2339 δυνάμει
1646 2303 1836 2339 έθεμελίωσεν.
1850 2303 1934 2329 Πάλιν

1146 2350 1174 2377 δὲ
1198 2350 1338 2384 λέγουσιν,
1370 2349 1412 2376 ὅτι
1441 2348 1556 2384 νεφέλας
1586 2348 1634 2375 καὶ
1661 2347 1757 2379 ὑετοὺς
1779 2347 1935 2382 παράγουσι

1148 2395 1246 2430 γόητες
1275 2394 1428 2430 ἄνθρωποι.
1459 2394 1507 2421 καὶ
1532 2393 1613 2420 τοῦτο
1638 2392 1862 2428 ματαιολογοῦσι.
1886 2392 1934 2423 Ti;

1148 2440 1299 2476 ἀνθρώπων
1325 2440 1438 2467 δύναται
1472 2439 1639 2475 πρόσταγμα
1668 2437 1736 2466 Θεοῦ
1764 2438 1934 2473 ἀποστρέψαι

1149 2486 1290 2523 Tantale;
1328 2486 1363 2513 τὰ
1389 2486 1443 2522 γὰρ
1477 2485 1546 2522 νέφη
1577 2485 1651 2514 κατὰ
1679 2485 1829 2522 πρόσταξιν
1868 2483 1936 2511 Θεοῦ

1149 2533 1274 2568 ἐκχέουσι
1287 2532 1333 2559 τὸν
1352 2532 1430 2559 ὑετὸν
1443 2532 1492 2559 ἐπὶ
1506 2532 1556 2568 τῆς
1567 2532 1629 2567 γῆς.

1149 2591 1242 2618 ΤῐΤΛ.
1263 2591 1308 2624 ς’.
1327 2606 1364 2612 —-
1382 2590 1453 2624 Περὶ
1480 2590 1534 2617 τοῦ
1555 2590 1640 2622 βίου,
1664 2588 1937 2624 καιγτοῦνκόσιιου

1183 2623 1309 2653 τούτοὺ·
1332 2625 1382 2652 καὶ
1408 2623 1452 2652 ὅτι
1478 2625 1513 2652 ἐν
1536 2623 1736 2660 περισπασμῷ
1763 2623 1813 2650 καὶ
1836 2623 1939 2658 μόχθῳ

1184 2661 1234 2688 καὶ
1255 2660 1352 2696 ἡμεῖς,
1371 2660 1422 2688 καὶ
1434 2661 1451 2687 ὁ
1470 2660 1540 2693 βίος
1558 2659 1652 2695 ἡμῶν.

1187 2727 1197 2744 ι
1217 2718 1273 2745 Καὶ
1286 2719 1319 2753 τῇ
1340 2717 1451 2752 γυναικὶ
1473 2714 1551 2744 εἶπεν
1561 2725 1568 2732 ·
1583 2715 1730 2751 Πληθύνων
1745 2714 1875 2749 πληθυνῶ
1889 2713 1939 2744 τὰς

1148 2762 1238 2795 λύπας
1248 2763 1295 2790 καὶ
1307 2763 1353 2790 τὸν
1366 2763 1518 2798 στεναγμόν
1532 2771 1590 2790 σου.
1609 2762 1654 2789 Ἑν
1662 2761 1761 2793 λύπαις
1768 2760 1835 2796 τέξῃ
1844 2759 1939 2789 τέκνα.

1149 2809 1276 2843 καὶπρὸς
1291 2809 1337 2836 τὸν
1353 2809 1438 2845 ἄνδρα
1454 2817 1499 2836 σου
1515 2809 1531 2845 ή
1546 2807 1706 2844 ἀποστροφή
1724 2815 1781 2840 σου,
1797 2805 1844 2833 καὶ
1857 2804 1941 2835 αὐτός

1151 2863 1197 2881 σου
1215 2854 1354 2893 κυριεύσει
1381 2863 1391 2881 ι
