2074 3115
172 104 238 137 1231

805 104 925 134 SACRA
945 103 1177 135 PARALLELA.

1732 105 1742 137 l
1748 105 1800 138 282

209 172 220 188 ι
238 162 378 197 Ἒγκειται
395 162 412 197 ὴ
424 160 527 188 διάνοια
537 161 585 188 τοῦ
598 153 744 196 ἀνθρώπου
758 161 899 196 ἐπιμελῶς
910 161 953 188 ἐπὶ

1044 164 1111 192 Gen.
1137 169 1197 194 νιιι,
1223 161 1267 189 ΙΞ.
1288 177 1322 182 -
1339 172 1347 189 ι
1366 161 1470 191 Sensus
1491 166 1518 190 et
1533 163 1663 198 cogitatio
1682 164 1801 193 hominis

171 208 205 235 τὰ
217 208 324 243 πονηρὰ
339 207 372 233 ἐκ
385 206 522 241 νεότητος.
543 215 552 233 ι

207 263 217 280 t
233 254 352 288 Πότερον
363 252 424 288 οὐχὶ
433 252 613 289 πειρατήριόν
625 252 701 279 ἐστιν
711 253 725 279 ὁ
738 252 796 288 βίος
811 252 959 288 ἀνθρώπου

170 300 216 327 ἐπὶ
230 299 280 334 τῆς
292 298 360 333 γῆς;
385 307 394 324 ι

208 340 218 370 ἆ
236 343 431 379 Περισπασμδν
452 341 571 378 πονηρὸν
589 343 689 369 ἔδωκεν
701 343 715 369 δ
733 341 799 373 Θεὸς
812 343 869 374 τοῖς
891 342 959 374 υιοῖς

169 391 223 418 τῶν
239 389 399 426 ἀνθρώπων,
414 389 462 416 τοῦ
477 388 662 424 περισπᾶσθαι
677 389 708 415 ἐν
721 388 806 424 αὐτῷ.
823 398 832 414 ι

207 445 217 463 ι
235 435 399 470 Συνάψτημα
426 434 457 461 ἓν
483 434 521 469 τῷ
544 434 640 469 δικαίῳ
659 434 708 460 καὶ
726 434 765 470 τῷ
788 433 892 467 ἀσεϐεῖ,
920 433 959 469 τῷ

170 481 265 516 ἀγαθῷ
279 481 377 516 καὶτῷ
390 480 479 515 κακῷ,
491 479 530 515 τῷ
546 479 659 515 καθαρῷ
674 479 721 506 καὶ
735 479 775 515 τῷ
796 479 958 515 ἀκαθάρτῳ,

170 528 208 564 τῷ
223 527 377 559 θυσιάζοντι
392 527 440 553 καὶ
457 525 497 562 τῷ
513 526 550 562 μὴ
562 525 718 558 θυσιάζοντι
732 534 739 542 ·
750 525 789 557 ὡς
807 528 821 552 ο
845 526 958 560 ἀγαθὸς,

168 576 182 601 δ
199 573 379 609 ἁμαρτάνων·
400 571 438 604 ὥς
456 570 575 607 ὀμνύων,
599 570 693 602 καθὼς
711 571 725 598 δ
741 571 788 598 τὸν
811 571 892 606 ὁρκον
910 579 959 605 φο-

167 620 215 647 ὄοὺ
221 629 310 656 μενος.
327 619 414 646 Τοῦτο
427 618 545 654 πονηρὸν
560 619 590 645 ἐν
605 618 689 644 παντὶ
713 617 892 653 πεποιημένῳ
907 617 959 644 ὑπὸ

166 666 213 693 τὸν
227 665 313 701 ἥλιον,
328 666 371 692 ὃτι
386 664 546 699 συνάντημα
556 663 585 690 ἓν
599 664 657 696 τοῖς
672 664 768 690 πᾶσιν.
789 673 798 689 ι

207 722 216 738 ι
236 713 293 738 Οὐκ
309 711 383 738 ἐστιν
396 710 521 746 ἀλήθεια,
539 709 601 737 οὐδὲ
621 710 707 742 ἐλεος,
729 709 790 736 οὐδὲ
812 709 959 744 ἐπίγνωσις

168 757 236 785 Θεοῦ
255 758 301 784 ἐπὶ
311 757 361 792 τῆς
374 757 435 792 γῆς.
459 756 539 792 Ἄρει,
555 756 603 782 καὶ
613 755 724 791 ψεῦδος,
738 756 788 782 καὶ
803 755 895 791 φόνος,
911 755 959 782 καὶ

168 802 267 837 κλοπὴ,
283 801 330 829 καὶ
345 802 456 836 μοιχεία
466 799 614 836 ἐκκέχυται
628 800 675 827 ἐπὶ
687 800 736 836 τῆς
749 800 811 835 γῆς.
828 809 838 826 ι

208 899 218 916 ι
243 889 310 917 ’Δπδ
323 888 471 925 φοροῦντος
481 887 610 916 ὑάκινθον
620 889 668 915 καὶ
683 886 825 922 στέφανον,
843 887 897 919 ἓως
911 895 960 921 φο-

170 936 279 972 ροῦντος
304 935 447 971 ὠμόλινον,
463 935 560 970 θυμὸς,
585 932 632 962 καὶ
648 934 745 970 ζῆλος,
771 934 820 961 καὶ
838 934 958 970 ταραχὴ,

168 983 215 1010 κιιὶ
239 981 329 1015 σάλος,
346 982 394 1009 καὶ
419 981 502 1016 φόϐος
525 980 653 1015 θανάτου,
673 981 721 1008 καὶ
742 981 888 1018 μήνισμα,
911 982 959 1009 καὶ

169 1028 238 1064 ιρις.
258 1038 268 1054 ι

207 1125 216 1142 ι
236 1116 293 1142 οὐκ
305 1115 406 1147 οίδατε,
428 1114 470 1141 ὃτι
491 1114 508 1151 ή
526 1114 603 1150 φιλία
622 1113 669 1142 τοῦ
692 1115 796 1151 κόσμου
813 1114 898 1151 ἔχθρα
911 1115 958 1142 τοῦ

168 1159 236 1187 Θεοῦ
251 1160 339 1193 ἐστινς
352 1160 383 1191 δς
392 1159 440 1187 ἐὰν
453 1159 572 1196 βουληθῇ
588 1159 667 1195 φίλος
692 1158 763 1187 εἶναι
778 1160 826 1188 τοῦ
839 1161 957 1196 κόσμου,

169 1206 266 1242 ἐχθρὸς
280 1205 328 1232 τοῦ
342 1205 410 1232 Θεοῦ
424 1205 599 1233 καθίσταται.
624 1214 634 1232 υ

205 1261 215 1278 ι
236 1251 282 1287 Μὴ
295 1252 420 1286 ἀγαπᾶτε
430 1251 476 1278 τὸν
490 1251 603 1286 κόσμον,
621 1250 690 1286 μηδὲ
708 1251 743 1278 τὰ
754 1251 783 1278 ἐν
796 1251 836 1287 τῷ
848 1251 958 1287 κόσμῳ.

174 1297 237 1325 Ἐάν
250 1306 290 1329 τις
303 1297 400 1332 ἀγαπᾷ
414 1296 461 1324 τὸν
482 1296 595 1332 κόσμον,
610 1298 661 1324 οὐκ
681 1297 756 1324 ἐστιν
768 1298 785 1333 ἡ
798 1297 894 1333 ἀγάπη
910 1298 958 1324 τοῦ

169 1343 275 1379 Πατρὺς
289 1344 318 1369 ὲν
328 1343 420 1378 αὐτῷ’
436 1343 477 1369 ὅτι
495 1343 550 1370 πᾶν
566 1343 596 1369 τδ
611 1343 640 1369 ἐν
654 1342 695 1378 τῷ
709 1343 814 1378 κόσμῳ,
831 1343 848 1378 ἠ
865 1343 960 1370 ἐπιθυ-

169 1389 218 1424 μία
232 1389 282 1425 τῆς
299 1389 410 1424 σαρκὸς,
427 1389 500 1424 καιὴ
517 1387 652 1424 ἐπιθυμία
663 1388 719 1415 τῶν
729 1388 887 1423 ὀφθαλμῶν,
909 1389 959 1415 καὶ

167 1437 184 1470 ἡ
199 1436 344 1468 ἀλαζονεία
363 1435 412 1462 τοῦ
426 1435 485 1470 βίου
496 1455 504 1468 ,
521 1435 539 1470 ἢ
554 1435 605 1462 οὐκ
619 1434 695 1461 ἐστιν
718 1435 750 1461 ἐκ
774 1434 821 1461 τοῦ
839 1434 956 1470 Πατρδς,

166 1481 224 1507 ἀλλ’
239 1481 272 1507 ἐκ
282 1480 329 1508 τοῦ
348 1481 453 1515 κόσμου
476 1479 560 1506 ἐστίν.
581 1480 636 1506 Καὶ
651 1480 666 1505 ό
694 1480 797 1514 κόσμος
817 1479 951 1515 παράγει,

166 1527 214 1553 καὶ
229 1527 247 1562 ἠ
263 1526 396 1561 ἐπιθυμία
418 1525 512 1553 αὑτοῦ.
531 1525 560 1552 '0
575 1525 603 1551 δὲ
630 1525 716 1552 ποιῶν
740 1526 773 1552 τὸ
788 1525 895 1561 θέλημα
906 1525 954 1553 τοῦ

167 1573 246 1606 Θεοῦ,
259 1573 336 1608 μένει
350 1573 390 1604 εις
401 1572 447 1599 τὸν
458 1571 555 1598 αἰῶνα.
577 1580 586 1597 ι

201 1618 419 1649 Πολυστένακτος
429 1617 443 1643 ὁ
453 1616 510 1652 βίος
518 1617 534 1651 ἡ
538 1616 607 1651 μῶν,
615 1616 662 1644 καὶ
673 1617 826 1653 κατηφείας
838 1618 955 1654 πλήρης.

206 1709 237 1736 '0
252 1708 355 1744 κόσμος
368 1703 446 1739 οὗτος
465 1705 681 1743 προηγουμένως
702 1706 752 1742 μὲν
770 1706 956 1734 διδασκαλεῖον

167 1755 214 1782 καὶ
235 1753 428 1789 παιδευτήριον
448 1752 503 1779 τῶν
526 1751 707 1787 ἀνθρωπίνων
733 1751 829 1787 ψυχῶν
858 1752 953 1779 ἐστιν·

166 1800 262 1827 ἔπειτα
278 1799 370 1835 μέντοι
391 1799 439 1826 καὶ
453 1797 528 1830 ama
546 1797 640 1830 ἁπλῶς
660 1797 715 1824 τῶν
731 1798 772 1825 ἐν“
784 1797 892 1833 γενέσει
907 1797 955 1825 καὶ

166 1845 255 1881 φθορᾷ
286 1844 438 1880 ἐπιτήδειον
467 1842 640 1878 ἐνδιαίτημα.
669 1843 802 1879 Συμφυὴς
835 1843 890 1879 ἄρα
914 1843 955 1879 τῷ

166 1892 271 1928 κόσμῳ,
294 1891 414 1923 καὶτοῖς
436 1891 466 1916 ὲν
488 1889 563 1925 αὐτῷ
577 1889 658 1922 ζώοις
682 1897 714 1916 τε
734 1890 782 1917 καὶ
808 1891 913 1925 φυτοῖς,
933 1891 950 1925 η

165 1938 262 1974 χρόνου
275 1937 391 1970 διέξοδος
406 1936 520 1971 ἐπέστη,
535 1935 700 1971 ἐπειγομένη
716 1935 770 1968 ἀεὶ,
785 1935 836 1963 καὶ
847 1937 953 1972 παραρ-

166 1984 276 2020 ῥέουσα,
293 1983 341 2011 καὶ
358 1982 490 2019 μηδαμῶς
505 1981 646 2018 παυομένη
660 1982 707 2008 τοῦ
726 1981 845 2018 δρόμου.

199 2073 240 2101 Τὰ
254 2073 307 2100 ἀπὺ
325 2073 422 2108 χρόνου
433 2072 586 2109 ἀρξάμενα,
605 2072 712 2108 ἀνάγκη
729 2073 842 2105 πάντως
851 2074 905 2102 -και
918 2074 949 2101 ἐν

164 2119 252 2156 χρόνῳ
280 2118 475 2146 συντελεῖσθαι.
504 2118 536 2145 El.
556 2118 644 2154 ἀρχὴν
659 2118 716 2154 ἔχει
742 2119 884 2156 χρονικὴν,
915 2120 952 2157 μὴ

164 2164 324 2201 ἁμφιὸάλῃς
338 2164 403 2201 περὶ
417 2164 465 2191 τοῦ
479 2164 584 2196 τέλους.

205 2251 234 2279 '0
245 2251 348 2287 κόσμος
363 2249 440 2283 οὗτος
456 2251 537 2283 αὐτός
550 2251 581 2278 τέ
597 2252 656 2279 ἐστι
669 2251 777 2288 θνητὸς,
791 2253 839 2280 καὶ
853 2253 953 2289 χωρίον

164 2299 401 2336 ἀποθνησκόντων.
424 2299 533 2335 Ἐπειδὴ
548 2299 603 2335 γὰρ
625 2299 752 2331 σύνθετός
769 2301 844 2327 ἐστιν
861 2301 877 2336 ἡ
895 2300 951 2328 τῶν

163 2345 310 2381 ὁρωμένων
324 2345 463 2378 σῠστασις,
475 2345 506 2371 τὺ
517 2344 546 2371 δέ
558 2343 687 2372 σύνθετον
699 2344 773 2371 ἅπαν
786 2345 948 2372 διαλύεσθαι

163 2391 296 2427 πέφυκεν,
312 2392 336 2418 oi.
363 2392 391 2419 ἐν
411 2391 451 2428 τῷ
469 2391 565 2427 κόσμῳ
578 2390 691 2424 ζῶντες,
714 2391 785 2426 μέρη
809 2391 887 2424 ὄντες
901 2391 950 2419 τοῦ

163 2437 286 2472 κόσμου,
305 2437 465 2472 ἀναγκαίως
487 2437 537 2473 τῆς
551 2436 600 2465 τοῦ
623 2435 724 2469 παντὸς
745 2436 855 2471 φύσεως
882 2437 952 2465 ἀπο-

163 2481 292 2517 λαύομεν.

197 2569 251 2596 Τδν
266 2568 316 2604 μὲν
330 2568 406 2596 οΰπω
418 2570 474 2601 τοῖς
487 2569 597 2605 δεσμοῖς
607 2570 656 2597 τοῦ
668 2569 759 2606 γάμου
771 2570 950 2605 συνεζευγμέ-

162 2623 218 2647 νον,
229 2613 377 2646 λυσσώδεις
393 2614 549 2650 ἐπιθυμίαι,
572 2615 620 2642 καὶ
641 2617 727 2652 ὁρμαὶ
752 2617 947 2650 δυσκάθεκτοι,

162 2661 209 2688 καὶ
218 2660 320 2696 ἔρωτες
333 2659 485 2696 δυσέρωτες
496 2661 704 2697 ἐκταράττουσι.
717 2662 769 2689 Τὺν
779 2662 808 2689 δὲ
818 2662 868 2698 ἤδη
882 2671 949 2690 κατο

161 2705 328 2741 ειλημμένον
354 2705 482 2741 δμοζύγῳ
505 2706 599 2742 ἔτερος
613 2706 728 2743 θόρυϐος
748 2708 803 2735 τῶν
836 2709 949 2745 φροντί-

161 2752 214 2779 δων
231 2751 392 2787 ἐκδέχεται·
407 2752 437 2779 ἐν
451 2751 565 2788 ἀπαιδίᾳ
577 2753 682 2780 παίδων
701 2753 843 2790 ἐπιθυμία.
868 2755 897 2782 ἐν
914 2756 948 2792 τῇ

162 2796 258 2832 κτήσιι
274 2796 328 2825 τῶν
342 2796 445 2824 παίδων
457 2796 653 2832 παιδοτροφίας
670 2798 802 2834 μέριμνα,
818 2800 948 2835 γυναικὸς

1011 215 1097 243 prona
1112 212 1177 236 sunt
1189 207 1222 235 ad
1241 207 1342 235 malum
1358 208 1393 235 ab
1404 208 1589 236 adolescentia
1602 216 1663 237 sua.
1681 218 1693 235 ι

1045 252 1107 280 Jac.
1128 261 1177 285 vn,
1195 253 1222 280 1.
1237 267 1273 272 ——
1296 262 1305 278 ι
1323 252 1454 288 Nunquid
1470 261 1524 280 non
1550 254 1665 281 tentatio
1687 258 1730 282 est
1746 254 1801 282 vita

1009 298 1129 326 hominis
1145 305 1228 332 super
1242 301 1344 325 terram
1360 297 1371 324 ἲ
1385 307 1395 324 ι

1047 343 1133 370 Eccli.
1150 351 1226 376 XXXI,
1242 343 1286 370 15.
1302 358 1338 364 —
1359 352 1368 369 ι
1385 342 1601 378 Occupationem
1614 343 1714 370 malam
1727 343 1802 370 dedit

1009 388 1082 416 Deus
1102 388 1166 416 [iliis
1181 388 1335 421 hominum,
1350 393 1379 415 ut
1390 392 1564 423 occupentur
1579 390 1606 415 in
1625 396 1667 416 ea.
1684 398 1693 414 ι

1045 433 1134 461 Eccle.
1151 441 1189 467 is,
1207 434 1234 467 5,
1245 433 1311 461 4.-
1329 443 1338 459 ι
1352 434 1474 462 Eventus
1487 434 1648 469 unusjusto
1661 438 1689 461 et
1706 434 1801 469 impio.

1009 479 1084 507 bono
1097 483 1124 507 et
1142 479 1237 511 malo,
1257 479 1361 506 mundo
1384 484 1411 507 et
1436 479 1552 515 polluto,
1581 479 1751 506 sacriﬁcanti
1775 485 1803 507 et

1009 532 1065 552 non
1081 523 1261 551 sacriﬁcanti.
1290 523 1335 550 Sic
1355 523 1457 556 bonus,
1477 528 1505 550 ut
1527 528 1678 557 peccator:
1698 524 1738 551 sic
1757 523 1802 558 ju-

1009 575 1086 600 rans,
1105 568 1177 595 sicut
1193 567 1378 603 iuramentum
1399 568 1509 595 timens.
1525 567 1582 595 lloc
1599 573 1641 595 est
1655 568 1802 602 pessimum

1010 613 1125 642 inomni
1152 613 1228 649 quod
1251 612 1352 640 factum
1367 618 1409 641 cst
1433 614 1485 641 sub
1513 613 1580 646 sole,
1595 613 1669 649 quod
1685 617 1802 642 eventus

1010 666 1083 686 unus
1101 659 1231 686 omnibus
1251 658 1298 685 sit.
1317 667 1327 684 ι

1047 703 1113 731 Osee
1136 712 1174 738 tv,
1192 705 1220 732 2.
1244 720 1279 725 -—
1300 714 1310 730 ι
1326 703 1386 732 Non
1402 708 1443 732 est
1457 704 1572 737 veritas,
1588 712 1676 739 neque
1693 704 1802 732 miseri-

1010 750 1115 783 cordia,
1131 757 1218 784 neque
1233 750 1350 778 scientia
1360 750 1408 777 Dei
1421 757 1504 785 super
1515 755 1626 777 terram.
1636 749 1801 782 Maledictio,

1012 800 1040 823 et
1057 795 1241 829 mendacium,
1260 801 1287 823 et
1304 796 1495 829 homicidium,
1508 800 1535 822 et
1551 796 1668 827 furtum,
1681 801 1707 824 et
1724 795 1803 823 adul-

977 844 998 872 Β
1013 841 1110 868 terium
1123 841 1240 870 ell‘usum
1255 845 1298 869 est
1317 849 1399 876 super
1415 847 1525 869 terram.
1544 850 1554 866 ι

1047 885 1132 913 Eccli.
1149 894 1193 919 XL,
1209 886 1238 918 4,
1251 886 1281 914 5.
1293 901 1328 907 -
1341 886 1423 922 392
1440 895 1450 912 ι
1468 886 1510 913 Ab
1525 894 1558 913 eo
1573 885 1618 920 qui
1636 885 1721 912 utitur
1735 884 1803 920 hya-

1010 931 1119 965 cintho,
1134 936 1162 960 et
1177 936 1270 968 portat
1283 939 1425 965 coronam,
1440 939 1529 967 usque
1542 931 1576 958 ad
1591 939 1653 959 cum
1672 931 1720 966 qui
1737 938 1803 966 ope-

1010 978 1082 1005 ritur
1105 978 1162 1005 lino
1177 978 1274 1011 crudo,
1301 978 1378 1005 furor
1397 982 1424 1005 et
1453 978 1539 1011 zelus,
1560 981 1589 1005 et
1609 977 1756 1008 tumultus,
1774 980 1803 1004 et

1010 1023 1166 1057 ﬂuctuatio,
1181 1029 1208 1052 et
1223 1024 1304 1051 timor
1326 1024 1434 1056 mortis,
1450 1023 1592 1051 iracundia
1610 1030 1802 1059 perseverans,

1009 1073 1038 1097 et
1053 1069 1206 1098 contentio.
1221 1079 1231 1096 ι
1463 1069 1471 1077 ⁸

1044 1115 1105 1143 lac.
1119 1123 1156 1148 tv,
1168 1116 1195 1145 ι.
1208 1130 1244 1136 -
1261 1125 1271 1142 ι
1291 1117 1332 1144 An
1357 1103 1470 1144 nescitis
1481 1116 1545 1151 quia
1559 1115 1681 1143 amicitia
1695 1116 1801 1148 mundi,

1010 1161 1155 1188 inimicitia
1169 1165 1212 1189 est
1229 1161 1276 1189 Dei
1285 1162 1297 1188 ἰ
1306 1161 1354 1197 qui
1369 1162 1490 1189 voluerit
1501 1162 1608 1190 amicus
1620 1168 1682 1189 esse
1695 1162 1802 1195 mundi,

1009 1205 1141 1233 inimicus
1154 1205 1201 1234 Dei
1216 1207 1406 1234 constituitur.
1423 1216 1433 1233 ι

1046 1251 1061 1278 1
1076 1251 1158 1279 loan.
1174 1260 1205 1285 ll,
1221 1252 1314 1280 15-17.
1333 1268 1369 1273 —
1392 1262 1402 1279 ι
1420 1253 1509 1280 Nolite
1525 1253 1641 1288 diligere
1656 1253 1801 1286 mundum,

1009 1303 1100 1332 neque
1116 1304 1147 1324 ea
1164 1305 1225 1332 qua:
1241 1297 1268 1325 in
1282 1298 1386 1326 mundo
1405 1302 1479 1326 sunt.
1496 1298 1525 1325 Si
1541 1298 1605 1333 quis
1615 1299 1705 1334 diligit
1721 1307 1802 1326 mun-

1009 1340 1086 1373 dum,
1105 1348 1161 1368 non
1190 1346 1233 1380 est
1248 1342 1369 1370 charitas
1385 1342 1475 1370 Patris
1501 1342 1530 1370 in
1551 1350 1585 1370 eo
1605 1352 1612 1370 :
1640 1343 1704 1378 quia
1721 1351 1803 1371 omne

1009 1387 1082 1422 quod
1096 1391 1140 1415 est
1157 1387 1184 1415 in
1210 1388 1326 1422 mundo,
1341 1394 1383 1416 est
1408 1389 1635 1424 concupiscentia
1654 1390 1758 1422 carnis,
1774 1394 1802 1418 ct

1009 1433 1237 1468 concupiscentia
1266 1435 1424 1467 oculorum,
1446 1439 1474 1462 et
1500 1435 1629 1470 superbia
1645 1435 1717 1468 vitae,
1741 1443 1802 1471 quae

1009 1486 1064 1506 non
1079 1483 1122 1506 est
1142 1486 1175 1506 ex
1198 1479 1289 1512 Patre,
1316 1480 1365 1508 sed
1389 1488 1422 1508 ex
1439 1481 1542 1508 mundo
1561 1486 1613 1509 est.
1631 1481 1664 1509 Et
1681 1481 1802 1509 munan

1009 1525 1109 1552 transit
1123 1528 1152 1552 et
1165 1525 1390 1560 concupiscentia
1401 1525 1473 1560 ejus.
1490 1526 1542 1559 Qui
1559 1533 1651 1555 autem
1671 1527 1736 1554 facit
1752 1535 1801 1555 vo—

1007 1571 1144 1598 luntatem
1159 1569 1217 1603 Dei,
1233 1576 1325 1598 manet
1335 1572 1363 1598 in
1376 1576 1519 1600 aeternum.
1535 1581 1545 1598 ι

1042 1615 1104 1643 Vita
1132 1620 1227 1644 nostra
1248 1616 1398 1652 gemitibus
1429 1618 1523 1646 multis
1547 1618 1667 1646 obnoxia
1693 1623 1748 1651 est,
1773 1625 1801 1648 et

1007 1659 1135 1687 maeroris
1154 1660 1246 1695 plena.

1041 1705 1127 1733 Basil.
1143 1707 1221 1734 Hom.
1242 1706 1254 1733 1
1271 1706 1299 1733 in
1314 1705 1380 1734 Gen.
1406 1721 1441 1726 --
1455 1705 1574 1736 Mundus
1596 1708 1652 1742 hic,
1680 1709 1799 1744 primum

1007 1751 1117 1788 quidem
1130 1752 1314 1780 humanorum
1330 1752 1485 1780 animorum
1501 1754 1597 1782 schola
1614 1756 1801 1790 gymnasium-

1006 1804 1060 1833 que
1072 1800 1114 1825 est
1130 1807 1137 1825 :
1155 1801 1269 1833 tumque
1292 1801 1320 1825 et
1334 1805 1390 1825 uno
1410 1799 1508 1832 verbo,
1524 1804 1617 1834 aptum
1639 1808 1735 1827 eorum
1751 1802 1800 1828 do-

1006 1843 1142 1870 micilium
1162 1843 1210 1878 qui
1235 1843 1263 1870 in
1278 1844 1456 1879 generatione
1469 1849 1496 1872 et
1508 1845 1686 1880 corruptione
1702 1852 1797 1880 agunt.

1006 1889 1143 1922 Quocirca
1162 1889 1293 1924 temporis
1308 1890 1479 1917 curriculum
1501 1891 1616 1923 mundo,
1641 1896 1724 1926 atque
1737 1893 1798 1919 ani-

1006 1935 1160 1969 mantibus,
1174 1939 1202 1963 et
1213 1935 1349 1970 stirpibus
1359 1943 1421 1970 quae
1436 1936 1464 1963 in
1478 1937 1581 1964 mundo
1596 1941 1671 1969 sunt,
1682 1938 1797 1973 ingruit,

1006 1987 1158 2015 properans
1175 1986 1283 2015 semper
1307 1983 1335 2007 et
1359 1979 1485 2015 eﬂluens,
1511 1989 1563 2009 nec
1591 1989 1713 2017 unquam
1735 1990 1798 2010 cur-

1005 2025 1082 2053 rendi
1099 2025 1179 2053 tinem
1195 2025 1309 2054 faciens.

1041 2069 1112 2099 Ibid.
1128 2085 1164 2090 —
1176 2070 1242 2104 Quas
1256 2078 1271 2097 a
1284 2074 1407 2106 tempore
1426 2079 1488 2100 esse
1504 2077 1658 2107 creperum,
1676 2080 1708 2101 ea
1724 2081 1795 2108 quo-

1005 2123 1058 2152 que
1071 2117 1099 2144 in
1114 2121 1237 2151 tempore
1251 2116 1378 2145 desinere
1400 2125 1516 2146 necesse
1539 2122 1591 2146 est.
1621 2118 1649 2146 Si
1677 2121 1796 2148 mundus

969 2171 992 2199 ι)
1007 2162 1158 2197 temporale
1171 2163 1314 2190 exordium
1331 2163 1438 2197 habuit,
1458 2164 1493 2192 de
1515 2163 1568 2192 ﬁne
1581 2165 1649 2192 nihil
1666 2170 1708 2193 est
1722 2167 1795 2202 quod

1005 2207 1127 2235 dubites.

1041 2250 1112 2278 Ibid.
1131 2250 1298 2279 —Mundus
1321 2251 1379 2285 hic,
1407 2255 1436 2280 et
1463 2253 1591 2281 mortalis
1615 2253 1675 2290 ipse
1699 2259 1752 2287 est,
1768 2260 1796 2283 et

1004 2297 1180 2325 morientium
1193 2298 1281 2332 regio.
1293 2297 1430 2331 Quoniam
1455 2299 1529 2327 enim
1549 2307 1644 2327 eorum
1665 2308 1726 2336 quac
1745 2302 1796 2329 sub

1004 2349 1116 2370 sensum
1141 2342 1255 2375 cadunt,
1271 2344 1425 2378 composita
1452 2345 1608 2372 substantia
1627 2350 1691 2373 est:
1711 2346 1794 2381 quid-

1002 2390 1069 2426 quid
1096 2397 1164 2418 vero
1186 2391 1371 2425 compositum
1389 2394 1442 2425 est,
1465 2391 1537 2419 hanc
1557 2396 1686 2419 naturam
1700 2393 1792 2425 habet,

1003 2441 1034 2464 ut
1047 2436 1235 2469 dissolvatur;
1247 2443 1298 2464 nos
1310 2443 1423 2472 quoque
1438 2437 1485 2471 qui
1502 2437 1530 2464 in
1545 2437 1646 2464 mundo
1663 2437 1792 2469 vivimus,

1002 2485 1029 2509 et
1045 2489 1109 2516 pars
1128 2481 1224 2508 mundi
1243 2488 1351 2515 sumus,
1369 2486 1475 2510 natura:
1490 2482 1574 2510 etiam
1588 2482 1682 2510 mundi
1696 2490 1794 2511 sumus

1001 2528 1163 2563 participes.

1037 2573 1067 2601 S.
1084 2573 1170 2601 Basil.
1192 2573 1271 2608 epist.
1284 2574 1311 2608 1,
1331 2574 1373 2600 Ad
1388 2573 1465 2609 (ἶνες.
1492 2572 1572 2601 tlteol.
1583 2589 1618 2594 —
1630 2573 1697 2602 Eum
1715 2575 1794 2610 equi-

1001 2619 1080 2652 dem,
1104 2619 1152 2654 qui
1181 2619 1350 2647 matrimonii
1380 2620 1501 2647 nondum
1525 2620 1657 2648 astrictus
1675 2620 1792 2648 vinculis

1000 2669 1054 2698 est,
1069 2664 1171 2692 rabidae
1195 2665 1376 2700 cupiditates,
1400 2665 1581 2701 eil‘renatique
1609 2666 1740 2701 impetus,
1765 2672 1792 2694 et

1000 2710 1094 2739 miseri
1113 2710 1224 2746 quidam
1244 2718 1354 2739 amores
1378 2711 1530 2746 exagitant.
1549 2711 1616 2739 Eum
1633 2715 1726 2740 autem
1743 2712 1791 2747 qui

1000 2755 1079 2783 uxori
1108 2755 1165 2791 jam
1187 2763 1310 2784 annexus
1330 2760 1382 2790 est,
1409 2756 1478 2784 alter
1496 2764 1627 2785 curarum
1656 2757 1791 2785 tumultus

999 2801 1102 2836 excipit
1122 2810 1130 2829 :
1154 2801 1182 2830 iu
1201 2802 1348 2831 sterilitate
1369 2803 1455 2839 prolis
1473 2802 1651 2837 desiderium,
1677 2803 1704 2831 in
1724 2811 1797 2841 pro-I
