2074 3115
295 109 362 142 1283

876 106 905 136 S.
916 105 1079 136 JOANNIS
1098 105 1313 136 DAMASCENI

1847 106 1917 138 1284

293 168 430 195 creatione
445 167 603 198 liberorum,
623 163 782 192 eorumdem
795 163 955 191 alendorum
973 163 1077 190 sollici-

1130 163 1250 199 φυλακὴ,
1267 165 1342 191 οίκου
1374 163 1528 200 ἐπιμέλεια,
1554 164 1668 192 οἰκετῶν
1685 165 1858 200 προστασίαι,
1885 167 1914 193 αἱ

293 213 369 244 tudo,
387 212 510 239 custodia
526 210 632 242 uxoris,
649 210 808 244 procuratio
832 208 942 241 domus,
958 207 1077 235 l‘ainulo-

292 267 351 285 rmn
368 265 444 289 cura,
457 257 555 283 damna
569 256 596 283 in
611 255 811 287 contractibus,
838 254 904 281 rixa:
925 261 988 281 cum
1006 253 1078 280 vici-

292 303 345 334 nis,
377 302 499 328 forenses
528 299 692 332 conﬂictus,
719 298 914 334 negotiationis
945 298 1077 333 pericula,

292 347 467 382 agricultura:
485 346 603 373 labores.
620 345 716 378 Quivis
738 345 798 372 dies
822 344 971 372 adveniens
999 351 1077 371 suam

291 393 388 420 anima:
400 392 543 427 caliginem
558 391 674 419 offundit
689 400 696 418 :
717 395 744 419 et
768 395 863 419 noctes
877 391 986 418 diurnis
1002 390 1078 418 curis

292 437 488 470 succedentes,
512 444 561 472 per
580 437 691 465 easdem
716 437 823 472 Species
845 440 963 464 mentem
986 436 1079 464 luditi—

291 488 401 510 cantur.

326 550 395 577 Nili.
414 565 449 571 —
463 549 622 586 (lmnigenis
640 549 893 584 perturbationibus
906 553 933 577 et
948 550 1078 577 a‘rutnnis

290 597 391 624 misera
406 597 466 623 haec
486 596 539 623 vita
555 595 691 623 obruitur.

326 652 465 688 Cltrysou.
481 652 561 679 (lant.
575 653 601 679 in
618 651 684 678 illud
701 651 772 686 psal.
795 658 922 678 xxxvul:
940 660 949 677 ι
967 650 1077 678 Verum-

290 702 377 724 tamen
390 699 512 725 uniuersa
526 698 641 725 vanitas.
659 706 669 723 ι
686 697 874 731 Suppositilia.
885 697 997 729 —-Vide,
1012 697 1078 724 cita-

290 743 409 775 rissitne,
427 750 518 770 annon
536 751 580 770 res
599 743 725 769 humanae
752 749 826 769 mare
846 741 1004 775 imitentur;
1029 750 1078 769 an-

289 796 343 816 non
357 789 451 816 eadem
468 788 677 824 perturbatione
697 789 754 815 vita
770 789 851 823 plena
868 788 923 822 sit;
943 796 1033 816 annon
1050 789 1076 816 in

1128 210 1199 236 κατὰ
1215 210 1250 235 τὰ
1263 209 1416 244 συμϐόλαια
1434 210 1544 245 βλάϐαι,
1561 211 1586 237 at
1605 211 1673 246 πρδς
1696 211 1761 243 τοὺς
1789 212 1916 245 γείτονας

1128 254 1352 290 διαπληκτισμοὶ,
1371 256 1401 281 αἱ
1422 257 1451 282 ἐν
1464 257 1522 288 τοῖς
1541 256 1727 292 δικαστηρίοις
1748 257 1913 292 συμπλοκαὶ,

1129 300 1176 327 καὶ
1189 300 1238 334 τῆς
1250 301 1386 335 ἐμπορίας
1402 301 1426 327 oi
1444 302 1574 333 κίνδυνοι,
1591 303 1619 328 αἱ
1639 302 1690 337 τῆς
1705 302 1842 337 γεωργίας
1855 303 1915 329 δια-

1129 346 1276 380 πονήσεις’
1298 347 1372 373 πᾶσα
1397 347 1488 383 ἡμέρα
1517 348 1586 374 ίδίαν
1611 348 1673 383 ἥκει
1702 348 1853 383 κομίζουσα
1866 349 1915 383 τῆς

1128 391 1219 426 ψυχῆς
1232 393 1418 427 ἐπισκότησιν,
1435 394 1481 420 καὶ
1505 394 1532 420 at
1548 394 1644 425 νύκτες
1660 394 1710 425 τὰς
1727 393 1916 429 καθημερινὰς

1129 438 1272 472 φροντίδας
1288 439 1506 474 παραλαϐοῦσαι,
1521 441 1550 467 ἐν
1563 441 1623 472 ταῖς
1636 441 1734 473 αὐταῖς
1751 442 1914 475 φαντασίαις

1128 483 1288 516 ἐξαπατῶσι
1304 485 1350 511 τὸν
1367 485 1441 513 νοῦν.

1164 551 1305 583 Παντοίοις
1332 552 1429 579 πάθεσι
1463 554 1510 580 καὶ
1539 554 1737 590 ταλαιπωρίαις
1760 556 1915 583 καταϐεδᾶ-

1129 604 1240 622 πτισται
1257 597 1274 631 ἡ
1289 596 1415 632 ἀθλιότης
1427 598 1477 632 τῆς
1492 595 1541 624 ὦδε
1558 598 1640 634 ζωῆς.

1165 651 1235 686 Ὅρα
1253 656 1275 684 ι,
1293 652 1428 687 ἀγαπητὲ,
1441 652 1498 684 πῶς
1509 652 1644 680 θάλατταν
1663 655 1787 689 μιμεῖται
1800 654 1854 680 τῶν
1866 655 1914 681 ἀν-

1129 694 1247 730 θρώπων
1261 696 1295 723 τὰ
1309 697 1459 732 πράγματα
1471 706 1478 713 ·
1491 699 1517 724 εί
1530 699 1568 734 μὴ
1578 699 1627 733 τῆς
1640 700 1765 734 ταραχῆς
1780 701 1887 736 ἐκείνης
1901 703 1915 727 ὁ

1130 738 1186 773 βίος
1201 740 1410 775 ἐμπέπλησται·
1422 743 1446 768 εί
1463 743 1500 778 μὴ
1521 743 1572 778 τῆς
1595 744 1680 779 ὑγρᾶς
1694 744 1775 771 πλέον
1797 745 1844 773 ἐπὶ
1865 746 1915 781 τῆς

1130 782 1214 818 ξηρᾶς
1229 785 1432 821 χειμαζόμεθα·
1444 788 1467 814 εί
1485 787 1522 822 μὴ
1534 788 1588 815 τῶν
1603 789 1712 823 ἀνέμων
1734 789 1915 826 σφοδρότερον

289 838 363 861 terra
381 834 478 869 magis,
498 841 581 869 quam
597 841 682 865 mare,
697 833 855 868 jactemur;
879 841 970 862 annon
995 839 1077 862 vento

1129 831 1168 860 εἰς
1182 829 1312 865 ἀλλήλους
1329 832 1532 868 συμπίπτομεν·
1548 834 1574 860 εί
1592 834 1629 869 μὴ
1645 834 1678 860 τὰ
1693 835 1833 870 χρήματα,
1847 836 1914 862 καθ-

289 880 386 916 quovis
407 879 596 907 vehementius
611 879 640 906 in
663 886 714 906 nos
736 879 854 907 invicem
883 879 1077 913 incurramus;

289 932 380 952 annon
396 925 521 960 pecunia:
542 925 723 960 procellarum
750 924 839 953 instar
860 932 911 953 nos
928 929 1025 952 mutuo
1051 925 1078 952 in

289 978 341 998 nos
353 969 504 1002 collidant;
530 977 621 997 annon
643 973 775 1004 tanquam
802 970 830 997 in
854 969 939 997 maris
960 969 1079 1004 caligine

289 1016 344 1043 huc
373 1016 495 1051 illucque
522 1015 760 1042 circuml'eramur.
794 1014 844 1042 Hic
877 1015 951 1043 illius
983 1022 1078 1050 agrum

287 1060 390 1095 rapuit,
405 1060 450 1087 ille
466 1059 580 1087 alterius
595 1063 695 1086 terram
712 1059 848 1087 abstulit:
866 1059 946 1094 393
962 1058 1079 1093 proximi

289 1113 402 1133 uxorem
430 1105 500 1133 alter
524 1105 701 1140 concupivit,
725 1104 795 1131 alter
816 1105 931 1132 alterius
960 1103 1078 1131 [nuntios

288 1152 418 1186 abripuit.
435 1151 485 1179 llic
504 1150 538 1179 de
559 1158 631 1186 aqua
647 1157 709 1178 cum
727 1150 819 1177 vicino
840 1150 930 1185 litigat
951 1159 958 1177 :
984 1150 1030 1178 ille
1045 1150 1079 1177 de

287 1198 363 1225 auris
389 1203 452 1223 cum
482 1195 673 1223 contubernali
699 1189 751 1222 suo
778 1193 956 1230 digladiatur.
982 1195 1017 1221 Ili
1043 1193 1078 1222 de

289 1246 371 1269 terrae
395 1249 525 1270 mensura
552 1241 748 1268 conﬂictantur
770 1251 776 1268 :
803 1241 844 1268 illi
861 1241 896 1268 ob
911 1240 1007 1268 aedium
1029 1248 1078 1267 ex-

287 1288 467 1316 structionem
484 1295 544 1315 sese
560 1291 654 1314 mutuo
677 1286 846 1322 opprimunt.
877 1285 927 1313 llic
944 1293 1005 1321 qua:
1022 1294 1076 1313 non

286 1333 373 1364 dedit,
397 1332 522 1367 accipere
547 1331 729 1366 aggreditur:
755 1331 803 1359 ille
827 1334 936 1364 contra,
963 1335 993 1358 ut
1017 1339 1078 1366 qua:

286 1378 394 1412 accepit
409 1384 465 1404 non
477 1376 583 1409 reddat,
602 1376 707 1412 judicio
726 1376 877 1404 corttendit.
893 1375 943 1403 llic
960 1376 1077 1411 augendi

287 1423 403 1451 l'tcnoris
428 1422 587 1457 inexplebili
606 1422 759 1457 cupiditate
783 1421 900 1457 ﬂagrat;
930 1422 976 1449 ille
993 1422 1075 1449 etiam

287 1468 346 1502 ipsa
364 1475 470 1495 summa
494 1466 624 1495 fraudare
649 1466 814 1494 creditorem
839 1466 948 1494 nititur.
976 1466 1026 1493 llic
1040 1467 1076 1494 ob

286 1522 378 1543 rerum
391 1514 533 1550 penuriam
553 1513 759 1546 discruciatnr;
781 1513 826 1540 ille
849 1514 877 1540 in
899 1512 1076 1547 amplissimis
1090 1502 1110 1531 ο

285 1561 384 1595 opibus
404 1563 502 1586 aestuat
518 1559 622 1586 animo.
639 1558 692 1591 Qui
712 1565 815 1592 egenus
833 1562 886 1591 est,
906 1557 1008 1592 probro
1026 1557 1076 1585 ha-

285 1606 383 1638 betur;
400 1605 447 1640 qui
467 1605 566 1640 opibus
591 1604 689 1637 amuit,
717 1603 854 1639 appetitur
877 1603 998 1631 insidiis.
1024 1603 1076 1636 Qui

285 1652 390 1686 potitur
404 1651 539 1685 imperio,
564 1649 817 1685 conspirationibus
843 1649 979 1676 obnoxius
1009 1653 1076 1677 est:

283 1696 333 1731 qui
345 1695 522 1730 magistratus
533 1694 613 1729 gerit,
632 1694 791 1729 suspicione
817 1696 844 1720 et
868 1693 1021 1721 invidentia
1037 1693 1077 1721 la-

285 1743 367 1770 borat
385 1750 392 1768 :
410 1740 457 1776 qui
485 1740 609 1775 polentia
632 1739 728 1774 pollet,
758 1738 874 1766 habetur
898 1738 972 1765 odio.
1002 1739 1076 1766 Bella

283 1783 417 1817 continua
439 1790 516 1818 sunt,
546 1785 634 1812 caedes
653 1784 782 1811 assiduis.
809 1782 982 1818 inexplebilis
997 1786 1074 1819 cupi-

285 1834 358 1861 ditas
373 1831 546 1868 tyrannidem
570 1833 691 1860 exercet,
711 1828 879 1856 dominatum
903 1829 1030 1861 avaritia,
1047 1833 1074 1857 et

285 1877 458 1906 mendacium
482 1880 568 1911 supra
588 1874 699 1902 modum
718 1873 862 1901 attollitur.
887 1873 979 1901 Mutua
1007 1874 1073 1903 ﬂdes

285 1923 393 1959 aufugit
407 1932 414 1950 :
429 1927 531 1950 terram
547 1921 649 1949 veritas
669 1920 791 1948 deseruit
806 1929 812 1947 :
830 1920 951 1947 amicitia
972 1921 1073 1949 mensis

284 1968 546 1999 circumscribitur;
576 1966 703 1994 nonnulli
735 1966 819 1993 etiam
845 1965 899 1992 vim
927 1970 955 1992 et
988 1967 1072 1994 robur

285 2023 366 2043 suum
398 2014 561 2042 amiserunt.
589 2011 776 2039 Salutationes
800 2011 957 2046 suspicione
985 2012 1072 2046 plenae

1130 875 1201 910 άπερ
1229 877 1386 911 καταιγίδες
1412 879 1474 906 κατ’
1502 879 1624 914 ἀλλήλων
1645 881 1718 916 ημᾶς
1746 881 1913 916 συγκρούου-

1131 928 1186 947 σιν·
1205 921 1228 948 εί
1243 921 1281 957 μὴ
1298 922 1424 959 καθάπερ
1440 924 1469 950 ὲν
1489 924 1564 960 ζόφῳ
1579 925 1715 961 θαλαττίῳ
1729 923 1779 953 ὧδε
1801 928 1914 954 κάκεῖσε

1130 974 1163 992 πε
1169 967 1346 1002 ριφερόμεθα.
1360 966 1445 1001 Οὗτος
1455 970 1562 996 ἐκείνου
1573 970 1619 997 τὸν
1627 971 1712 1006 ἀγρὸν
1722 972 1913 1007 ἀφηρπάσατο·

1129 1011 1222 1047 ἔτερος
1247 1013 1340 1048 ἐτέρου
1353 1014 1402 1048 τὴν
1416 1015 1467 1050 γῆν
1484 1016 1667 1050 ὲπαφείλατο·
1692 1017 1773 1048 ἄλλος
1796 1018 1846 1053 τῆς
1867 1018 1915 1045 τοῦ

1130 1057 1245 1092 πλησίου
1262 1059 1391 1091 γυναικὸς
1406 1060 1592 1096 ἐπεθύμησεν,
1610 1061 1690 1093 ἄλλος
1702 1062 1750 1088 τοῦ
1761 1063 1836 1090 δεῖνα
1851 1064 1914 1096 τοὺς

1129 1103 1237 1134 οἰκέτας
1250 1104 1424 1139 ἀφήρπασεν.
1447 1105 1477 1132 '0
1497 1107 1546 1141 μὲν
1574 1107 1640 1141 περὶ
1664 1107 1760 1139 ὓδατος
1784 1108 1852 1142 πρὸς
1868 1108 1914 1135 τὸν

1129 1149 1237 1182 γείτονα
1250 1149 1373 1185 κρίνεται
1389 1158 1395 1164 ·
1412 1151 1426 1176 ὁ
1453 1151 1481 1177 δὲ
1505 1152 1569 1187 περὶ
1584 1152 1676 1188 ἀέρων
1693 1153 1732 1188 τῷ
1751 1155 1914 1189 συνκτήτορι

1131 1196 1259 1231 μάχεται,
1278 1197 1309 1222 Ol
1328 1196 1378 1231 μὲν
1390 1197 1454 1232 περὶ
1467 1197 1557 1233 μέτρα
1569 1198 1618 1233 τῆς
1638 1198 1689 1233 γῆς
1704 1198 1913 1234 διαπληκτίζον-

1128 1251 1173 1268 ται
1186 1251 1193 1258 ·
1210 1244 1234 1269 οί
1250 1243 1278 1269 δὲ
1294 1243 1338 1269 διὰ
1349 1243 1504 1279 οἰκοδομίας
1527 1244 1623 1271 οἰκιῶν
1657 1245 1789 1281 ἀλλήλους
1812 1245 1914 1272 διαθλί-

1128 1288 1221 1315 6ουσιν
1231 1296 1238 1304 ⁸
1253 1285 1329 1320 οὗτος
1344 1289 1415 1324 ειπερ
1438 1289 1488 1316 οὐκ
1503 1290 1603 1317 ἔδωκεν
1626 1290 1720 1317 λαϐεῖν
1744 1291 1893 1326 ἐπιφύεται
1904 1299 1911 1307 ·

1128 1334 1230 1365 ἐκεῖνος
1258 1335 1329 1370 ἅπερ
1353 1335 1459 1366 ἔλαϐεν,
1478 1336 1516 1370 μὴ
1538 1336 1632 1363 δοῦναι
1652 1336 1864 1369 ἀντιδικάζεται.
1885 1338 1912 1364 ’0

1129 1378 1178 1413 μὲν
1192 1379 1255 1414 περὶ
1275 1380 1372 1412 τόκους
1389 1380 1594 1416 ἀπληστεύεται
1608 1390 1614 1396 ·
1628 1383 1643 1409 ὁ
1663 1381 1692 1408 δὲ
1716 1383 1746 1409 τὺ
1766 1383 1913 1416 κεφάλαιον

1127 1425 1288 1460 ἀποστερεῖν
1304 1425 1512 1460 διισχυρίζεται.
1534 1423 1620 1458 Οὗτος
1641 1427 1754 1463 ἀπορῶν
1777 1427 1912 1459 ὀδυνᾶται,

1127 1470 1231 1502 ἐκεῖνος
1247 1471 1371 1506 εὐπορῶν
1387 1471 1555 1507 θορυϐεῖται.
1585 1473 1614 1499 '0
1641 1472 1678 1508 μὴ
1698 1473 1767 1508 ἔχων
1787 1473 1913 1506 ὀνειδίζε-

1127 1521 1183 1545 ται,
1196 1514 1243 1540 καὶ
1252 1515 1266 1540 ὁ
1274 1513 1343 1548 έχων
1353 1515 1558 1542 ἐπιϐουλεύεται
1568 1525 1574 1531 ·
1587 1518 1600 1543 ὁ
1611 1517 1720 1552 κρατῶν
1732 1518 1911 1553 ἐνεδρεύεται,

1127 1557 1142 1582 ὀ
1157 1558 1185 1583 ὲν
1197 1558 1296 1593 ἀρχαῖς
1309 1559 1492 1586 ὑποϐλέπεται
1505 1569 1512 1576 ⁸
1528 1562 1542 1587 ό
1555 1562 1584 1588 ὲν
1598 1562 1735 1594 ἐξουσίαις
1752 1565 1882 1598 μισεῖται⁸
1898 1565 1913 1589 ὁ

1128 1601 1157 1628 ὲν
1168 1602 1339 1634 δυναστείαις
1357 1604 1520 1637 σκευάζεται
1532 1614 1539 1621 ·
1564 1607 1588 1633 οἱ
1607 1607 1722 1642 πόλεμοι
1739 1610 1870 1643 συνεχεῖς,
1888 1610 1913 1635 oi

1129 1648 1203 1681 φόνοι
1218 1647 1375 1684 ἐπάλληλοι.
1400 1650 1432 1676 Ἦ
1456 1650 1594 1686 ἀπληστία
1617 1655 1754 1688 τυραννεῖ,
1777 1655 1793 1689 ἡ
1820 1654 1907 1681 πλεον-

1128 1692 1187 1725 εξία
1202 1693 1372 1726 δυναστεύει,
1385 1695 1415 1721 τὸ
1429 1694 1526 1730 ψεῦδος
1543 1697 1721 1733 ὑπεραίρεται
1733 1706 1740 1713 ⁸
1757 1699 1775 1734 ή
1785 1699 1852 1734 πρὸς
1870 1700 1911 1726 ἀλ-

1129 1738 1227 1774 λήλους
1250 1739 1341 1771 πίστις
1365 1740 1518 1776 ἀπέφυγεν,
1541 1743 1557 1776 ἡ
1574 1742 1688 1778 ἀλήθεια
1709 1743 1758 1779 τὴν
1775 1743 1827 1779 γῆν
1847 1753 1907 1771 κατ-

1128 1785 1222 1812 έλιπεν
1233 1793 1239 1801 ·
1255 1786 1272 1821 ἡ
1292 1786 1367 1820 φιλία
1382 1786 1464 1822 μέχρι
1478 1788 1618 1823 τραπέζης
1637 1789 1828 1825 περιώρισται,
1843 1791 1868 1816 οἱ
1884 1791 1911 1817 δὲ

1127 1831 1175 1858 καὶ
1198 1830 1249 1867 τὴν
1276 1832 1345 1859 ἰδίαν
1375 1833 1451 1867 ἰσχὺν
1480 1834 1647 1861 ἀπώλεσαν⁸
1672 1835 1701 1861 αἱ
1729 1837 1911 1872 προσηγορίαι

1127 1877 1245 1912 ὑποψίας
1265 1878 1468 1914 πεπλήρωνται.
1492 1879 1571 1906 Οὕτω
1583 1880 1616 1916 δὴ
1642 1881 1751 1908 πάντων
1773 1882 1802 1908 ὲν
1817 1883 1911 1913 κακοῖς

1126 1924 1317 1959 σεσοῦημένων
1339 1925 1429 1960 ήμῶν,
1446 1926 1461 1952 ὁ
1477 1926 1621 1961 προφήτης
1639 1925 1685 1953 τὸν
1709 1926 1767 1961 βίον
1795 1928 1910 1954 ὲκπτυό-

1127 1978 1206 2004 μενος
1223 1969 1316 2005 ἐκϐοᾷ,
1329 1969 1416 2004 λέγων
1428 1978 1435 1986 ·
1456 1979 1465 1996 ι
1482 1971 1555 2007 Πλὴν
1573 1971 1661 2007 μάτην
1677 1972 1842 2007 ταράσσεται
1857 1973 1910 2004 πᾶς

1124 2015 1267 2050 ἄνθρωπος
1284 2015 1348 2047 ζῶν.
1372 2025 1382 2041 ι

285 2067 361 2091 sunt.
388 2061 429 2088 Ad
448 2061 521 2088 hunc
541 2060 623 2095 igitur
637 2059 760 2091 modum,
776 2065 840 2085 cum
854 2065 904 2085 nos
928 2065 1025 2086 omnes
1041 2059 1068 2086 in
1089 2061 1167 2089 malis
1199 2063 1346 2097 agitemur.
1372 2063 1504 2098 propheta
1529 2063 1677 2091 humanam
1698 2064 1783 2090 vitam
1815 2070 1910 2098 asper-

285 2116 367 2140 nans,
392 2107 419 2134 in
442 2107 501 2134 haec
517 2106 597 2133 verba
624 2105 725 2133 clamat
743 2114 751 2132 :
768 2113 778 2130 ι
796 2104 991 2132 Verumtamen
1010 2106 1137 2135 universa
1154 2109 1261 2136 vanitas
1273 2109 1364 2137 omnis
1381 2109 1461 2137 homo
1477 2110 1582 2137 vivens.
1600 2120 1609 2136 ι

285 2155 353 2183 ΤΙΤ.
370 2153 425 2182 VII.
441 2169 476 2175 —
491 2154 529 2180 De
545 2153 668 2185 uiolenta,
690 2158 714 2179 et
736 2160 766 2179 eo
783 2159 801 2178 α
815 2159 866 2186 quo
889 2152 927 2178 vis
943 2152 1068 2186 infertur.
1087 2157 1108 2184 ι)

323 2201 407 2228 Εεειι.
425 2208 463 2232 ιν,
478 2200 522 2227 52.
537 2213 573 2219 ——
590 2209 599 2225 ι
618 2198 657 2226 Ne
680 2198 790 2226 coneris
806 2202 902 2225 contra
921 2197 1004 2226 ictum
1019 2198 1070 2227 ﬂu-

286 2247 333 2275 vii.
348 2256 357 2272 ι

323 2301 333 2317 ι
352 2290 457 2318 Βηνειιι
469 2291 606 2317 volentem
623 2288 719 2316 incita.
739 2297 749 2314 ι

321 2336 336 2364 1
351 2336 426 2364 Patr.
441 2343 467 2368 v,
479 2334 507 2361 2.
521 2348 555 2354 —
569 2343 579 2359 ι
596 2332 656 2361 Non
676 2337 781 2366 coacte,
796 2332 842 2361 sed
857 2339 1017 2368 spontanee.
1038 2344 1047 2361 ι

320 2383 406 2410 Basil.
437 2381 467 2408 in
496 2379 626 2407 ﬂexam.
648 2393 682 2399 —
708 2378 786 2412 Quod
811 2383 935 2408 coactum
961 2383 1014 2413 est,
1041 2384 1070 2407 et

284 2431 384 2464 prmter
397 2431 535 2458 naturam,
548 2428 691 2460 postquam
704 2424 740 2452 ad
755 2424 837 2452 breve
849 2425 984 2459 quoddam
1001 2430 1069 2453 tem-

284 2481 335 2508 pus
348 2477 438 2500 ortum
462 2476 515 2504 est,
538 2470 620 2505 idque
643 2478 714 2505 aegre
730 2477 763 2498 ac
786 2477 834 2505 per
851 2470 916 2504 vim,
935 2472 1027 2499 statim
1039 2471 1066 2499 in

283 2526 314 2546 ca
327 2526 359 2546 ex
375 2518 475 2552 quibus
493 2516 642 2544 conﬂatum
657 2515 719 2549 fuit,
736 2515 909 2543 dissolvitur.

318 2563 349 2592 S.
366 2562 444 2598 Greg.
472 2562 545 2589 Naz.
571 2562 649 2598 Apol.
675 2569 812 2596 magn.—
826 2561 905 2594 Quod
928 2561 1013 2589 invite
1028 2563 1067 2595 lit,

1211 2156 1301 2184 ΤΙΤΛ.
1321 2158 1357 2184 Ζ’.
1367 2136 1483 2192 -ῨΠερί
1499 2136 1602 2189 βιαίου
1617 2158 1666 2184 καί
1679 2136 1820 2189 ¹ίὲιαιγτοῦ.

1162 2213 1170 2229 t
1191 2204 1236 2238 Μὴ
1252 2203 1346 2239 βιάζου
1360 2203 1423 2239 ῥοῦν
1440 2204 1574 2240 ποταμοῦ.
1592 2213 1601 2229 ι

1159 2301 1168 2316 ι
1189 2291 1239 2318 Τὸν
1253 2291 1363 2319 θέλοντα
1378 2291 1441 2326 βοῦν
1454 2292 1558 2320 ἔλαυνε.
1580 2301 1591 2319 ι

1160 2347 1170 2363 ι
1186 2338 1231 2374 Μὴ
1246 2338 1433 2373 ἀναγκαστῶς,
1444 2338 1499 2365 ἀλλ’
1513 2338 1653 2370 ἑκουσίως.
1671 2346 1681 2364 ι

1157 2385 1194 2410 Τὸ
1210 2385 1426 2420 ἠναγκασμένον.
1458 2385 1504 2411 καὶ⁴
1535 2385 1610 2420 παρὰ
1626 2383 1716 2418 φύσιν,
1750 2384 1794 2410 ἐπ’
1818 2384 1910 2418 ὀλίγον

1121 2430 1240 2465 ἀνίαχον,
1256 2431 1303 2458 καὶ
1330 2431 1408 2458 τοῦτο
1423 2431 1527 2466 βιαίως,
1547 2431 1593 2458 καὶ
1617 2431 1693 2466 μόλις
1713 2432 1780 2467 ταχὺ
1800 2431 1909 2466 διελύθη

1120 2477 1160 2509 εἰς
1177 2477 1211 2503 τὰ
1225 2477 1255 2507 ἐξ
1268 2473 1305 2504 ὧν
1317 2477 1457 2512 συνετέθη.

1153 2563 1190 2590 Τδ
1204 2564 1331 2591 ἀκούσιον
1348 2564 1417 2600 πρὸς
1432 2564 1464 2591 τὸ
1490 2564 1651 2600 τυραννικὸν
1674 2561 1744 2591 εἶναι
1756 2584 1764 2596 ,
1790 2564 1839 2590 καὶ
1857 2563 1910 2590 οὐκ

282 2615 468 2646 praeterquam
482 2610 557 2645 quod
574 2609 746 2645 tyrannicum
763 2612 815 2641 est,
829 2608 911 2636 etiam
928 2608 1007 2636 laude
1019 2616 1069 2636 sua

1128 2610 1268 2642 .natvsrbv,
1279 2610 1338 2637 οὐδὲ
1350 2611 1472 2646 μόνιμον.
1489 2611 1563 2636 Φιλεῖ
1576 2610 1630 2645 γὰρ
1639 2609 1670 2637 τὸ
1683 2609 1805 2644 βιασθὲν,
1813 2609 1909 2644 ὥσπερ

282 2661 369 2692 caret,
386 2666 437 2686 nec
457 2657 578 2690 ﬁrmum,
605 2664 657 2684 nec
671 2655 770 2684 stabile
783 2659 836 2683 est.
862 2655 939 2683 Solet
953 2656 1026 2683 enim
1042 2655 1069 2683 id

1123 2656 1204 2692 φυτὸν
1220 2656 1267 2692 βίᾳ
1290 2657 1368 2692 χερσὶ
1395 2655 1627 2691 μετασπώμενον,
1655 2656 1694 2687 είς
1710 2654 1805 2682 ἑαυτὸν
1827 2654 1910 2681 πάλιν

319 2761 333 2795 ξ
351 2757 390 2795 El:
402 2759 543 2795 supposita
554 2756 753 2795 Cltrysostomo
764 2755 950 2795 _en_:_zrratione
965 2763 991 2784 v.
1005 2755 1022 2783 6
1038 2755 1136 2790 psalmi
1155 2762 1269 2789 xxxviii,
1284 2762 1367 2791 quam
1385 2754 1497 2782 alterius
1514 2754 1637 2795 auctoris
1650 2762 1725 2787 esse,
1739 2758 1766 2782 et
1789 2753 1850 2781 Nilo
1866 2762 1911 2782 se-

284 2791 389 2823 quioris
413 2791 513 2821 Noster
526 2791 619 2820 forsan
633 2791 743 2820 videtur
764 2791 898 2819 indicare.
