2074 3115
189 104 254 135 ι285

793 101 911 132 SACRA
937 101 1166 132 PARALLELA.

1733 104 1803 138 1285

184 159 284 194 dep-50h
299 158 466 194 ἀνατρέχειν.
484 158 519 185 Τὸ
538 158 565 185 δὲ
581 160 611 185 ἐκ
626 157 812 194 προαιρέσεως
825 178 833 189 ,
851 157 968 193 ἐννομώ-

1020 159 1093 194 quod
1113 162 1244 185 coactum-
1260 163 1314 192 est,
1335 166 1389 186 non
1409 166 1490 188 secus
1513 166 1545 187 ac
1569 159 1662 195 planta
1677 161 1806 189 manibus

183 213 262 232 τατον
276 203 334 239 ἅμα
353 204 399 230 καὶ
415 202 626 237 ἀσφαλέστατον,
642 203 747 234 εὐνοίας
757 202 848 238 δεσμῷ
868 203 969 239 τηρού-

182 257 273 285 μενον.
295 264 322 269 --
338 249 520 284 Βονλομὲνων,
536 250 566 276 οὐ
584 249 805 284 τυραννουμένων
819 249 849 275 τὸ
860 248 909 283 τῆς
923 249 968 275 εὐ-

182 295 290 326 σεϐείας
304 295 462 330 μυστήριον.

216 436 252 463 Τό
266 445 296 464 τε
312 435 491 471 βεϐιασμένον
501 454 508 468 ,
530 436 577 462 καὶ
591 435 672 469 ἀηδὲς
685 434 753 470 ταχύ
765 443 772 452 ο
791 434 822 461 τὸ
840 434 868 461 δὲ
888 434 968 461 ἀϐία-

182 491 255 513 στον,
273 483 324 509 οὐκ
338 482 394 518 ἔχει
412 482 503 517 κόρον,
530 480 587 508 ἀλλ’
602 481 646 507 ἀεὶ
665 480 757 516 χάριτί
775 489 804 507 τε
822 481 870 507 καὶ
893 478 969 516 πόθῳ

183 526 341 598 uagina
357 564 465 597 πάντων
479 570 649 605 Χριστιανοῖς
665 570 715 596 οὐκ
730 569 834 604 ἐφίεται
855 569 885 596 τὺ
901 569 969 605 πρὸς

184 618 243 653 βίαν
259 616 426 652 ἐπανορθοῦν
447 615 482 643 τὰ
508 615 562 642 τῶν
575 615 783 651 ἁμαρτημάτων
797 615 966 650 πταίσματα.

183 664 219 690 υὺ
234 664 289 698 γὰρ
315 663 377 694 τοὺς
392 663 497 698 ἀνάγκῃ
512 662 561 697 τῆς
576 662 676 694 κακίας
691 661 886 697 ἀπεχομένους,
901 661 969 689 ἀλλὰ

183 710 245 741 τοὺς
258 709 426 745 προαιρέσει,
439 708 566 742 στεφανοῖ
581 708 594 734 ὁ
611 707 687 739 Θεός.

217 756 267 783 Βία
283 756 342 792 Θεῷ
353 755 382 781 οὺ
399 754 555 790 πρόσεστιν.

181 810 273 840 ΤΙΤΛ.
287 812 329 839 ιιι.
344 827 379 833 -
392 810 462 845 Περὶ
472 810 661 846 ,ϐλασφήμου
675 809 725 837 καὶ
738 804 964 845 μεγίαιιορῤτυιυ-
986 827 1006 854 Β

540 854 603 872 νου.

540 855 575 872 νο
596 865 603 872 .

218 903 227 920 t
241 890 310 920 Εῖπε
326 890 426 928 Κύριος
451 892 519 928 πρὸς
538 855 642 926 “(Liv
653 899 660 907 '
677 890 801 926 Λάλησον
821 891 878 921 τοῖς
899 889 968 920 υἱοῖς

186 939 306 975 Ἰσραὴλ,
332 930 435 973 λὲγων·
466 938 625 972 ¹Ἀνθρωπος
652 937 682 968 ὃς
704 937 751 964 ἐὰν
777 936 968 971 καταράσηται

181 984 257 1016 Θεὸν,
270 983 406 1018 ἁμαρτίαν
424 983 539 1018 λήψεται
551 989 559 998 ”
581 983 595 1008 ό
618 981 760 1017 ὀνομάζων
773 982 801 1008 δὲ
810 981 896 1017 ὄνομα
912 982 969 1008 Κυ-

183 1031 251 1067 ρίου,
267 1030 350 1062 λίθοις
366 1029 538 1057 λιθοϐολείτω
554 1029 636 1056 eam
648 1029 722 1056 πᾶσα
739 1028 885 1063 συναγωγὴ
901 1028 968 1055 υίῶν

195 1076 437 1155 Ιῗρῖίιῖιέἑελθέτω
448 1118 710 1156 μεγαλορρημοσύνη
724 1119 757 1146 ὲκ
771 1118 819 1146 τοῦ
834 1118 968 1155 στόματος

182 1174 446 1246 υμῗυᾍίέπόλμησεν
460 1211 477 1246 ἡ
501 1209 598 1246 καρδία
619 1219 677 1244 σου,
693 1211 734 1238 ὅτι
751 1210 837 1246 θυμὸν
850 1209 968 1246 ἔρρηξας

180 1257 270 1284 ἔναντι
286 1257 390 1293 Κυρίου
399 1264 406 1290 ;
428 1265 437 1282 ι

218 1357 228 1374 t
251 1347 454 1384 Ἐξολοθρεύσει
468 1346 570 1381 Κύριος
589 1346 678 1374 πάντα
696 1346 731 1373 τὰ
743 1345 818 1381 χείλη
834 1344 868 1372 τὰ
881 1344 967 1377 δόλια,

177 1394 305 1428 γλῶσσαν
319 1393 564 1429 μεγαλορῤήμονα·
580 1392 643 1424 τοὺς
661 1392 798 1423 εἰπόντας,
810 1391 866 1426 Τὴν
881 1390 969 1425 γλῶσ-

181 1449 229 1469 σαν
245 1439 322 1476 ἡμῶν
331 1439 559 1475 μεγαλυνοῦμεν,
582 1438 617 1465 τὰ
631 1437 710 1473 χείλη
726 1437 805 1473 ἡμῶν
819 1436 885 1472 παρ’
902 1437 968 1472 ἡμῖν

179 1488 237 1514 ἐστι
250 1494 258 1502 ’
273 1486 315 1517 τίς
327 1485 407 1521 ἡμῶν
421 1485 515 1521 κύριός
532 1485 622 1516 ἐστιν;
640 1493 649 1510 ι

217 1540 227 1557 ‹
250 1530 480 1566 Ἀφανισοήσεται
493 1530 646 1564 Σαμάρεια,
660 1528 701 1555 ὅτι
713 1528 824 1555 ἀντεῖπε
840 1527 908 1563 πρὸς
920 1526 966 1554 τὸν

180 1577 244 1604 Θεὸν
266 1576 372 1612 αὐτῆς·
398 1575 426 1601 ἐν
452 1574 575 1610 ῥομφαίᾳ
598 1573 744 1600 πεσοῦνται
768 1573 855 1606 αὐτοὶ,
869 1573 917 1600 καὶ
931 1572 966 1600 τὰ

181 1622 320 1650 ὑποτίτθια
336 1621 424 1649 αὐτῶν
441 1619 678 1655 ἐδαφισθήσονται.
696 1628 706 1644 ι

217 1679 226 1694 ‹
244 1668 388 1696 Μεθύσατε
405 1666 497 1699 αὑτὸν,
510 1666 551 1693 δτι
564 1666 610 1692 ἐπὶ
627 1665 729 1700 Κύριον
745 1663 928 1699 ἐμεγαλύνθη.
952 1673 962 1689 ι

216 1766 226 1782 ‹
243 1755 314 1783 Τάδε
337 1755 410 1789 λέγει
423 1753 544 1790 Κύριοςυ
566 1752 675 1789 Ἐπειδὴ
689 1752 809 1784 δέδωκας
828 1752 879 1788 τὴν
895 1761 966 1788 καρ-

178 1801 237 1828 δίαν
253 1809 299 1828 σου
311 1800 349 1832 ὼς
366 1799 481 1835 καρδίαν
491 1798 570 1830 Θεοῦ,
586 1798 642 1825 ἰδοὺ
662 1797 758 1832 ἐπάγω
771 1796 818 1823 ἐπὶ
837 1797 866 1824 et
886 1797 965 1824 ἀλλο-

177 1847 279 1883 τρίους,
297 1846 408 1882 λοιμοὺς
425 1845 521 1877 ἐθνῶν,
538 1844 586 1871 καὶ⁸
603 1842 787 1871 ἐκκενώσουσι
799 1842 848 1874 τὰς
867 1843 966 1878 μαχαί-

179 1901 229 1929 ρας
241 1891 332 1920 αὐτῶν
346 1892 392 1918 ἐπὶ
409 1891 449 1923 σέ,
461 1891 509 1917 καὶ
523 1890 570 1917 ἐπὶ
585 1889 615 1916 τὸ
633 1888 731 1921 κάλλος
747 1888 797 1923 τῆς
809 1889 966 1924 ἐπιστήμης

179 1946 237 1970 σου,
253 1939 299 1965 καὶ
313 1937 466 1973 στρώσουσι
482 1936 512 1963 τὺ
527 1935 626 1969 κάλλος
636 1943 683 1962 σου
695 1935 735 1966 είς
745 1933 894 1962 ἀπώλειαν.
917 1943 926 1960 ν

215 2023 230 2054 ἱ
241 2026 434 2061 Φιλάνθρωπον
447 2025 556 2060 πνεῦμα
565 2025 671 2059 σοφίας,
686 2025 735 2051 καὶ
746 2024 777 2051 οὐ
794 2023 965 2060 κατορθώσει

178 2073 337 2109 βλάσφημον
353 2072 406 2099 ἀπὸ
419 2072 531 2107 χειλέων
549 2071 643 2099 αὐτοῦ.
664 2080 673 2097 ι

215 2129 224 2146 ε
248 2119 278 2146 '0
295 2119 399 2155 βάλλων
416 2118 489 2146 λίθον
502 2119 543 2151 είς
557 2118 633 2154 ὕψος,
651 2118 698 2145 ἐπὶ
711 2118 761 2154 τὴν
784 2117 902 2154 κεφαλὴν
915 2118 965 2145 αὺ-

177 2165 223 2192 τοῦ
242 2165 344 2201 βάλλει.
363 2174 372 2191 ι

215 2220 225 2236 «
242 2211 320 2237 Πᾶσα
338 2210 459 2246 ἁμαρτία
487 2210 654 2245 ἀφεθήσεται
670 2211 727 2242 τοῖς
737 2209 905 2246 ἀνθρώποις·
924 2210 962 2246 τῷ

177 2256 205 2283 δέ
219 2257 258 2288 είς
272 2257 304 2283 τὸ
318 2256 395 2291 ἅγιον
412 2256 524 2292 Πνεῦμα
539 2255 765 2291 βλασφημήσαντι
781 2256 832 2282 οὐκ
858 2255 962 2291 ἀφεθή-

179 2310 265 2335 σεται,
280 2301 341 2329 οὐδὲ
356 2303 385 2328 ὲν
397 2301 436 2338 τῷ
446 2301 493 2329 νῦν
507 2301 597 2335 αἰῶνι,
609 2301 669 2328 οὐδὲ
685 2301 714 2327 ἐν
726 2300 763 2336 τῷ
779 2301 913 2336 μέλλοντι.
935 2311 944 2326 ι

219 2390 249 2415 '0
265 2390 314 2424 μέν
330 2389 505 2426 ἁμαρτάνων,
522 2389 687 2424 παραῦαινει
700 2389 797 2424 νόμον⁵
809 2390 822 2415 ἧ
833 2390 862 2417 δὲ
879 2389 962 2425 βλασ-

178 2437 287 2472 φημῶν,
300 2437 340 2469 εἰς
349 2437 434 2472 αὐτὴν
447 2436 541 2463 ἀσεϐεῖ
552 2435 601 2472 τὴν
616 2435 746 2471 Θεότητα.

212 2526 281 2557 Τοὺς
294 2526 324 2552 ἐν
333 2527 367 2561 τῇ
379 2525 454 2552 πόλει
471 2526 710 2562 βλασφημοῦντας,
725 2527 876 2562 σωφρόνιζε
889 2534 895 2542 ·
913 2527 966 2554 κᾶν

176 2569 296 2604 ἀκούσῃς
318 2570 391 2601 τινὸς
414 2571 442 2596 ἐν
457 2571 582 2606 ἀμφόδῳ,
597 2571 613 2605 ἢ
632 2571 661 2598 ἐν
676 2572 775 2607 ἀγορᾷ,
789 2571 965 2607 ἐπιτίμησον,

175 2616 227 2643 κᾶν
241 2616 348 2651 πληγὰς
373 2615 505 2643 ἐπιθεῖναι
522 2617 580 2653 δέῃ,
597 2617 634 2653 μὴ
649 2618 817 2655 παραιτήσῃ.
838 2618 966 2646 Ῥάπισον

175 2661 256 2689 αὑτοῦ
271 2661 320 2698 τὴν
336 2661 408 2696 ὅψιν,
425 2661 568 2697 σύντριψον
586 2663 669 2690 αὑτοῦ
683 2663 714 2690 τὸ
733 2665 830 2699 στόμα,
848 2664 961 2699 ἁγίασόν

176 2715 226 2734 σου
237 2707 287 2743 τὴν
303 2708 384 2743 χεῖρα
397 2706 442 2734 διὰ
455 2707 505 2742 τῆς
518 2709 637 2745 πληγῆς.
649 2709 709 2736 Κᾶν
721 2709 859 2743 ὲγκαλῶσί
874 2718 958 2743 τινες,

174 2753 226 2781 κᾶν
240 2754 280 2786 είς
291 2754 465 2789 δικαστήριον
478 2755 604 2786 ἐλκωσιν,
619 2755 812 2790 ἀκολούθησον.

1020 212 1070 240 per
1094 204 1146 231 vim
1176 204 1288 236 inﬂexa,
1312 205 1394 232 simul
1419 210 1502 240 atque
1521 205 1665 233 dimissum
1689 209 1743 239 est,
1771 207 1805 234 ad

1020 250 1140 284 seipsum
1167 249 1267 277 redire.
1297 249 1410 283 Contra,
1437 251 1509 285 quod
1535 251 1619 278 animi
1646 252 1806 281 inductione

1022 296 1061 329 ﬁt,
1091 295 1276 329 iustissimum
1304 303 1336 324 ac
1356 296 1544 324 ﬁrmissimum
1561 302 1615 328 est,
1631 302 1725 332 utpote
1740 306 1804 334 pro-

1020 341 1162 376 pensionis
1177 341 1286 369 vinculo
1301 345 1504 370 conservatum.
1520 358 1555 364 —
1566 342 1734 376 Volentium,
1749 352 1805 373 non

1020 386 1180 420 invitorum,
1199 387 1310 422 pietatis
1326 392 1531 416 sacramentum
1550 393 1601 417 est.

1055 432 1140 460 Clem.
1167 432 1245 460 Alex.
1262 432 1387 466 ~Quod
1415 433 1501 462 invite
1527 433 1567 467 ﬁl,
1586 434 1679 462 statim
1706 435 1806 470 displi-

1019 481 1064 505 cet
1082 487 1089 506 :
1105 478 1180 513 quod
1194 482 1285 505 autem
1303 482 1410 513 sponte,
1427 479 1581 507 satietatem
1601 487 1655 506 non
1668 480 1804 514 admittit,

1020 523 1067 550 sed
1086 531 1194 558 semper
1205 528 1233 551 et
1249 524 1337 559 gratia
1355 527 1382 551 et
1397 523 1533 552 desiderio
1546 525 1670 552 virescit.

1056 567 1194 603 Εμιιάειη.
1208 582 1243 590 -
1257 569 1424 596 Christianis
1447 570 1599 604 praesertim
1618 577 1674 605 prae
1696 572 1806 599 estet-is

1020 613 1114 643 mmim
1135 621 1308 644 .concessum
1323 618 1367 642 est
1378 615 1554 649 peccantium
1575 616 1671 651 lapsus
1686 623 1735 650 per
1750 617 1804 644 vim

1019 659 1170 693 corrigere.
1184 659 1242 687 Nec
1258 660 1331 686 enirn
1350 659 1423 687 Deus
1439 667 1486 687 eos
1505 666 1630 693 coronat,
1641 661 1690 696 qui
1706 669 1805 690 neces-

1019 704 1112 736 sitate,
1130 705 1177 732 sed
1193 706 1239 740 qui
1255 706 1398 733 voluntate
1415 712 1430 732 a
1448 706 1515 733 vitio
1530 705 1686 735 abstinent.

1054 751 1172 780 Eusebii.
1183 768 1218 773 -—
1230 751 1368 780 Violentia
1384 752 1439 780 Deo
1460 760 1514 780 non
1529 753 1618 781 decet.

1053 805 1111 833 ΤΙΤ
1145 806 1215 833 Vill.
1231 823 1266 828 —
1278 807 1316 834 De
1342 807 1505 842 blaspheme,
1523 813 1548 836 et
1570 808 1768 844 superbiloquo.

1052 882 1135 909 Leuit.
1150 890 1223 914 ntv,
1241 882 1286 910 '15.
1303 898 1331 903 —
1351 892 1361 909 ι
1378 883 1452 911 Dixit
1474 883 1609 912 Dominus
1626 884 1660 911 ad
1672 883 1782 919 Moysen
1793 894 1802 912 :

1018 928 1142 964 Loquere
1158 928 1222 956 ﬁliis
1236 928 1319 956 Israel
1335 928 1431 956 dicens
1445 937 1452 956 :
1469 930 1558 957 Homo
1572 930 1619 964 qui
1632 930 1805 958 maledixerit

1018 973 1085 1005 Deo.
1102 975 1222 1009 portabit
1247 978 1391 1009 peccatum
1411 982 1512 1002 suum:
1538 976 1585 1011 qui
1606 980 1698 1004 autem
1714 978 1804 1004 nomi-

1019 1021 1126 1048 naverit
1148 1027 1248 1048 nomen
1274 1019 1394 1052 Domini,
1423 1019 1561 1054 lapidibus
1586 1021 1724 1055 opprimat
1740 1029 1804 1050 eum

1018 1066 1109 1094 omnis
1124 1065 1273 1093 multitudo
1285 1065 1405 1092 ﬁliorum
1420 1064 1513 1093 lsrael.
1529 1075 1539 1092 ι

1055 1110 1070 1138 1
1085 1110 1147 1146 Reg.
1166 1119 1197 1144 ll,
1220 1111 1247 1139 '5.
1259 1126 1293 1131 —
1308 1120 1317 1136 ι
1333 1110 1391 1138 Νοη
1411 1116 1489 1139 exeat
1508 1112 1626 1141 sublime
1650 1113 1753 1141 dictum
1770 1120 1803 1141 ex

1018 1165 1066 1186 01⁸6
1077 1162 1179 1185 νθειτο.
1199 1167 1208 1184 Ι

1052 1202 1104 1231 Job
1130 1211 1175 1236 xv,
1206 1203 1423 1239 12.—¢.Quid
1452 1205 1526 1233 enim
1556 1213 1654 1233 ausum
1685 1209 1726 1234 est
1756 1213 1803 1233 cor

1019 1252 1107 1280 tuum,
1125 1248 1201 1283 quod
1223 1248 1250 1275 in
1275 1248 1444 1277 iracundiam
1470 1250 1585 1285 erupisti
1605 1250 1738 1278 adversus
1747 1249 1802 1278 Do-

1018 1294 1146 1322 minum?
1162 1304 1171 1320 ι

1052 1340 1135 1377 394
1158 1342 1234 1370 Plat.
1250 1350 1288 1375 XI,
1309 1341 1334 1374 3.
1360 1342 1387 1368 4.
1409 1356 1444 1363 --
1458 1349 1468 1368 t
1497 1340 1641 1376 Disperdet
1670 1342 1802 1371 Dominus

1019 1387 1149 1414 universa
1168 1386 1239 1414 labia
1254 1387 1362 1421 dolosa,
1377 1387 1498 1423 linguam
1516 1387 1732 1423 magniloquam.
1750 1387 1802 1421 Qui

1018 1431 1158 1465 dixerunt,
1173 1433 1296 1469 linguam
1322 1437 1445 1461 nostram
1470 1433 1719 1468 magniﬁcabimus,
1732 1434 1802 1461 labia

1019 1482 1113 1505 nostra
1135 1485 1151 1504 a
1168 1479 1248 1507 nobis
1263 1483 1338 1506 sunt.
1360 1478 1428 1512 Quis
1451 1482 1546 1506 noster
1563 1478 1695 1507 Dominus
1715 1479 1775 1506 est?
1790 1488 1799 1504 ι

1054 1523 1121 1551 οισι
1133 1531 1190 1557 xw,
1209 1525 1236 1551 l.
1252 1540 1287 1546 —
1302 1534 1312 1550 ‹
1331 1525 1511 1560 Disperdetur
1525 1525 1660 1557 Samaria,
1671 1526 1801 1560 quoniam

1018 1569 1108 1597 locuta
1133 1574 1177 1597 est
1195 1569 1329 1598 adversus
1356 1569 1440 1597 Deum
1457 1578 1549 1598 suum.
1569 1570 1597 1598 In
1620 1571 1712 1606 gladio
1737 1579 1800 1606 per-

1017 1615 1096 1642 ibunt
1106 1615 1205 1650 ipsi,et
1215 1615 1350 1642 laclantes
1363 1622 1458 1642 eorum
1469 1615 1606 1643 elidentur
1617 1617 1649 1643 ad
1665 1620 1797 1652 petram.»

1050 1659 1149 1688 larem.
1168 1667 1263 1692 xum,
1277 1659 1324 1688 ‘20.
1336 1675 1370 1681 —
1386 1669 1395 1686 ι
1413 1660 1552 1689 lnebriate
1576 1669 1650 1694 cum,
1667 1663 1798 1697 quoniam

1016 1709 1112 1733 contra
1124 1705 1271 1734 Dominum
1287 1711 1396 1734 erectus
1410 1711 1466 1735 est.
1482 1716 1492 1733 ι

1053 1749 1151 1778 Each.
1170 1759 1268 1783 uvnt,
1291 1751 1320 1785 2,
1341 1751 1368 1778 5.
1383 1766 1418 1772 -
1432 1760 1442 1777 ι
1467 1752 1531 1780 Haec
1555 1752 1623 1780 dicit
1643 1752 1775 1781 Dominus
1792 1763 1799 1781 :

1015 1796 1069 1824 Pro
1086 1804 1118 1825 eo
1133 1797 1207 1832 quod
1220 1795 1322 1825 dedisti
1338 1805 1387 1824 cor
1405 1801 1483 1825 tuum
1495 1799 1573 1833 quasi
1590 1806 1638 1826 cor
1652 1798 1718 1831 Dei;
1736 1807 1802 1827 ecce

1015 1842 1123 1870 adduco
1143 1850 1228 1877 super
1251 1846 1278 1870 te
1299 1842 1416 1876 alienos,
1432 1843 1593 1878 pestilentes
1608 1843 1642 1871 de
1659 1844 1798 1878 gentibus,

1015 1892 1043 1917 et
1061 1889 1247 1925 evagiuabunt
1269 1889 1374 1924 gladios
1399 1897 1465 1918 suos
1491 1890 1518 1917 in
1544 1895 1580 1922 te.
1596 1894 1624 1918 et
1639 1898 1723 1925 super
1737 1891 1799 1926 pul-

1015 1935 1173 1963 cltritudine
1198 1935 1322 1962 scientia!
1339 1939 1402 1968 tum,
1419 1939 1447 1963 et
1464 1935 1650 1964 ltumiliabunt
1674 1936 1800 1971 pulchri-

1016 1979 1138 2007 tudinem
1151 1984 1226 2007 tuam
1245 1979 1274 2006 in
1293 1979 1487 2014 perditionem.
1501 1989 1511 2005 ι

1050 2023 1116 2059 Sap.
1127 2032 1153 2056 ‘l,
1167 2024 1194 2052 6.
1211 2039 1247 2045 —
1258 2033 1269 2051 ί
1295 2024 1436 2060 Benignus
1459 2029 1500 2052 est
1518 2025 1634 2060 spiritus
1648 2026 1798 2061 sapientia,

1015 2075 1041 2099 ct
1055 2079 1110 2099 non
1127 2071 1250 2099 absolvet
1263 2071 1452 2106 blasphemum
1471 2078 1486 2098 n
1500 2071 1580 2099 labiis
1594 2073 1664 2100 suis.
1683 2081 1692 2097 ι

1051 2116 1136 2144 Eccli.
1148 2123 1234 2148 xxv",
1250 2115 1295 2143 28.
1311 2131 1347 2136 —-
1365 2125 1374 2141 ι
1389 2115 1441 2149 Qui
1466 2117 1494 2143 in
1521 2117 1605 2144 altum
1628 2117 1713 2144 mittit
1730 2117 1800 2152 lapi-

978 2172 1000 2200 ο
1015 2162 1087 2193 dem.
1102 2162 1130 2189 in
1143 2166 1226 2196 caput
1245 2169 1325 2188 suum
1344 2161 1438 2188 mittit.
1459 2171 1468 2188 ι

1049 2208 1148 2236 Matth.
1165 2214 1215 2240 xtl,
1230 2208 1274 2235 5i.
1292 2221 1326 2228 ——
1340 2216 1349 2234 ι
1372 2207 1460 2236 Omne
1483 2212 1625 2243 peccatttm
1643 2208 1799 2236 remittetur

1014 2253 1189 2281 hominibus:
1216 2253 1240 2281 ei
1269 2256 1360 2281 autem
1385 2253 1433 2288 qui
1455 2252 1482 2280 in
1510 2252 1642 2288 Spiritum
1671 2258 1798 2281 sanctum

1014 2299 1258 2336 blaspltemaverit,
1290 2307 1345 2327 non
1374 2299 1540 2333 remittetur,
1573 2307 1664 2335 neque
1691 2300 1720 2327 in
1746 2300 1799 2327 hoc

1013 2346 1126 2379 sateulo,
1141 2352 1232 2380 neque
1249 2345 1277 2372 in
1290 2344 1395 2373 futuro.
1415 2354 1424 2371 ι

1051 2390 1159 2419 Basilii.
1174 2405 1210 2411 —
1221 2390 1274 2424 Qui
1291 2394 1398 2425 peccat,
1425 2390 1512 2426 legem
1528 2390 1639 2425 quidem
1655 2391 1757 2418 violat:
1771 2395 1798 2418 at

1015 2437 1061 2471 qui
1078 2435 1263 2472 blasphemat,
1284 2436 1418 2463 adversus
1444 2436 1532 2471 ipsum
1548 2435 1671 2463 divinum
1691 2435 1797 2464 Numen

1015 2483 1117 2517 impius
1133 2486 1185 2510 est.

1051 2528 1189 2563 Cltryscu.
1204 2528 1304 2556 —Eos
1328 2528 1374 2563 qui
1401 2528 1428 2555 in
1456 2528 1565 2556 civitate
1589 2528 1798 2563 blasphemavc-

1013 2573 1081 2606 rint,
1101 2573 1220 2608 castiga.
1237 2572 1316 2607 Quod
1331 2574 1354 2601 si
1371 2581 1451 2610 quem
1470 2574 1498 2601 in
1523 2574 1598 2601 bivio
1621 2579 1669 2601 aut
1690 2574 1716 2600 in
1738 2574 1797 2601 foro

1015 2618 1147 2652 audieris,
1171 2618 1299 2654 objurga.
1325 2617 1402 2651 Quod
1418 2619 1440 2646 si
1454 2619 1539 2646 etiam
1555 2618 1648 2654 plagas
1672 2618 1798 2646 incutere

1014 2664 1181 2700 oportuerit,
1197 2672 1231 2693 ne
1255 2665 1282 2692 id
1301 2664 1392 2692 facere
1407 2665 1528 2693 dubites.
1544 2664 1696 2700 Colaphum
1712 2665 1738 2692 in
1755 2665 1797 2692 fa-

1013 2711 1082 2740 ciem
1097 2712 1156 2747 ejus
1180 2711 1300 2747 impinge
1319 2720 1327 2738 :
1345 2718 1376 2739 os
1403 2710 1464 2746 ejus
1484 2718 1604 2738 contere.
1631 2710 1722 2738 Manui
1744 2714 1797 2738 tuae.

1012 2765 1061 2792 per
1088 2757 1223 2793 ejusmodi
1252 2757 1360 2794 plagam
1385 2757 1558 2785 sanctitatem
1582 2758 1711 2786 concilia.
1738 2758 1796 2788 Etsi

175 2801 284 2836 quidam
307 2801 501 2835 criminantur,
517 2802 568 2830 etsi
594 2806 619 2830 te
635 2802 662 2829 in
677 2802 810 2837 judicium
830 2803 951 2837 trahunt,
973 2811 1098 2839 sequere.
