2074 3115
295 99 361 128 l‘Zb'I

882 99 912 128 δ.
929 97 1088 128 JOANNIS
1108 82 1324 126 DAMASCENI

1851 94 1861 125 1
1867 95 1916 128 988

324 149 458 184 L/irysou.
473 147 549 175 Haut.
561 148 588 180 3,
605 147 642 174 De
659 147 787 181 incompr.
798 163 833 168 —-
843 148 1072 181 Quemadmodnn'

1165 147 1298 182 Καθάπερ
1312 148 1326 173 6
1337 147 1408 173 λίθον
1426 148 1573 180 ἀκοντίζων
1590 149 1628 180 εἰς
1643 149 1673 175 τὸ
1689 149 1765 183 ὕψος,
1779 150 1826 176 τοῦ
1837 151 1916 186 οὐρα-

289 194 335 229 qui
355 191 452 221 Saxum
472 194 500 220 in
526 192 612 219 altum
642 189 818 226 ejactilatur,'
834 200 936 228 corpus
963 193 1076 228 quidem

289 239 352 267 εωΙί
381 238 519 270 scindere,
541 241 625 272 atque
648 237 683 264 ad
705 245 766 265 eam
785 239 957 266 altitudinem
984 247 1079 274 perve-

289 285 350 311 nire
377 291 432 311 non
453 284 543 316 valet;
565 283 633 318 quin
657 284 767 318 plagam
789 285 881 320 capite
896 293 947 313 suo
962 285 1077 320 excipit,

289 337 356 358 saxo
371 329 501 357 nimirum
521 329 556 356 ad
575 329 773 364 ejaculalorem
800 331 953 359 redeunte:
973 331 1014 359 sic
1031 331 1078 367 qui

288 375 489 403 contumeliosa
501 379 529 402 et
543 375 626 410 impia
647 375 730 402 verba
755 375 889 403 adversus
904 375 1013 402 beatam
1029 375 1076 403 Dei

288 421 439 449 essentiam
467 419 581 455 profert,
617 427 678 447 eam
705 420 819 455 quidem
856 421 932 448 nullo
958 428 1076 456 unquam

288 467 455 495 detrimento
482 465 591 499 afﬁciet,
608 470 637 493 ut
652 473 714 500 qua
740 466 821 500 longe
839 467 927 501 major
943 470 972 494 et
991 466 1078 494 subli-

288 513 361 541 mior
383 513 521 541 exsistat:
546 517 575 540 at
591 519 656 540 vero
675 512 704 539 in
723 513 822 540 animae
849 520 906 540 sua:
927 513 1075 547 perniciem

289 559 409 593 gladium
429 558 513 590 acuit,
532 558 597 584 dum
615 564 646 584 se
666 557 691 584 ei
718 557 798 591 cujus
820 557 962 585 beneﬂciis
978 561 1077 585 auctus

288 607 340 635 est,
357 604 494 639 ingratum
510 604 621 638 praebet.

289 669 358 698 'l'lT.
375 669 421 698 1X.
438 669 522 696 —-De
536 677 592 704 rege
616 669 710 704 probo,
735 674 759 696 et
786 670 831 704 qui
852 670 949 696 malum
977 669 1073 696 oderit.

324 755 406 783 Num.
423 763 498 789 xxiv,
517 755 542 782 7.
554 771 589 776 —
602 764 612 781 ι
629 755 780 790 Augebilur
802 763 916 790 regnum
937 754 1015 789 ejus;
1028 761 1075 782 co-

287 801 380 829 medet
405 806 501 836 gentes
521 801 698 827 inimicorum
717 807 842 832 suorum,
859 804 886 827 et
908 800 1074 828 crassitudi-

288 853 352 874 nem
372 854 466 874 eorum
489 846 521 873 ad
542 845 690 872 medullam
708 853 795 880 usque
808 850 972 879 consumet;
989 849 1015 873 et
1033 845 1076 880 ja-

287 892 360 919 culis
376 891 435 919 suis
455 896 550 927 gentes
565 899 651 918 cornu
667 895 751 926 petet.
764 900 774 917 ι

323 937 404 964 Deut.
420 944 516 969 xxxiii,
534 937 578 969 Π,
595 937 639 964 '59.
656 952 690 957 —-
707 946 717 962 ‹
733 936 842 964 Cornua
857 934 999 965 unicornis
1016 945 1076 965 cor-

287 990 342 1010 nua
359 982 420 1017 ejus
436 992 442 1010 :
462 983 489 1009 in
513 982 581 1017 ipsis
596 986 691 1017 gentes
709 989 795 1009 cornu
811 987 894 1017 petet.
908 982 1075 1011 Menticnlur

289 1028 338 1056 tibi
364 1028 468 1056 inimici
497 1028 557 1061 tui;
587 1032 614 1055 et
641 1031 670 1055 tu
699 1035 784 1062 super
816 1029 952 1056 cervicem
976 1035 1074 1056 eorum

288 1074 430 1102 ascendes.
451 1083 461 1100 ι

327 1120 358 1148 ΙΙ
376 1120 439 1155 Reg.
453 1127 513 1152 vni,
524 1120 569 1148 25.
587 1134 623 1140 -
637 1128 646 1146 ι
663 1119 853 1153 δαιναπῌθεῑι
871 1120 1003 1148 Dominus
1021 1119 1074 1148 Da-

287 1168 332 1195 vid
352 1167 379 1195 in
396 1167 535 1200 omnibus,
557 1166 584 1193 in
603 1166 705 1202 quibus
729 1166 892 1199 ambulavit,
909 1166 1015 1194 faciens
1027 1166 1075 1201 ju-

288 1214 391 1241 dicium
407 1217 434 1241 et
446 1213 594 1248 justitiam.
612 1222 622 1238 ι

324 1257 356 1285 ΙΙ
373 1257 439 1293 Reg.
454 1265 511 1290 xVI,
527 1257 572 1290 10,
592 1257 635 1289 l‘l,
650 1257 693 1284 l2.
707 1259 767 1282 -“‹
786 1257 862 1284 Dixit
878 1257 963 1284 David
980 1267 986 1284 :
1007 1257 1074 1285 Sine

287 1312 349 1332 cum
365 1303 551 1331 maledicere:
571 1302 642 1329 Deus
657 1302 731 1329 enim
748 1303 880 1337 praecepit
895 1303 932 1330 ei.
955 1302 983 1329 Si
1002 1302 1074 1331 forte

288 1349 420 1384 respiciat
438 1348 510 1376 Deus
526 1347 703 1375 alﬂictionem
725 1355 826 1381 meam,
842 1353 869 1376 et
886 1347 983 1375 reddat
1004 1348 1072 1376 milii

286 1395 358 1422 bona
372 1401 421 1428 pro
436 1393 631 1426 maledictione
646 1393 708 1420 hac.
727 1402 736 1419 ι

321 1438 353 1465 Il
372 1437 433 1473 Reg.
452 1445 509 1468 xix.
530 1437 624 1465 19-25.
638 1451 672 1457 —-
687 1446 697 1463 ‹
715 1436 748 1464 Ει
764 1436 855 1464 Semei
873 1437 973 1466 cecidit
989 1446 1073 1474 super

287 1484 385 1511 faciem
403 1491 481 1511 suam
504 1490 597 1510 coram
613 1490 677 1518 rege
688 1503 695 1515 ,
720 1486 748 1509 et
767 1483 838 1510 dixit
855 1484 888 1511 ad
904 1492 995 1519 regem
1011 1493 1017 1511 :
1033 1485 1071 1513 Ne
1085 1491 1108 1521 (ζ

285 1533 394 1567 reputet
419 1528 547 1556 dominus
571 1535 648 1555 meus
663 1527 852 1562 iniquitatem,
874 1528 955 1563 395
979 1537 1068 1564 neque

284 1574 443 1601 memineris
459 1573 595 1605 omnium,
612 1580 784 1608 quaecunque
798 1580 866 1607 puer
888 1579 952 1601 tuus
975 1575 1072 1609 inique

284 1620 340 1654 egit
356 1619 383 1646 in
403 1619 448 1647 die
463 1626 517 1654 qua
530 1625 659 1653 egressus
675 1621 717 1645 est
736 1618 869 1646 Dominus
883 1626 963 1647 meus
975 1627 1022 1648 rex
1037 1620 1072 1648 de

284 1665 456 1696 Jerusalem;
472 1664 536 1699 quia
554 1663 672 1698 cognovi
698 1670 796 1690 servus
819 1667 895 1697 tuus,
912 1665 986 1699 quod
1002 1673 1068 1700 pec-

285 1709 355 1736 cavi.
374 1708 408 1735 Et
420 1709 524 1743 juravit
541 1708 566 1736 ei
579 1716 626 1735 rex
640 1717 647 1736 :
663 1707 724 1735 Non
736 1709 876 1737 morieris.
899 1718 910 1735 ι

319 1753 396 1781 Psal.
414 1761 459 1786 xx,
476 1753 502 1779 l.
515 1768 551 1773 ——-
567 1762 576 1778 ι
596 1752 720 1785 Domine,
744 1752 771 1780 in
786 1753 888 1781 virtute
908 1756 954 1780 tua
968 1752 1071 1780 laetabi-

284 1802 329 1826 ίΙΙΓ
342 1807 400 1830 rex,
421 1808 430 1824 1
446 1802 470 1825 et
488 1806 546 1833 quw
558 1803 714 1831 sequuntur.

320 1844 396 1871 Psal.
410 1852 456 1876 Lx,
481 1843 507 1871 5.
522 1858 558 1864 —-
580 1853 590 1869 ι
620 1842 695 1870 Diem
722 1850 806 1878 super
827 1843 887 1871 dies
907 1845 979 1879 regis
1001 1845 1071 1880 adji-

284 1890 350 1921 cies.
367 1899 376 1916 ›
390 1894 414 1917 et
429 1897 486 1925 qua:
501 1893 653 1924 sequuntur.

320 1935 395 1962 Psal.
414 1942 489 1967 Lm,
504 1934 530 1961 l.
543 1948 576 1954 ——
588 1943 597 1959 ι
616 1934 698 1967 Deus,
712 1933 845 1968 judicium
857 1938 932 1961 tuum
950 1935 1007 1970 regi
1023 1935 1067 1968 da,

284 1986 311 2009 et
325 1981 470 2016 justitiam,
489 1989 498 2006 ι
514 1984 539 2008 et
554 1988 613 2015 quae
629 1984 786 2014 sequuntur.

319 2026 393 2054 Psal.
420 2034 515 2058 xcvnt,
540 2026 567 2053 '5.
581 2041 617 2046 —
638 2034 648 2051 ι
667 2026 758 2053 Honor
777 2025 850 2061 regis
871 2025 1008 2060 judicium
1025 2025 1067 2053 di—

284 2072 353 2107 ligit.
375 2081 384 2097 ι

317 2117 395 2144 Prov.
412 2125 469 2150 xxi,
483 2117 511 2143 4.
524 2132 559 2137 -
573 2125 582 2141 ι
601 2116 679 2144 Sicut
695 2116 821 2151 impetus
853 2123 941 2151 aqua,
964 2117 1002 2145 ita
1017 2125 1068 2146 eor

283 2161 354 2196 regis
370 2162 395 2187 in
412 2168 494 2188 manu
511 2160 568 2188 Dei.
584 2169 594 2185 ›

317 2216 395 2244 Prov.
411 2224 467 2248 xw,
484 2217 574 2244 10-15.
586 2230 622 2236 -——
636 2224 645 2241 ι
663 2215 836 2244 Abominatio
850 2217 917 2251 regi,
931 2217 978 2253 qui
994 2219 1066 2247 mala

282 2266 429 2298 perpetrat.
446 2261 515 2289 Cum
537 2261 644 2295 justitia
668 2261 740 2288 enim
760 2266 926 2296 praeparatur
951 2263 1066 2292 thronus

282 2307 459 2342 principatus.
486 2307 604 2340 Accepta
630 2310 696 2333 sunt
719 2307 776 2342 regi
796 2308 867 2334 labia
882 2308 978 2342 justa;
999 2317 1066 2336 ser-

282 2361 377 2382 mones
397 2357 488 2381 autem
515 2358 605 2380 rectos
630 2353 727 2389 diligit.
749 2353 915 2382 Vaticinium
933 2355 960 2382 in
978 2356 1062 2384 labiis

282 2401 372 2437 regis:
391 2401 418 2427 in
435 2399 541 2435 judicio
560 2403 651 2427 autem
671 2407 726 2427 non
750 2401 887 2428 erraverit
903 2408 934 2428 os
954 2401 1037 2429 illius.
1052 2412 1061 2429 ι

315 2457 396 2484 Prov.
422 2463 477 2489 xiv,
502 2455 597 2483 28.—-
611 2465 621 2482 ε
644 2455 673 2483 ln
697 2457 782 2484 multo
804 2457 905 2491 pepulo
921 2461 962 2484 est
977 2457 1063 2492 gloria

279 2503 372 2538 regis:
390 2503 417 2529 in
435 2501 545 2530 defectu
569 2506 660 2530 autem
678 2502 772 2537 populi
787 2507 829 2530 est
841 2502 972 2531 contritio
987 2504 1065 2538 prin-

278 2549 381 2584 cipum.
399 2557 408 2574 ι

312 2594 393 2622 Prov.
421 2602 466 2627 xx,
496 2593 524 2621 8.
544 2602 602 2620 -‹
632 2593 700 2621 Cum
731 2601 780 2622 rex
800 2594 894 2629 justus
917 2590 1062 2624 sederittn

278 2641 387 2669 throno.
407 2647 462 2666 non
478 2640 588 2667 resistet
605 2640 633 2666 in
650 2640 738 2667 oculis
754 2640 814 2675 ejus
829 2640 982 2675 quidquam
998 2648 1061 2668 ma-

278 2686 344 2714 lum.
359 2685 549 2713 Misericordia
563 2689 591 2713 et
607 2686 709 2714 veritas
728 2685 891 2713 custodiunt
914 2693 1018 2722 regem,
1035 2692 1062 2715 et

277 2731 488 2758 circumdabunt
503 2731 530 2758 in
544 2730 653 2766 justitia
671 2731 769 2759 solium
790 2730 860 2766 ejus.
884 2740 893 2757 ι

311 2775 390 2803 Prov.
419 2784 482 2809 xxv,
498 2777 524 2805 5.
540 2792 575 2798 -—
594 2786 604 2803 ε
621 2775 721 2805 Occide
743 2776 843 2812 impios
859 2784 875 2804 a
890 2776 959 2805 facie
975 2777 1058 2813 regis,

1132 194 1178 222 νοῦ
1192 195 1240 230 μὲν
1251 194 1282 221 τὸ
1298 195 1377 230 σῶμα
1387 195 1525 231 διατεμεῖν
1539 196 1568 222 οὐ
1585 196 1706 229 δύναται,
1720 196 1780 224 οὐδὲ
1795 198 1864 233 πρὸς
1888 199 1918 225 τὸ

1133 240 1199 276 ὕψος
1213 241 1314 276 φθάσαι
1338 241 1436 274 ἐκεῖνο,
1452 242 1502 276 τὴν
1516 241 1543 268 δὲ
1558 242 1665 277 πληγὴν
1683 243 1716 277 τῇ
1743 242 1796 278 ῐδεα
1811 243 1916 278 δέχεται

1132 288 1248 322 κορυφῇ,
1269 287 1337 322 πρὸς
1350 287 1395 314 τὸν
1409 287 1590 314 ἁκοντίσαντα
1605 288 1760 320 ἐπανιόντος
1772 288 1818 315 τοῦ
1832 289 1915 316 λίθου·

1131 331 1218 363 οὕτως
1232 332 1279 358 καὶ
1294 333 1308 358 6
1333 331 1499 367 βλασφημῶν
1517 333 1557 363 εἰς
1570 332 1618 365 τὴν
1640 333 1779 367 μακαρίαν
1791 334 1837 360 τοῦ
1849 335 1916 361 Θεοῦ

1130 377 1235 409 οὐσίαν,
1249 377 1355 412 ἐκείνην
1372 378 1402 404 οὐ
1417 377 1591 413 παραὸλάψει
1607 378 1682 409 ποτὲ,
1702 378 1791 413 πολλῷ
1807 380 1916 414 μείζονα

1131 421 1214 450 οὖσαν
1235 423 1281 450 καὶ
1305 423 1490 458 ὑψηλοτέραν·
1509 424 1579 450 κατὰ
1594 423 1623 450 δὲ
1639 424 1688 458 τῆς
1712 424 1810 451 ἑαυτοῦ
1829 425 1916 460 ψυχῆς

1129 468 1160 494 τὸ
1179 468 1254 503 ξίφος
1267 469 1361 504 ἁκονᾷ,
1374 469 1509 504 ἀγνώμων
1525 469 1589 504 περὶ
1610 469 1656 496 τὸν
1673 469 1820 505 εὔεργέτην
1840 471 1916 504 γενό-

1132 522 1220 548 μενος.

1129 665 1221 692 ΤΙΤΛ.
1238 664 1277 691 8'.
1293 679 1326 685 —-
1341 664 1411 698 Περὶ
1425 664 1580 734 βασίἐᾷως
1602 665 1737 700 ,ωηο-τοῦ
1762 665 1812 692 καὶ
1829 673 1915 699 μισο-

1447 707 1486 726 πο
1544 708 1590 727 ου.

1447 707 1590 727 πονηρου.

1166 755 1382 791 ιΑὺξηοήσεται
1412 757 1429 791 ἡ
1460 755 1582 791 βασιλεία
1609 756 1704 789 αὐτοῦ,
1732 756 1820 783 ἔδεται
1849 756 1912 791 ἔθνη

1128 800 1233 837 ἐχθρῶν
1254 801 1349 833 αὐτοῦ,
1373 801 1419 828 καὶ
1441 801 1476 827 τὰ
1490 801 1564 837 πάχη
1584 801 1673 827 αὐτῶν
1688 802 1828 836 ὲκμυελιεῖ
1840 821 1847 833 ,
1866 802 1913 828 καὶ

1126 846 1187 877 ταῖς
1203 846 1305 883 βολίσιν
1316 847 1398 873 αὑτοῦ
1414 848 1442 873 ὲν
1457 847 1548 878 αὐτοῖς
1561 846 1623 882 ἔθνη
1638 848 1769 882 nepa/nsi.
1785 856 1795 872 ι

1165 943 1175 961 ι
1191 935 1302 970 Κέρατα
1320 935 1506 971 μονοκέρωτος
1520 935 1555 962 τὰ
1570 936 1675 971 κέρατα
1697 935 1796 962 αὐτοῦ’
1816 937 1844 962 ὲν
1863 937 1912 962 αὺ-

1126 981 1182 1010 τοῖς
1198 979 1260 1014 ἔθνη
1278 981 1409 1014 κερατιεῖ.
1423 979 1574 1006 Ψεύσονταί
1590 989 1620 1006 σε
1638 981 1663 1006 oi
1685 980 1777 1015 ἐχθροί
1790 989 1847 1010 σου.
1864 981 1911 1007 καὶ

1127 1025 1160 1051 σὺ
1176 1026 1221 1052 ἐπὶ
1237 1026 1370 1061 τραχήλου
1387 1026 1475 1053 αὐτῶν
1489 1026 1618 1062 ἑπιϐήσῃ.
1639 1035 1648 1051 ι

1164 1126 1173 1142 α
1191 1117 1312 1145 Ἔσωσεν
1331 1117 1344 1142 6
1358 1115 1423 1148 Θεὸς
1436 1116 1482 1143 τὸν
1496 1116 1578 1143 Δαδὶδ
1593 1118 1622 1143 ὲν
1643 1117 1726 1144 πᾶσιν
1741 1114 1781 1148 οἷς
1796 1115 1909 1151 ἐπορεύ-

1126 1161 1170 1198 θη,
1185 1163 1232 1190 καὶ
1244 1161 1278 1198 ἦν
1289 1162 1371 1190 Δασὶδ
1393 1163 1477 1189 ποιῶν
1490 1165 1577 1198 κρῖμα
1595 1163 1642 1190 καὶ
1656 1163 1840 1198 δικαιοσύνην.
1859 1172 1870 1188 ι

1164 1262 1173 1278 α
1192 1249 1260 1278 Εῐπε
1276 1251 1358 1277 Δαδιδ
1371 1260 1377 1268 ·
1396 1251 1482 1285 ’Ἄφες
1496 1251 1577 1278 αὑτὸν
1587 1251 1767 1287 καταρᾶσθαι,
1779 1252 1820 1278 ὅτι
1832 1249 1909 1279 εἶπεν

1124 1297 1199 1333 αὐτῷ
1216 1297 1231 1323 6
1242 1297 1308 1329 Θεός
1319 1305 1326 1312 ο
1343 1297 1375 1323 Et
1387 1305 1444 1329 πως
1458 1297 1522 1323 εἴδοι
1534 1297 1634 1332 Κύριος
1651 1298 1697 1324 ἐπὶ
1711 1298 1761 1332 τὴν
1776 1299 1908 1324 ταπείνω-

1125 1343 1167 1369 σίν
1181 1351 1243 1378 μου,
1260 1343 1307 1369 καὶ
1319 1342 1480 1378 ἐπιστρέψει
1496 1352 1541 1378 μοι
1549 1343 1639 1377 ἀγαθὰ
1650 1343 1709 1370 ἀντὶ
1724 1344 1773 1379 τῆς
1786 1344 1908 1379 κατάρας

1123 1388 1234 1424 ταύτης.
1254 1398 1263 1414 ι

1162 1445 1172 1461 ‹
1190 1435 1245 1462 Καὶ
1262 1435 1360 1470 Σεμεεὶ
1376 1435 1474 1461 ἔπεσεν
1497 1435 1544 1461 ἐπὶ
1567 1435 1713 1470 πρόσωπον
1738 1435 1818 1461 αὐτοῦ
1836 1436 1909 1462 ἐναν-

1123 1479 1178 1506 τίον
1195 1480 1242 1506 τοῦ
1259 1479 1401 1514 βασιλέως,
1418 1480 1466 1507 καὶ
1491 1477 1551 1506 εἶπε
1570 1480 1638 1515 πρὸς
1653 1480 1698 1506 τὸν
1713 1479 1840 1514 βασιλέα·
1863 1481 1909 1515 Μὴ

1123 1524 1271 1558 λογιζέσθω
1294 1525 1309 1550 6
1328 1524 1422 1559 κύριος
1446 1524 1570 1559 ἀνομίαν,
1601 1526 1647 1551 καὶ
1668 1525 1705 1559 μὴ
1727 1526 1847 1560 μνησθῇς
1859 1525 1910 1552 ὅσα

1123 1568 1252 1604 ἠδίκησεν
1280 1569 1293 1596 6
1317 1570 1381 1600 παῖς
1397 1577 1443 1595 σου
1459 1571 1487 1595 ὲν
1503 1571 1536 1604 τῇ
1559 1569 1651 1604 ἡμέρᾳ
1707 1569 1882 1605 ἐξεπορεύετο
1895 1571 1909 1596 6

1123 1614 1217 1649 κύριός
1238 1623 1289 1649 μου
1309 1615 1322 1641 6
1338 1614 1463 1650 βασιλεὺς
1476 1613 1505 1646 ἐξ
1525 1615 1713 1651 Ἰερουσαλὴμ,
1730 1616 1771 1641 ὅτι
1793 1615 1878 1650 ἔγνων
1894 1616 1909 1641 6

1122 1661 1214 1694 δοῦλός
1237 1670 1294 1694 σου,
1314 1662 1354 1688 ὃτι
1365 1663 1498 1697 ἥμαρτον.
1514 1663 1569 1689 Καὶ
1587 1662 1695 1698 ὤμοσεν
1710 1662 1784 1698 αὑτῷ
1798 1663 1811 1689 6
1829 1662 1908 1697 βασι-

1122 1706 1183 1739 λεύς
1193 1715 1200 1722 ⁸
1217 1708 1254 1733 οὺ
1268 1708 1306 1743 μὴ
1321 1708 1470 1743 ἀποθάνῃς.
1485 1717 1493 1733 ι

1160 1763 1169 1779 ι
1190 1753 1286 1789 Κύριε,
1297 1754 1326 1780 ἐν
1338 1755 1371 1789 τῇ
1384 1754 1497 1789 δυνάμει
1512 1763 1559 1780 σου
1570 1754 1787 1790 εὐφρανθήσεται
1801 1755 1815 1780 6
1829 1755 1907 1790 βασι-

1121 1799 1194 1832 λεὺς,
1216 1808 1225 1824 ›
1247 1800 1293 1825 καὶ
1306 1799 1341 1826 τὰ
1352 1799 1443 1826 λοιπά.

1160 1855 1170 1872 ‹
1192 1845 1314 1880 Ἦμέραν
1329 1846 1370 1880 ἐφ’
1382 1846 1488 1881 ἡμέρας
1501 1846 1548 1874 τοῦ
1566 1846 1696 1882 βασιλέως
1717 1846 1872 1885 προσθήσῃ,
1893 1856 1903 1872 ι

1121 1891 1211 1917 καὶτὰ
1224 1891 1313 1918 λοιπά.

1158 1947 1167 1963 ‹
1193 1938 1222 1964 '0
1239 1939 1314 1971 Θεὸς,
1324 1938 1353 1965 τὸ
1370 1938 1457 1973 κρϊμά
1472 1946 1517 1964 σου
1532 1938 1571 1973 τῷ
1584 1938 1688 1973 βασιλεῖ
1699 1939 1753 1973 δὸς,
1764 1940 1810 1966 καὶ
1819 1940 1878 1975 τὴν,
1893 1950 1902 1964 ι

1120 1983 1168 2010 καὶ
1179 1983 1214 2010 τὰ
1228 1984 1322 2011 λοιπά.

1158 2038 1167 2054 α
1184 2029 1257 2064 Τιμὴ
1273 2029 1404 2064 βασιλέως
1417 2030 1507 2065 κρῖσιν
1519 2031 1624 2066 ἀγαπᾷ.
1645 2041 1654 2057 ι

1122 2147 1125 2151 ι
1156 2123 1165 2139 ε
1182 2114 1287 2149 Ὠσπερ
1302 2114 1374 2150 ὁρμὴ
1386 2115 1491 2149 ὕδατος,
1503 2116 1588 2148 οὕτως
1604 2116 1700 2152 καρδία
1711 2116 1757 2143 τοῦ
1770 2117 1903 2151 βασιλέως

1081 2154 1103 2180 D
1117 2158 1146 2184 ἐν
1162 2159 1233 2194 χειρὶ
1245 2159 1323 2186 Θεοῦ.
1343 2169 1352 2185 ι

1156 2224 1165 2240 ι
1183 2215 1326 2250 Βδέλυγμα
1341 2215 1455 2250 βασιλεῖ,
1469 2217 1484 2242 6
1503 2216 1588 2243 ποιῶν
1601 2217 1684 2244 κακά.
1700 2217 1778 2244 Μετὰ
1793 2218 1846 2254 γὰρ
1861 2218 1902 2245 δι-

1118 2260 1264 2295 καιοσύνης
1279 2261 1454 2296 ἐτοιμάζεται
1466 2262 1559 2296 θρόνος
1575 2263 1672 2297 ἀρχῆς.
1693 2263 1782 2290 Δεκτὰ
1795 2264 1902 2299 βασιλεῖ

1116 2306 1192 2342 χείλη
1208 2306 1309 2339 δίκαια,
1325 2307 1419 2341 λόγους
1432 2308 1461 2334 δὲ
1479 2308 1576 2343 ὀρθοὺς
1590 2309 1695 2343 ἀγαπᾷ,
1713 2309 1848 2336 Μανεεῑον
1872 2311 1902 2336 ὲν

1116 2353 1217 2388 χείλεσι
1234 2352 1374 2387 βασιλέως,
1385 2354 1414 2380 ὲν
1426 2353 1455 2380 δὲ
1468 2354 1556 2390 κρίσει
1567 2354 1596 2380 οὺ
1606 2354 1645 2389 μὴ
1659 2354 1782 2390 πλανηθῇ
1797 2355 1828 2381 τὸ
1842 2356 1902 2382 στό-

1117 2407 1155 2434 μα
1171 2399 1263 2427 αὐτοῦ.
1285 2409 1295 2425 ι

1154 2467 1163 2482 ε
1187 2457 1231 2483 'Ev
1246 2456 1334 2492 πολλῷ
1347 2456 1418 2483 ἔθνει
1434 2456 1497 2489 δόξα
1522 2456 1663 2491 βασιλέως,
1683 2457 1712 2484 ὲν
1737 2457 1766 2484 δὲ
1780 2457 1900 2492 ἐκλείψει

1114 2502 1179 2530 λαοῦ
1197 2504 1325 2540 συντριδὴ
1335 2504 1480 2532 δυναστῶν.
1499 2514 1508 2530 ι

1152 2601 1161 2618 ι
1177 2592 1260 2618 Ὅταν
1277 2591 1403 2626 βασιλεὺς
1421 2592 1524 2624 δίκαιος
1543 2592 1645 2628 καθίσῃ
1666 2593 1712 2619 ἐπὶ
1726 2592 1832 2628 θρόνου,
1849 2593 1901 2619 οὐκ

1113 2637 1280 2664 ἐναντιοῦται
1298 2638 1326 2663 ὲν
1337 2637 1484 2672 ὀφθαλμοῖς
1496 2637 1577 2664 αὐτοῦ
1589 2637 1666 2664 οὐδὲν
1676 2637 1902 2673 πονηρόν.¹Ελεη-

1114 2683 1216 2719 μοσύνη
1230 2683 1275 2710 καὶ
1288 2684 1401 2719 ἀλήθεια
1414 2683 1521 2719 φυλακὴ
1536 2683 1652 2718 βασιλεῖ,
1668 2684 1715 2710 καὶ
1730 2683 1903 2718 περικυκλώ-

1114 2737 1204 2765 σουσιν
1219 2731 1246 2756 ὲν
1256 2729 1414 2766 δικαιοσύνῃ
1429 2729 1476 2756 τὸν
1492 2729 1586 2765 θρόνον
1605 2729 1698 2757 αὑτοῦ.
1719 2738 1728 2754 ι

1150 2786 1158 2802 ι
1179 2777 1274 2803 Κτεῖνε
1304 2776 1412 2807 ἀσεϐεῖς
1427 2777 1480 2803 ἀπὸ
1509 2775 1656 2812 προσώπου
1682 2775 1826 2813 βασιλέως,
1855 2776 1904 2802 καὶ
