2074 3115
272 186 340 223 12-35

851 191 881 222 S.
901 187 1059 223 JOANNIS
1079 190 1294 224 DAMASCENI

1834 192 1901 228 1296

271 257 325 276 non
343 249 495 277 secundum
515 248 680 276 charitatem
697 248 835 276 ambulas.
851 248 911 276 Noli
931 249 994 276 cibo
1008 252 1055 275 tuo

1108 257 1152 277 vov
1164 250 1283 278 ἀπόλλυε
1293 250 1364 286 ὑπὲρ
1379 247 1410 277 οὗ
1427 250 1545 286 Χριστὸς
1555 247 1700 277 ἀπέθανεν.
1722 249 1750 276 '0
1762 249 1900 284 διακρινό-

271 296 347 322 illum
363 295 488 330 perdere,
512 301 560 329 pro
580 302 635 330 quo
655 294 785 323 Christus
806 299 931 323 mortuus
950 298 1004 322 est.
1027 294 1056 321 Si

269 341 334 375 quis
346 339 492 373 discernit,
511 340 535 368 si
556 341 777 372 manducaverit,
794 340 942 368 damnatus
953 344 1008 368 est.
1026 349 1036 365 ι

306 384 361 413 Tit.
384 393 404 419 ι,
431 385 476 413 15.
500 400 535 405 --
552 385 672 414 «Omnia
697 386 797 414 munda
816 385 928 413 mundis
948 393 956 412 :
978 384 1056 413 coin-

266 431 394 467 quinatis
415 435 507 459 autent
527 435 555 460 et
574 431 731 460 infidelibus
752 431 822 459 nihil
839 435 882 459 est
901 430 1055 464 mundum;

266 479 314 506 sed
337 478 487 513 inquinata
507 482 572 506 sunt
592 485 700 514 eorum,
715 481 744 506 et
758 485 848 510 mens,
867 482 894 506 ct
910 477 1057 505 conscien-

267 531 315 553 |la.
342 534 351 550 Ι

551 570 710 598 LITTERA
738 571 774 597 Γ.

270 616 337 644 TIT.
357 617 378 644 Ι.
392 633 425 638 --
439 617 477 644 De
497 618 626 652 gnosticis
640 617 719 649 veris,
735 621 761 644 et
776 615 963 650 spiritualibua
975 615 1056 643 uiris:

370 658 393 679 et
410 657 473 688 quot
490 656 642 687 quantaque
657 653 725 679 bona
739 659 784 679 eos
797 656 950 686 aequentur.

303 699 382 726 Prov.
404 707 431 730 χ,
449 699 495 726 2i.
514 713 547 717 —
575 707 584 724 ι
608 697 692 726 Labia
711 697 852 733 iustorum
877 701 981 725 norunt
1008 704 1056 725 su-

271 744 376 776 blimia.
397 754 407 770 ι
752 751 755 755 ’

307 790 321 817 I
342 790 406 818 Cor.
429 798 459 823 ιι,
487 790 532 818 15.
548 806 583 811 —-
598 799 608 816 ι
625 789 785 825 Spiritualis
801 789 910 825 judicat
934 789 1029 817 omnia
1047 798 1054 817 :

270 837 330 872 ipse
340 841 432 864 autem
449 843 464 863 a
477 836 744 871 neminejudicatur.
766 845 775 862 ι

305 883 395 911 Galat.
411 891 439 916 v,
455 883 499 916 16,
511 882 605 910 21——
619 891 629 909 ι
647 882 754 917 Spiritu
774 881 922 916 ambulate,
941 883 1057 921 etkdesi-

1109 306 1188 333 μενος
1201 298 1250 325 ἐὰν
1263 298 1348 334 φάγῃ,
1363 297 1574 333 κατακέκριται.
1593 306 1601 323 ι

1146 397 1155 414 ι
1176 387 1268 415 Πάντα
1283 386 1394 422 καθαρὰ
1405 387 1462 419 τοῖς
1479 386 1620 422 καθαροῖς,
1632 387 1688 418 τοῖς
1698 386 1726 412 δὲ
1743 386 1898 421 μεμιασμέ-

1107 442 1163 466 νοις
1178 434 1227 460 καὶ
1259 433 1386 465 ἀπίστοις
1408 433 1485 460 οὐδὲν
1500 433 1639 468 καθαρόν⁹
1662 431 1731 460 ἀλλὰ
1751 432 1899 468 μεμίανται

1108 479 1199 506 αὐτῶν
1210 479 1258 506 καὶ
1271 480 1285 506 ὁ
1299 478 1372 512 νοῦς,
1390 480 1438 506 καὶ
1452 478 1469 514 ἡ
1485 479 1648 514 συνείδησις.
1667 488 1677 504 ε

1370 567 1394 593 Σ
1398 567 1522 594 TOIXEI
1523 566 1572 593 ON
1588 565 1624 594 Γ.

1107 613 1198 640 ΤΙΤΛ.
1218 612 1303 640 Δ¹.--
1318 612 1389 647 Περὶ
1408 611 1600 647 τνωστικῶνη
1613 610 1663 638 καί
1689 611 1898 647 πνευματικῶν

1177 647 1310 682 ἀνδρῶν·
1327 645 1376 674 κά)
1388 645 1446 674 dira
1464 647 1561 682 ἀταθά
1585 646 1690 680 ἕψεται
1703 645 1816 679 αὐτοῖς.

1145 702 1155 719 ι
1175 693 1260 727 Χείλη
1276 692 1389 719 δικαίων
1402 691 1550 718 ἐπίσταται
1562 690 1662 726 ὑψηλά.
1676 699 1686 716 ι

1145 791 1154 808 ι
1174 782 1204 810 '0
1214 782 1400 817 πνευματικὸς
1415 781 1559 817 ἅνθρωπος
1581 781 1722 818 ἀνακρίνει
1737 780 1772 808 τὰ
1788 780 1894 808 πάνταο

1106 827 1188 860 αὐτὸς
1202 827 1230 854 δὲ
1247 827 1293 854 ὑπ’
1305 826 1413 859 οὐδενὸς
1422 827 1608 863 ἀνακρίνεται.
1633 835 1643 853 ι

1144 882 1154 898 ι
1175 872 1255 906 Λέγω
1271 873 1352 907 ὑμῖν·
1373 871 1509 907 πνεύματι
1532 872 1720 907 περιπατεῖτε,
1735 871 1783 898 καὶ
1797 871 1893 898 ἑπιθυ-

268 929 344 957 deria
359 929 452 956 carnis
464 936 499 956 ne
515 928 676 964 perﬂeiatis.
700 928 775 956 Caro
793 928 867 956 enim
885 917 1057 964 concupiscit

1109 919 1175 954 μίαν
1203 918 1305 954 σαρκδς
1333 917 1370 954 μὴ
1396 918 1535 954 τελέσητε.
1556 917 1588 944 Ἦ
1609 918 1663 954 γὰρ
1676 917 1744 952 σὰρξ
1764 917 1894 952 ἐπιθυμεῖ

269 977 404 1004 adversus
417 977 556 1011 spiritum,
575 980 602 1003 et
620 976 736 1011 spiritus
757 976 893 1004 adversus
914 984 1027 1005 carnem
1049 986 1057 1005 :

269 1022 328 1050 haec
353 1026 443 1049 autem
468 1021 520 1049 sibi
535 1021 604 1056 ipsis
618 1021 811 1049 adversantur.
830 1021 950 1050 Fructus
967 1026 1057 1050 autem

270 1068 385 1104 spiritus
396 1073 448 1101 est,
465 1067 600 1101 charitas,
616 1067 757 1103 gaudium,
771 1075 836 1104 pax,
852 1068 1056 1104 longanimitas,

270 1115 436 1151 benignitas,
458 1114 545 1154 ﬁdes,
566 1114 679 1147 lenitas,
705 1114 891 1143 continentia.
918 1115 1058 1144 Adversus

269 1161 407 1196 eiusmodi
423 1168 477 1188 non
493 1165 535 1189 est
550 1161 603 1188 lex.
623 1169 632 1187 ι

307 1206 336 1234 Il
355 1206 431 1235 Patr.
451 1215 471 1239 ι,
485 1206 557 1234 9.-
574 1216 583 1233 ι
601 1206 653 1235 Cui
676 1213 732 1235 non
752 1211 855 1243 praesto
865 1212 907 1236 est
927 1207 1061 1243 scientia,
1071 1208 1078 1213 '

270 1261 359 1281 caecus
386 1257 438 1286 est,
469 1260 552 1281 manu
577 1256 697 1287 tentans,
727 1253 867 1289 accipiens
891 1254 1057 1284 oblivionem

271 1299 443 1336 purgationis
457 1303 642 1334 peccatorum.
665 1308 674 1326 I

306 1345 320 1372 1
340 1345 402 1374 Cor.
417 1353 476 1379 νιιι,
494 1346 520 1373 Ι.
535 1360 570 1365 -
592 1354 602 1371 ι
623 1344 745 1373 Scientia
762 1345 849 1374 inﬂat.
872 1357 881 1373 ι

304 1389 388 1418 Joan.
406 1398 448 1423 ιιι.
463 1390 490 1423 6,
508 1391 583 1420 8.-
596 1400 606 1417 ι
625 1390 705 1424 Quod
727 1395 823 1420 natum
847 1396 890 1421 est
909 1400 942 1421 ex
962 1400 1056 1426 carne,

270 1444 337 1464 raro
347 1441 388 1465 est
398 1445 405 1464 :
415 1440 442 1464 'et
454 1436 528 1472 quod
542 1441 636 1464 natum
649 1441 692 1465 est
703 1444 736 1465 ex
749 1438 861 1473 spiritu,
875 1439 989 1474 spiritus
1003 1444 1057 1468 est.

271 1481 393 1517 Spiritus
414 1482 460 1509 uhi
485 1482 544 1510 vult
565 1482 660 1517 spirat,
683 1486 710 1511 et
730 1491 824 1512 vocem
844 1484 905 1520 eius
925 1485 1014 1518 audis,
1031 1491 1058 1514 et

270 1526 364 1554 nescis
384 1526 455 1554 unde
469 1527 573 1560 veniat,
590 1530 639 1555 aut
659 1535 715 1564 quo
729 1528 822 1557 vadat.
840 1528 887 1558 Sic
906 1535 947 1558 est
967 1531 1057 1558 cumis

270 1571 318 1605 qui
336 1578 418 1599 natus
433 1576 475 1599 est.
491 1578 524 1599 ex
541 1571 650 1607 spiritu.
673 1581 682 1598 ι
850 1606 861 1611 Χ
1069 1589 1093 1619 c

308 1616 379 1644 Naz.
398 1622 467 1644 ornt.
483 1617 510 1644 in
525 1606 605 1652 Gorg.
619 1624 676 1644 tor.
695 1631 730 1637 —
748 1606 907 1652 lngenuitas
927 1623 969 1646 est
989 1619 1058 1646 ima-

271 1662 342 1696 ginis
360 1661 460 1689 divinae
482 1661 671 1694 conservatio,
699 1666 782 1698 atque
808 1670 937 1698 expressa
959 1665 1056 1692 arche-

272 1706 328 1742 typi
347 1706 512 1740 similitudo,
523 1714 606 1742 quam
618 1707 690 1736 ratio
703 1712 730 1736 et
744 1709 830 1737 virtus
852 1709 927 1744 facit,
946 1718 1058 1745 purum-

269 1759 325 1787 que
344 1751 524 1785 desiderium,
542 1752 631 1788 magis
654 1758 682 1781 et
704 1754 793 1789 magis
806 1755 957 1783 secundum
972 1755 1057 1783 Deum

270 1797 394 1825 formans
417 1804 465 1826 eos
484 1798 531 1833 qui
556 1797 639 1827 rebus
664 1799 792 1834 supernis
819 1799 928 1828 sincere
956 1800 1057 1828 initiati

268 1847 336 1870 sunt
356 1854 362 1872 :
374 1844 441 1879 quin
454 1844 537 1872 etiam
547 1845 720 1879 exploratum
734 1845 844 1879 habere,
862 1847 944 1879 unde,
958 1851 984 1875 et
996 1847 1057 1882 qui<

271 1897 345 1922 nam,
360 1894 388 1917 et
403 1897 456 1924 qua
472 1889 505 1917 de
519 1897 603 1918 causa
619 1891 691 1926 Jacti
716 1890 814 1920 simus.
831 1908 866 1913 —
878 1892 1058 1921 Praestantior

272 1939 312 1962 est
330 1935 458 1970 cognatio
471 1934 638 1970 spiritualis,
652 1943 735 1971 quam
752 1937 914 1972 corporalis.

305 1978 464 2007 Justini.—
478 1979 523 2008 Utl
545 1980 648 2009 bonum
667 1982 794 2017 corporis
818 1987 861 2010 est
877 1982 995 2017 sanitas,
1016 1984 1057 2012 sic

271 2025 370 2052 animai
386 2025 489 2053 bonum
504 2029 547 2053 est
563 2025 611 2053 Dei
625 2026 759 2062 cognitio,
772 2034 832 2062 quae
845 2028 920 2056 velut
932 2028 1056 2064 quaedam

271 2070 356 2097 animi
373 2071 477 2099 sanitas
488 2075 541 2104 cst,
556 2079 604 2107 per
615 2079 698 2107 quam
715 2072 807 2101 divina
820 2073 972 2102 similitudo
979 2082 1056 2103 com-

271 2121 396 2151 paratur.

307 2162 337 2190 S.
356 2163 499 2200 Chrysost.
519 2179 556 2187 —-
577 2165 754 2202 Spiritualem
776 2167 915 2195 hominem
934 2176 949 2195 a
966 2169 1057 2205 pravi-

271 2213 327 2236 tate
338 2216 400 2237 esse
418 2210 539 2238 alienum
554 2216 675 2247 oportet,
699 2213 909 2250 simplicemque
923 2218 951 2242 et
960 2223 1057 2251 exper-

273 2257 325 2281 tem
341 2254 408 2282 doli.

307 2299 337 2328 S.
365 2300 495 2330 Clemens.
515 2317 549 2322 -—
564 2304 715 2333 Gnosticus
733 2304 844 2341 quidem
864 2306 978 2334 omnino
1002 2311 1057 2340 est,

272 2345 318 2380 qui
334 2352 520 2377 consentanea
547 2350 644 2378 virtuti
663 2358 746 2386 opera
760 2356 903 2388 perpetrat
918 2362 925 2381 :
939 2353 987 2388 qui
1006 2361 1056 2381 au-

271 2397 325 2420 tem
338 2393 407 2421 nihil
425 2394 481 2430 agit
495 2397 598 2432 operis,
613 2396 688 2425 haud
700 2398 794 2427 statim
809 2399 952 2435 gnosticus
968 2405 1021 2428 est.

308 2437 404 2473 Ejusd.
420 2439 467 2468 lib.
484 2449 503 2468 ll
521 2441 652 2470 Stromat.
671 2460 706 2465 -—
721 2443 816 2472 Trium
837 2444 952 2472 istarum
966 2452 1057 2474 rerum

271 2485 453 2521 philosophus
469 2492 563 2517 noster
576 2490 719 2519 studiosus
730 2495 774 2519 est
790 2501 797 2518 :
813 2493 933 2527 primum
945 2493 1056 2528 quidem

270 2531 529 2566 contemplationis;
554 2534 653 2563 deinde
672 2543 737 2564 vero
751 2537 944 2565 mandatorum
961 2538 1058 2567 obser-

270 2576 390 2605 vationis
404 2584 412 2610 ;
428 2578 509 2606 tertio
523 2579 643 2616 denique
657 2582 777 2610 virorum
794 2584 943 2619 proborum
962 2585 1057 2614 erudi-

270 2624 355 2652 tionis
372 2635 378 2652 :
396 2632 457 2660 quae
472 2626 582 2661 quidem
597 2636 660 2656 cum
676 2628 759 2665 399
775 2629 804 2657 in
819 2638 903 2658 unum
919 2632 1059 2661 conﬂuxe-

270 2670 334 2702 rint,
345 2671 498 2705 gnosticum
512 2675 635 2702 numeris
651 2675 781 2703 omnibus
791 2676 944 2705 absolvunt.
961 2678 1056 2712 Quod-

269 2715 335 2743 libet
360 2721 452 2746 autem
479 2719 575 2747 borum
603 2721 735 2753 defuerit,
758 2723 879 2757 cognitio
907 2724 1056 2754 scientiave

269 2760 413 2790 claudicat.
431 2778 466 2784 —
478 2765 528 2799 Qui
545 2766 685 2801 gn‘osticus
697 2772 750 2802 est,
762 2775 776 2795 a
793 2769 913 2804 peccatis
934 2770 1056 2800 abstine-

270 2806 319 2839 bit,
338 2812 393 2834 lllm
411 2817 471 2844 qua:
493 2818 630 2847 sermone,
649 2817 706 2841 tum
724 2821 786 2850 quae
803 2815 982 2852 cogitatione,
999 2823 1055 2848 tum

1109 964 1180 992 κατὰ
1195 964 1243 991 τοῦ
1258 964 1423 999 πνεύματος,
1433 963 1464 991 τὸ
1478 963 1506 990 δὲ
1521 962 1631 999 πνεῦμα
1642 963 1713 990 κατὰ
1727 963 1776 998 τῆς
1783 962 1894 998 σαρκός·

1107 1009 1195 1036 ταῦτα.
1208 1008 1237 1035 δὲ
1251 1008 1376 1044 ἀλλήλοις
1394 1009 1574 1036 ἀντίκεινται.
1587 1009 1617 1034 '0
1632 1008 1738 1044 καρπὸς
1751 1008 1798 1035 τοῦ
1812 1007 1894 1034 πνεύ-

1110 1054 1194 1090 ματός
1209 1055 1293 1088 ἔστιν,
1322 1054 1428 1090 ἀγάπη,
1456 1054 1538 1091 χαρὰ,
1566 1054 1675 1090 είρήνη,
1703 1053 1893 1090 μακροθυμία,

1108 1100 1269 1136 χρηστότης,
1287 1100 1453 1136 ἀγαθοσύνη,
1465 1100 1566 1132 πίστις,
1582 1100 1716 1135 πραότης,
1726 1099 1873 1135 ἐγκράτεια
1884 1107 1892 1115 ’

1108 1145 1180 1173 κατὰ
1187 1145 1241 1172 τῶν
1255 1145 1385 1172 τοιούτων
1400 1145 1450 1172 οὐκ
1466 1144 1524 1172 ἐστι
1539 1144 1632 1180 νόμος.
1653 1154 1662 1171 ι

1148 1200 1158 1218 ι
1175 1188 1211 1226 ’ᾯ
1220 1191 1257 1227 μὴ
1270 1191 1387 1227 πάρεστι
1398 1190 1509 1225 γνῶσις,
1522 1190 1624 1225 τυφλός
1636 1190 1710 1222 ἔστι,
1728 1189 1892 1225 μυωπάζων.

1108 1237 1192 1273 λήθην
1207 1237 1296 1264 λαθὼν
1311 1236 1358 1264 τοῦ
1375 1236 1551 1273 καθαρισμοῦ
1560 1236 1615 1263 τῶν
1629 1235 1712 1263 πάλαι
1725 1235 1893 1272 ἁμαρτημά-

1107 1292 1172 1310 των.
1192 1292 1201 1309 ι
1222 1286 1228 1293 “

1146 1338 1155 1354 ι
1182 1329 1212 1355 Ἦ
1228 1329 1329 1363 γνῶσις
1349 1330 1451 1364 φυσιοῖ.
1472 1338 1482 1356 r

1147 1383 1156 1400 (
1179 1374 1216 1400 Τὸ
1228 1374 1426 1410 γεγεννημένον
1438 1375 1470 1401 ὲκ
1485 1374 1534 1410 τῆς
1550 1374 1663 1410 σαρκὸς,
1676 1373 1746 1410 σάρξ
1759 1374 1818 1401 ἐστι
1831 1374 1893 1401 ·καὶ

1107 1418 1138 1445 τὸ
1156 1419 1353 1455 γεγεννημένον
1380 1420 1413 1446 ὲκ
1439 1419 1488 1446 τοῦ
1503 1419 1675 1455 πνεύματος,
1694 1419 1805 1454 τινεῦμὰ
1825 1419 1891 1446 ἐστι.

1109 1465 1145 1491 Τὸ
1156 1465 1266 1500 πνεῦμα
1290 1465 1357 1492 ὅπου
1386 1465 1458 1492 θέλει
1487 1467 1558 1498 πνεῖ,
1575 1466 1622 1493 καὶ
1640 1465 1689 1500 τὴν
1707 1465 1799 1501 φωνὴν
1813 1465 1894 1492 αὐτοῦ

1107 1511 1236 1543 ἀκούεις·
1264 1511 1323 1538 ἀλλ’
1355 1511 1406 1538 οὐκ
1434 1509 1508 1544 οἶδας
1532 1511 1615 1538 πόθεν
1651 1511 1772 1547 ῐρχεται,
1798 1512 1815 1546 ἢ
1840 1511 1892 1538 κοῦ

1109 1557 1221 1592 ὑπάγει.
1233 1557 1326 1590 Οὕτως
1342 1557 1403 1585 ἔστι
1418 1558 1492 1590 πᾶςὸ
1507 1557 1705 1593 γεγεννημένος
1714 1558 1746 1585 ὲκ
1759 1557 1805 1585 τοῦ
1815 1557 1895 1584 πνεύ-

1109 1610 1204 1637 ματος.
1225 1611 1234 1629 ι

1144 1648 1288 1682 Εὐγένεια,
1313 1648 1330 1682 ἠ
1356 1648 1405 1684 τῆς
1433 1648 1537 1680 εἰκόνος
1558 1649 1684 1685 τήρησις,
1707 1649 1754 1676 καὶ
1777 1648 1846 1685 πρὸς
1862 1648 1897 1678 αδ

1108 1693 1264 1730 ἀρχέτυπον
1273 1693 1443 1729 ἐξομοίωσις,
1454 1694 1486 1729 ἣν
1499 1694 1644 1730 ἐργάζεται
1655 1694 1735 1730 λόγος
1742 1695 1790 1722 καὶ
1800 1693 1893 1730 ἀρετὴ,

1108 1739 1156 1765 καὶ
1166 1738 1287 1774 καθαρὸς
1305 1739 1397 1772 πόθος,
1413 1739 1457 1766 ἀεὶ
1472 1740 1521 1766 καὶ
1534 1740 1635 1775 μᾶλλον
1649 1740 1762 1776 μορφῶν
1776 1740 1811 1767 τά
1825 1740 1896 1767 κατά

1108 1784 1174 1811 om
1188 1785 1251 1816 τοὺς
1269 1785 1399 1820 γνησίους
1413 1786 1469 1812 τῶν
1481 1786 1538 1814 ἀνω
1559 1786 1682 1821 μύστας”
1699 1786 1747 1814 καὶ
1768 1786 1801 1813 τὸ
1812 1785 1895 1820 γινώ-

1108 1838 1193 1863 σκειν,
1208 1830 1280 1863 ὅθεν,
1296 1832 1345 1858 καὶ
1358 1832 1440 1864 τίνες,
1451 1833 1499 1859 καὶ
1507 1833 1546 1863 είς
1556 1832 1740 1868 δγιγόναμεν.
1751 1848 1786 1853 —
1796 1832 1895 1868 Κρείτ-

1108 1884 1162 1903 των
1178 1877 1195 1912 ἡ
1208 1877 1384 1913 πνευματικὴ
1400 1877 1546 1912 συγγένεια
1558 1878 1609 1913 τῆς
1623 1877 1796 1913 σωματικῆς.

1148 2006 1192 2038 Ὠς
1220 2006 1249 2033 δὲ
1283 2007 1408 2042 σώματος
1437 2006 1542 2041 ἀγαθὸν
1571 2007 1651 2042 ὑγεία
1665 2025 1673 2039 .
1692 2007 1779 2040 οὕτως
1805 2007 1895 2044 ψυχῆς

1107 2052 1221 2087 ἀγαθὸν,
1231 2053 1332 2087 γνῶσις
1343 2052 1424 2085 Θεοῦ.
1440 2052 1519 2087 ὑγεία
1528 2061 1570 2086 τις
1584 2053 1653 2081 οὖσα
1664 2053 1765 2089 ψυχῆς,
1784 2053 1845 2081 καθ’
1861 2055 1894 2089 ῆν

1107 2099 1174 2134 πρὸς
1189 2098 1256 2126 Θεὸν
1269 2098 1400 2134 ὁμοίωσις
1415 2098 1531 2134 γίνεται.

1143 2185 1195 2213 Τδν
1205 2186 1390 2222 πνευματικὸν
1404 2185 1540 2223 ἀπόνηρον
1554 2183 1624 2214 εῖναι
1638 2187 1702 2223 χρὴ,
1716 2187 1765 2214 καὶ
1781 2187 1894 2219 ἁπλοῦν,

1071 2259 1096 2288 D
1109 2231 1157 2259 καὶ
1170 2231 1273 2260 ἄδολον.

1150 2320 1178 2348 '0
1205 2320 1255 2356 μὲν
1285 2321 1446 2355 γνωστικδς,
1475 2321 1584 2352 πάντως
1614 2320 1663 2347 καὶ
1686 2320 1755 2356 ἔργα
1778 2319 1897 2346 imula!

1109 2364 1284 2400 καθήκονταο
1298 2367 1312 2393 ό
1328 2367 1357 2393 δὲ
1375 2366 1410 2393 τὰ
1423 2366 1492 2402 ἔργα.
1507 2366 1546 2402 μὴ
1572 2365 1716 2398 ἐπιτελῶν,
1735 2364 1765 2392 οὗ
1786 2365 1896 2396 πάντως

1109 2411 1158 2438 καὶ
1168 2413 1318 2446 γνωστικός
1330 2413 1398 2439 ἐστι.

1144 2456 1234 2492 Τριῶν
1247 2457 1351 2484 τούτων
1372 2457 1514 2494 ἀντέχεται
1529 2458 1545 2484 ὁ
1565 2456 1707 2493 ἠμεδαπδς
1729 2455 1873 2492 φιλόσοφος
1890 2465 1897 2472 ·

1107 2502 1215 2538 πρῶτον
1233 2503 1283 2538 μὲν
1296 2503 1345 2538 τῆς
1365 2503 1493 2539 Θεωρίας,
1518 2503 1614 2542 ἔπειτα
1628 2503 1657 2530 δὲ
1675 2503 1726 2538 τῆς
1750 2502 1805 2529 τῶν
1823 2503 1898 2529 ἔντο-

1106 2547 1161 2575 λῶν
1194 2548 1386 2582 επιτελέσεως,
1417 2548 1520 2585 τρίτον,
1549 2547 1655 2584 ἀνδρῶν
1681 2547 1792 2583 ἀγαθῶν
1815 2555 1894 2574 κατι

1106 2592 1225 2628 σκευῆς·
1240 2592 1258 2620 ἀ
1277 2592 1309 2629 δὴ
1325 2593 1500 2626 συνελθόντα,
1518 2588 1568 2621 τὸν
1585 2592 1738 2628 γνωστικδν
1756 2591 1896 2619 ἀποτελεῖ,

1107 2639 1142 2666 '0
1154 2647 1180 2666 τι
1195 2638 1218 2665 δ’
1235 2639 1269 2666 ἂν
1282 2639 1360 2675 ἐνδέῃ
1375 2639 1489 2671 τούτων,
1504 2639 1618 2675 χωλεύει
1640 2639 1675 2666 τὰ
1691 2639 1741 2675 τῆς
1760 2638 1898 2674 γνώσεως.

1115 2683 1144 2711 '0
1161 2684 1311 2719 γνωστικδς
1332 2685 1462 2720 ἀφέξεται
1489 2685 1544 2712 τῶν
1572 2685 1643 2712 κατά
1664 2685 1753 2720 λόγον,
1773 2683 1820 2711 καὶ
1843 2682 1899 2709 τῶν

1109 2732 1181 2759 κατά
1193 2732 1324 2765 διάνοιαν,
1341 2732 1389 2760 καὶ
1401 2732 1457 2760 τῶν
1472 2732 1532 2760 κατ’
1542 2732 1669 2767 αἴσθησιν
1693 2731 1740 2759 καὶ
1757 2730 1899 2765 ἐνέργειαν

1110 2778 1328 2815 ἁμαρτημάτων.
1341 2793 1375 2799 -—
1388 2778 1457 2812 Θεοῦ
1481 2779 1582 2814 γνῶσιν
1597 2778 1689 2806 λαϐεῖν
1704 2778 1762 2809 τοῖς
1787 2776 1828 2803 ἔτι
1845 2775 1899 2802 ὑπὸ

1109 2823 1164 2850 τῶν
1180 2823 1273 2852 παθῶν
1290 2824 1477 2860 ἀπαγομένοις
1489 2824 1631 2852 ἀδύνατον.

268 2858 428 2908 Si???“
447 2861 473 2908 εί
491 2865 573 2892 Opere
585 2864 793 2895 perpetrantur.
812 2875 845 2883 —
863 2862 910 2891 Dei
930 2866 1114 2906 cognitionem
1137 2869 1155 2897 ii
1171 2877 1269 2905 capere
1298 2858 1448 2906 nequeunt,
1459 2871 1505 2907 qui
1523 2878 1539 2899 a
1554 2870 1671 2900 turbidis
1681 2868 1784 2908 ~animi
1815 2865 1900 2894 moti-

267 2896 320 2926 bus
335 2900 518 2931 abducuntur.
