2074 3115
208 129 277 165 129⁸1

213 230 377 263 Ἀπόστολος
387 251 395 264 ,
407 229 453 257 τδν
476 227 524 255 τοῦ
536 226 616 261 ἁγίου
642 224 802 261 Πνεύματος
824 223 958 260 μαθητήν.
969 236 1004 243 -

213 279 243 306 ⁸0
260 276 412 313 γνωστικδς
438 274 538 312 θεόθεν.
555 271 648 299 λαϐὼν
674 271 705 298 τδ
719 270 852 298 δύνασθαι
872 268 1003 304 ὠφελεῖν,

207 325 339 360 ὀνίνησιν,
350 323 415 355 τοὺς
435 321 486 358 μὶν
499 321 534 357 τῇ
552 318 790 355 παρακολουθήσει
812 315 1002 353 σχηματίζων,

207 371 271 402 τοὺς
285 369 313 396 δὲ
327 370 361 405 τῇ
378 366 540 403 ἐξομοιώσει
565 365 801 401 προτρεπόμενος,
826 363 890 395 τοὺς
908 361 937 389 δὲ
955 362 1003 388 καὶ

206 418 240 453 τῇ
258 414 406 453 προστάξει
421 412 559 442 παιδεύων
573 412 622 440 καὶ
634 410 778 439 διδάσκων.

241 503 298 530 Καί
319 511 365 538 μοι
390 501 591 536 καταφαίνεται
606 499 672 536 τρία
686 496 758 526 εῖναι
776 497 826 534 τῆς
846 495 1002 532 γνωστικῆς

205 549 350 584 δυνάμεως
360 547 570 581 ἀποτελέσματα
578 553 586 561 ⁸
595 545 627 573 τὸ
636 544 781 580 γινώσκειν
792 543 827 571 τὰ
838 542 999 579 πράγματα·

204 594 343 629 δεύτερον,
368 593 399 620 τὸ
414 592 568 620 ἐπιτελεῖν·
587 592 691 627 τρίτον,
711 591 742 618 τὺ
762 589 939 627 παραδιδόναι
956 588 1001 615 δύ-

205 640 304 668 νασθαι
317 638 479 675 θεοπρεπῶς
496 638 531 665 τὰ
546 637 624 673 παρὰ
638 638 672 673 τῇ
682 635 798 672 ἀληθείᾳ
808 633 999 671 κεκρυμμένα.

204 700 241 706 -
259 685 368 721 Ὠσπερ
393 685 449 712 πᾶν
475 684 490 711 ὃ
519 683 657 719 βούλεται,
681 681 823 709 δύναταιό
836 680 912 714 Θεὸς,
928 678 1001 707 οὕτω

205 733 260 759 πᾶν
279 732 293 759 ὃ
302 731 336 759 ἂν
350 731 451 767 αἰτήσῃ
462 731 477 758 ὀ
488 729 652 766 γνωστικος,
676 727 822 763 λαμϐάνει.
832 741 868 747 -
882 725 1000 752 Ἔπεται

204 779 238 814 τῇ
258 777 359 812 γνώσει
376 776 411 805 τὰ
435 776 515 812 ἔργα,
540 776 578 809 ὡς
606 774 644 811 τῷ
656 773 765 809 σώματι
780 773 797 808 ἡ
817 772 892 799 σκιά.
912 786 947 791 --
961 770 998 797 Οὐ

433 803 458 850 ὁ.
474 803 637 858 ’γνωστικός
677 803 761 847 ποτε-
787 803 817 846 ὀὺ
852 817 1001 854 χαλεπανεῖ
1015 803 1037 832 Β

203 871 305 904 οὐδενὶ,
316 871 370 898 κᾶν
384 869 481 906 μίσους
508 869 573 903 ἄξια
601 867 735 904 τυγχάνῃ,
748 867 792 901 ἐφ·
810 863 852 897 οἷς
863 863 999 900 διαπράτ-

203 926 290 944 τεται.
304 917 383 943 Σέσει
399 915 450 951 μὲν
459 914 514 952 γὰρ
526 914 574 942 τὸν
582 913 714 949 Ποιητὴν,
731 912 828 947 ἀγαπᾷ
841 911 870 938 δὲ
883 909 928 938 τδν
943 918 1000 937 κοι-

204 962 318 989 νωνικὸν
331 961 379 988 τοῦ
395 960 468 996 βίου,
484 959 628 994 οίκτείρων
640 958 689 986 καὶ
710 956 931 992 ὑπερευχόμενος
947 954 999 982 αὖ·

203 1008 251 1035 τοῦ
263 1007 307 1034 διὰ
320 1007 371 1043 τὴν
399 1006 511 1041 ἄγνοιαν
534 1004 627 1032 αὑτοῦ.
642 1019 676 1025 -
689 1003 741 1031 Τὸν
765 1001 916 1038 γνωστικδν
928 1000 999 1028 οὐδέ-

204 1065 270 1084 πῖτε
286 1056 317 1084 τὺ
332 1056 458 1083 πλουτεῖν
471 1055 568 1091 γήθειν
598 1054 680 1087 ποιεί,
695 1053 758 1080 οὐδὲ
773 1052 828 1080 τῶν
847 1051 999 1088 χρημάτων

204 1103 331 1138 ἀπορεῖν,
347 1102 387 1134 εἰς
402 1100 569 1129 ταπείνωσιν
593 1099 666 1134 ἄγει,
693 1099 744 1135 τῆς
761 1099 862 1134 ἀρετῆς
884 1097 931 1124 καὶ
953 1104 998 1124 σο-

204 1150 270 1184 φίας
284 1148 367 1175 αὑτὸν
379 1146 584 1184 ὑπερυιψοὺσης,
599 1145 646 1172 καὶ
669 1144 797 1180 ὑπεράνω
813 1142 905 1170 αὐτῶν
919 1142 998 1170 ἵστα-

206 1195 269 1222 σθαι
283 1193 559 1230 παρασκευαζούσης.
573 1192 612 1224 ὼς
620 1191 665 1219 διὰ
675 1190 879 1228 μεγαλοψυχίαν
891 1188 998 1217 ιναδια-

205 1241 300 1276 φορεῖν
315 1242 372 1273 τοῖς
381 1240 458 1276 ἡδέσι
474 1240 521 1269 καὶ
536 1238 641 1276 ἀηδίσι.

205 1348 297 1375 τΙΤΛ.
311 1348 350 1376 B'.
364 1363 401 1370 -—
412 1348 481 1383 Περι
494 1347 560 1380 τοῦ,
579 1356 588 1374 ι
612 1346 709 1383 Γνῶθι
726 1346 870 1383 σεαντρν,
891 1355 900 1372 ι
918 1345 997 1383 ἦτοι,

245 1392 255 1408 ι
267 1384 402 1418 Πρόσεχε
422 1381 556 1416 σὲαυτῷ·
573 1392 584 1410 ι
607 1383 656 1410 καί
674 1382 729 1418 ὅτιλ
742 1381 800 1418 χρὴ
817 1381 949 1418 ἕκαστον
961 1381 998 1408 τὰ

241 1416 334 1454 me;
350 1416 559 1453 δέἑρισκοπεῒν,
574 1418 624 1445 καὶ
635 1417 678 1454 μὴ
699 1416 737 1445 τὰ
755 1417 904 1451 ἀλλότρια
918 1422 998 1450 περι-

239 1462 271 1488 ερ
275 1452 411 1489 τάζεσθαι
416 1474 423 1481 .

241 1510 362 1546 Πρόσεχε
391 1510 509 1546 σεαυτῷ,
533 1510 580 1537 καὶ
611 1509 729 1545 φύλαξον
753 1509 803 1544 τὴν
833 1508 923 1544 ψυχήν
949 1515 996 1534 σου

206 1557 322 1592 σφόδρα,
343 1557 382 1592 μὴ
397 1556 517 1592 ὲπιλάθῃ
530 1556 637 1587 πάντας
648 1555 710 1588 τοὺς
720 1555 828 1590 λόγους,
844 1554 891 1587 οὓς
909 1554 998 1589 ιωρά-

205 1609 286 1628 κασιν
305 1601 330 1628 οἱ
344 1600 479 1637 ὀφθαλμοί
511 1610 559 1629 σου
572 1609 579 1617 ·
607 1600 654 1628 καὶ
672 1599 710 1636 μὴ
732 1600 931 1636 άποστήτωσαν
944 1599 998 1627 ἀπὸ

204 1646 255 1681 τῆς
272 1646 387 1683 καρδίας
401 1655 458 1674 σου.
475 1656 485 1673 ι

242 1702 252 1719 ι
269 1694 301 1720 Οἱ
316 1693 422 1721 ἑαυτῶν
438 1693 638 1728 ἐπιγνώμονες,
655 1692 744 1727 σοφοί.
764 1701 774 1719 ι

241 1790 251 1807 ι
272 1781 456 1818 Συντήρησον,
472 1782 520 1809 καὶ
531 1781 649 1817 πρόσεχε
663 1780 796 1818 σφοδρῶς,
807 1780 849 1808 ὅτι
862 1780 932 1817 μετὰ
946 1780 996 1816 τῆς

203 1827 337 1860 πτώσεώς
353 1836 399 1855 σου
415 1829 588 1863 περιπατεῖς.
604 1836 614 1854 ι

241 1883 251 1900 ε
275 1874 320 1901 Ἐν
334 1874 404 1910 φίλῳ
418 1874 467 1902 καὶ
478 1873 568 1910 ἐχθρῷ
583 1874 621 1910 μὴ
634 1873 729 1910 διηγοῦ
743 1873 828 1909 βίους,
843 1873 902 1900 ἀλλ’
919 1872 994 1900 ἐπαί-

203 1928 276 1952 νους.
299 1920 354 1947 Καὶ
368 1920 396 1947 εί
411 1919 453 1948 σοί
474 1921 549 1948 ἐστιν
565 1920 700 1956 ἁμαρτία,
717 1919 756 1956 μὴ
778 1919 965 1947 ἁποκάλυπτε.
983 1928 992 1945 ι

242 2020 250 2035 ι
266 2009 299 2036 Τί
308 2009 419 2046 βλέπεις
428 2010 458 2037 τὸ
467 2009 572 2046 κάρφος
581 2009 610 2037 ἐν
627 2009 665 2045 τῷ
675 2009 806 2046 ὀφθαλμῷ
818 2008 865 2036 τοῦ
878 2008 993 2044 ἀδελφοῦ

206 2064 267 2090 σου,
282 2056 332 2093 τὴν
345 2056 374 2083 δὲ
393 2056 424 2083 ὲν
437 2055 476 2092 τῷ
488 2055 527 2092 σῷ
540 2055 675 2092 ὀφθαλμῷ
697 2055 776 2083 δοκὸν
787 2055 817 2083 οὒ
832 2054 993 2088 κατανοεῖςς

201 2103 219 2138 ἢ
237 2103 293 2135 πῶς
309 2104 382 2139 ἐρεῖς
395 2101 434 2138 τῷ
446 2101 554 2138 ἀδελφῷ
568 2111 626 2135 σου,
644 2102 740 2138 Ἄφες,
759 2101 858 2130 ἔκϐαλε
873 2102 904 2129 τὸ
925 2100 994 2137 κάρ-

813 122 935 154 SACRA
953 119 1186 152 PARALLELA.

244 183 435 221 Πνευματικδν
461 181 509 211 καὶ
538 179 703 216 γνωστικδν,
734 178 781 205 τὸν
805 173 888 206 αὑτὸν
902 174 998 203 οἵδενέ

1099 173 1170 201 Ibid.
1188 172 1236 200 lib.
1254 179 1281 199 ν.
1296 185 1330 192 -—
1348 169 1523 206 Spiritualem
1544 173 1571 197 et
1584 168 1740 202 gnosticum
1771 175 1843 195 euut-

1781 110 1849 144 1293

1055 223 1118 250 dem
1134 217 1304 258 {Apostolus}
1319 216 1455 253 agnoscit,
1467 223 1531 244 eum
1548 222 1647 251 nempe
1663 214 1709 250 qui
1730 213 1850 248 Spiritus

1056 267 1148 296 sancti
1160 265 1315 299 discipulus
1330 266 1382 292 est.
1397 278 1433 284 —
1447 261 1605 294 Gnosticus,
1625 268 1688 288 cum
1705 259 1730 287 id
1749 258 1850 287 divini—

1055 318 1099 342 tus
1114 313 1282 340 consecutus
1305 312 1359 342 est,
1383 312 1414 336 ut
1440 307 1573 344 prodesse
1597 306 1695 342 possit,
1719 305 1753 332 ad
1776 305 1848 333 hunc

1055 359 1166 386 modum
1178 357 1267 392 juvat,
1279 359 1309 383 ut
1325 354 1395 382 alios
1414 361 1463 390 per
1476 352 1689 381 assectationem
1704 350 1848 383 informet,

1054 412 1103 440 per
1125 403 1308 431 imitationem
1335 401 1406 428 alios
1430 399 1606 432 cohortetur,
1633 397 1702 426 alios
1727 396 1848 432 denique

1053 448 1241 487 praecipiendo
1259 447 1369 475 erudiat
1383 451 1411 474 et
1428 445 1537 473 doceat.

1088 495 1160 522 Ibid.
1186 493 1232 520 lib.
1249 500 1298 519 vn.
1315 507 1350 512 —-
1371 490 1437 518 Mihi
1456 496 1568 526 quoque
1582 487 1713 525 gnostica:
1730 487 1846 514 faculta-

1053 542 1089 570 tis
1111 547 1166 569 lres
1178 539 1292 568 ctfectus
1315 537 1448 566 videntur
1463 545 1471 564 :
1488 536 1604 572 primus,
1630 541 1676 563 res
1692 533 1848 570 exploratas

1052 588 1173 620 habere;
1192 585 1346 620 secundus.l
1357 570 1604 619 exsequi;_terti‘us
1614 581 1744 617 denique,
1754 586 1845 615 posse.
1864 570 1884 605 1

1053 593 1173 620 habere;
1192 593 1314 614 secunau
1357 593 1488 619 exscqun;
1505 593 1604 611 tertius
1614 593 1744 617 uemque,
1756 593 1845 615 posse.

1050 635 1128 670 juxta
1154 640 1188 661 ac
1213 593 1400 668 dignums‘beo
1425 634 1480 664 est,
1508 629 1570 657 aliis
1591 635 1624 656 ea
1651 626 1770 659 tradere,
1785 631 1849 661 qua:

1051 680 1123 716 apud
1148 679 1292 708 veritatem
1313 677 1441 705 abstrusa
1461 679 1537 704 sunt.
1556 688 1593 696 --
1608 672 1844 708 Quemadmodum

1052 726 1125 756 Deus
1142 725 1277 763 quidquid
1292 723 1360 757 vult,
1373 725 1465 759 potest
1480 730 1488 749 :
1503 721 1544 749 sic
1558 720 1691 756 quidquid
1702 720 1846 755 gnosticus

1051 773 1173 810 petierit,
1197 771 1309 807 accipit.
1333 785 1367 791 ——
1381 769 1463 797 Yclut
1486 767 1585 796 umbra
1611 773 1720 802 corpus,
1749 772 1844 792 veram

1051 809 1199 849 scientiam
1219 822 1298 846 actus
1323 820 1488 853 sequuntur.
1504 813 1699 848 —-Nunquam
1718 809 1845 839 meminit

1051 866 1192 903 gnosticus
1212 863 1379 900 iniuriarum
1402 864 1575 891 :succenset
1597 859 1712 890 nemini,
1734 856 1843 885 etiamsi

1050 901 1133 949 digna
1152 912 1209 940 sint
1226 911 1291 939 odio
1302 930 1310 944 ,
1323 917 1385 947 quae
1411 911 1486 945 gesta
1506 911 1602 936 contra
1618 913 1648 934 se
1665 904 1776 932 fuerint.
1795 901 1843 930 Et-

1050 960 1124 988 enim
1136 958 1175 987 uti
1200 957 1360 986 Creatorem
1388 955 1465 988 colit,
1486 953 1526 982 sic
1550 953 1614 981 vitae
1635 951 1740 979 socium
1758 951 1842 980 amat,

1049 1013 1169 1041 eumque
1186 1003 1353 1041 ignorantiae
1374 1001 1488 1029 nomine
1503 999 1730 1030 commiseratur,
1746 999 1774 1023 et
1791 1002 1842 1030 pro

1049 1060 1084 1081 eo
1098 1059 1196 1088 preces
1223 1049 1325 1078 fundit.
1343 1062 1379 1069 —
1398 1046 1560 1076 Gnosticum
1579 1050 1718 1080 nunquam
1738 1041 1842 1070 divitiae

1049 1086 1201 1129 delectant,
1217 1102 1269 1123 nec
1291 1101 1374 1129 opum
1393 1091 1507 1128 penuria
1527 1090 1665 1126 abjectum
1686 1095 1719 1115 ac
1739 1086 1840 1115 demis-

1049 1152 1111 1173 sum
1123 1143 1216 1172 reddit
1233 1151 1241 1170 :
1255 1141 1357 1178 quippe
1371 1146 1453 1176 quem
1466 1138 1554 1166 virtus
1561 1140 1589 1165 et
1603 1133 1738 1171 sapientia
1754 1133 1781 1160 in
1798 1132 1839 1159 al-

1049 1197 1108 1220 tum
1121 1192 1223 1224 ferant,
1244 1189 1332 1225 iisque
1352 1187 1544 1217 sublimiorem
1571 1183 1699 1215 reddant,
1722 1181 1790 1209 adeo
1812 1185 1841 1208 ut

1048 1239 1085 1268 ob
1100 1237 1186 1266 animi
1199 1236 1352 1266 celsitatem
1364 1232 1488 1271 jucunda
1506 1237 1635 1268 peraeque
1650 1234 1677 1257 et
1688 1226 1839 1263 injucunda

1049 1285 1160 1313 habeat.

1048 1351 1119 1393 '1‘sz
1131 1350 1164 1378 il.
1177 1348 1261 1376 -De
1289 1348 1338 1376 illo
1365 1346 1496 1409 σῖςιῳηι
1515 1343 1604 1372 Nosce
1619 1341 1743 1382 “ipsum.
1766 1348 1775 1381 ε
1794 1347 1838 1366 seu

1082 1391 1176 1409 ιιιυιηι.
1203 1393 1212 1409 ι
1231 1384 1346 1409 Attende
1361 1387 1380 1409 tt
1401 1392 1408 1409 l
1424 1389 1474 1409 um
1493 1388 1503 1407 :
1521 1389 1531 1406 )
1550 1383 1575 1406 et
1594 1377 1664 1409 quod
1678 1375 1705 1402 ια
1729 1382 1838 1409 quisque

1082 1375 1176 1417 didii,
1203 1375 1346 1411 (Attende
1361 1375 1409 1409 tibi
1424 1375 1475 1416 ipsi
1493 1388 1503 1407 :
1521 1389 1531 1406 )
1550 1383 1575 1406 et
1594 1377 1664 1417 quod
1678 1375 1705 1416 id
1726 1375 1839 1417 guisque

1083 1411 1190 1449 ἓὶίἱᾶέὲε
1215 1419 1318 1451 debeat,
1339 1422 1369 1444 ut
1393 1411 1452 1453 quia
1471 1423 1521 1444 sua
1544 1411 1616 1446 sunt,
1638 1411 1773 1446 inspiciat,
1793 1417 1839 1436 nec

1084 1457 1174 1484 aliena
1190 1454 1356 1490 pervestiget.

1084 1513 1164 1541 Deut.
1178 1511 1251 1545 tv,9.
1268 1520 1323 1537 -ι
1336 1509 1453 1538 Attende
1466 1507 1514 1536 tibi
1535 1506 1598 1542 ipsi,
1611 1510 1638 1533 et
1655 1503 1761 1533 custodi
1778 1502 1838 1530 ani-

1048 1567 1122 1588 mam
1138 1563 1214 1587 tuam
1231 1557 1312 1585 valde
1324 1565 1332 1590 ;
1344 1564 1380 1584 ne
1398 1553 1575 1583 obliviscaris
1593 1550 1717 1579 omnium
1733 1556 1839 1577 sermo-

1048 1614 1113 1634 num
1127 1609 1251 1637 tuorum,
1274 1610 1336 1638 qua:
1350 1601 1479 1630 viderunt
1500 1599 1572 1627 oculi
1594 1597 1632 1626 tui
1650 1607 1656 1625 :
1671 1601 1698 1624 et.
1713 1604 1748 1624 ne
1763 1603 1837 1623 rece-

1050 1652 1116 1681 dant
1131 1651 1166 1679 de
1177 1649 1261 1678 corde
1280 1653 1339 1677 tuo.
1360 1657 1370 1675 ι

1084 1696 1165 1724 Prov.
1181 1702 1241 1728 aut,
1254 1694 1299 1722 10.
1323 1708 1360 1715 -
1385 1702 1395 1719 ε
1410 1691 1462 1726 Qui
1488 1691 1594 1725 seipsos
1610 1693 1721 1722 norunt,
1747 1687 1774 1715 hi
1792 1694 1837 1714 sa-

1046 1743 1156 1779 pientes
1167 1745 1243 1770 sunt.
1263 1750 1272 1767 ι

1082 1788 1169 1816 Eccli.
1192 1791 1254 1820 xm,
1280 1786 1324 1814 l6.
1344 1800 1380 1806 —
1402 1793 1411 1811 ι
1430 1782 1504 1812 Cave
1519 1781 1582 1815 tibi,
1602 1785 1630 1809 et
1643 1779 1756 1809 attende
1771 1778 1836 1806 dili-

1045 1838 1154 1871 genter,
1168 1833 1302 1869 quoniam
1316 1837 1380 1860 cum
1392 1828 1574 1858 subversione
1587 1831 1632 1854 tua
1650 1825 1785 1854 ambulas.
1805 1833 1815 1850 ι

1082 1879 1168 1908 Eccli.
1193 1887 1252 1912 xIx,
1274 1878 1300 1907 8.
1317 1886 1376 1903 —«
1395 1876 1491 1905 Amico
1515 1879 1543 1903 et
1566 1873 1680 1902 inimico
1705 1875 1754 1899 tuo
1779 1870 1835 1898 noli

1046 1933 1162 1955 narrare
1185 1925 1271 1953 vitam
1286 1927 1372 1956 tuam,
1393 1921 1440 1950 sed
1461 1921 1555 1949 laudes
1572 1923 1621 1948 :et
1645 1918 1667 1946 si
1694 1917 1744 1945 tibi
1764 1915 1835 1945 deli-

1045 1978 1120 2001 ctum
1138 1974 1190 2002 est,
1203 1970 1259 1999 noli
1274 1969 1427 1998 denudare.
1446 1977 1456 1995 ν

1083 2017 1179 2046 Matth.
1198 2023 1248 2048 vn,
1267 2015 1294 2048 5,
1313 2014 1341 2042 4.
1365 2029 1399 2036 -
1416 2022 1425 2039 ι
1443 2011 1515 2046 Quid
1542 2011 1619 2040 vides
1644 2010 1778 2037 festucam
1807 2007 1835 2035 in

1046 2063 1127 2091 oculo
1153 2061 1246 2089 fratris
1263 2060 1315 2093 tui,
1332 2063 1361 2088 et
1381 2058 1486 2086 trabem
1507 2064 1567 2092 qua:
1578 2056 1605 2084 in
1619 2055 1701 2084 oculo
1719 2059 1766 2082 tuo
1781 2059 1834 2086 est,

1045 2116 1101 2137 non
1115 2107 1214 2136 vides?
1228 2110 1275 2134 aut
1296 2101 1437 2141 quomodo
1460 2103 1536 2131 dices
1551 2101 1632 2130 fratri
1657 2104 1706 2128 tuo
1724 2108 1731 2127 :
1756 2099 1833 2133 Sine,

202 2159 251 2184 φος
261 2151 294 2177 ἐκ
309 2149 356 2177 τοῦ
372 2149 513 2186 ὀφθαλμοῦ
529 2158 576 2177 σου
587 2157 594 2166 ·
619 2149 665 2176 καὶ
686 2149 741 2176 ἰδοὺ
773 2149 789 2185 ἡ
809 2149 887 2181 δοκὸς
906 2149 935 2176 ὲν
951 2148 991 2184 τῷ

1048 2155 1152 2191 eiiciam
1174 2153 1308 2181 festucam
1333 2150 1371 2180 de
1390 2150 1470 2178 oculo
1498 2153 1557 2182 tuo,
1583 2152 1610 2176 et
1625 2154 1691 2176 ecce
1709 2145 1786 2174 trabs
1805 2145 1834 2172 in

201 2196 333 2232 ὀφθαλμῷ
349 2205 396 2224 σου
409 2206 417 2230 ;
438 2195 600 2232 ’Υποκριτὰ,
614 2195 713 2222 ἔκϐαλε
728 2194 836 2230 πρῶτον
847 2195 895 2231 τὴν
914 2195 993 2222 δοκὸν

201 2242 235 2269 ὲκ
247 2242 294 2269 τοῦ
311 2242 451 2278 ὀφθαλμοῦ
466 2250 525 2275 σου,
543 2242 590 2269 καὶ
609 2240 671 2268 τότε
692 2240 849 2276 διαϐλέψεις
864 2240 992 2268 ὲκὸαλετν

201 2289 231 2316 τὸ
246 2289 350 2325 κάρφος
361 2289 392 2317 τὸ
405 2289 435 2316 ὲν
447 2288 487 2325 τῷ
502 2287 636 2324 ὀφθαλμῷ
650 2287 698 2314 τοῦ
716 2286 832 2323 ἀδελφοῦ
848 2295 906 2314 σου.
920 2297 929 2314 ι

237 2344 249 2362 ι
263 2335 310 2369 Μὴ
329 2335 452 2371 κρίνετε,
467 2334 511 2362 ἵνα
529 2333 567 2370 μὴ
582 2333 710 2371 κριθῆτε.¹
725 2342 735 2359 ι

238 2432 247 2448 ι
268 2422 381 2457 Σκόπει,
398 2423 436 2460 μὴ
446 2423 477 2450 τὺ
494 2423 552 2458 φῶς
567 2422 597 2450 τὸ
609 2423 638 2450 ὲν
655 2422 696 2451 σοὶ
711 2421 807 2454 σκότος
822 2421 906 2449 ἐστίν.
925 2432 935 2448 ι

239 2532 248 2547 ι
263 2521 299 2549 Σὺ
309 2521 352 2554 τίς
367 2520 394 2549 εἶ
424 2523 439 2550 ό
457 2522 560 2559 κρίνων
571 2521 713 2559 ἀλλότριον
731 2521 862 2557 οίκέτην;
878 2520 917 2556 τῷ
932 2520 991 2557 ίδίῳ

200 2567 288 2604 κυρίῳ
304 2569 409 2604 στήκει,
424 2568 442 2604 ἦ
456 2569 563 2597 πίπτει.
585 2569 755 2604 Σταθήσεται
769 2566 814 2596 δέ·
834 2566 947 2599 δυνατὸς
961 2566 990 2594 δι

198 2616 212 2642 ὀ
232 2614 299 2647 Θεὸς
329 2616 428 2647 στῆσαι
459 2617 541 2644 αὐτόν
553 2637 561 2645 .
589 2616 626 2643 Σὺ
638 2616 668 2644 δὲ
689 2616 716 2643 τι
730 2615 835 2652 κρίνεις
850 2615 896 2642 τὸν
910 2614 989 2643 ἀδελ-

199 2661 248 2696 φόν
271 2669 337 2696 σου;
361 2661 465 2695 Πάντες
491 2663 725 2700 παραστησόμεθα
750 2662 790 2699 τῷ
815 2662 917 2699 βήματι
942 2661 990 2690 τοῦ

198 2707 330 2743 Χριστοῦ.
349 2716 358 2733 ι

237 2763 246 2779 ι
267 2753 383 2780 Σεαυτδν
394 2753 475 2788 ἁγνὸν
485 2754 573 2788 τήρει.
590 2763 599 2779 ›

236 2849 250 2870 ε
269 2841 297 2870 '0
304 2840 464 2870 καταλαλῶν
473 2840 520 2869 τοῦ
529 2839 644 2874 ἀδελφοῦ
657 2840 750 2874 αὐτοῦ,
757 2840 774 2875 ἢ
784 2832 894 2876 κρίνων,
903 2849 985 2869 κατα-

1044 2200 1124 2229 oculo
1141 2204 1188 2227 tuo
1202 2198 1214 2225 ’ἶ
1229 2196 1391 2234 Hypocrita,
1411 2195 1481 2231 ejice
1498 2194 1575 2231 prius
1588 2193 1694 2221 trabem
1707 2191 1741 2219 de
1754 2191 1834 2219 oculo

1044 2252 1103 2280 tuo,
1130 2250 1158 2273 et
1182 2250 1250 2272 tunc
1270 2243 1377 2271 videbis
1399 2242 1503 2278 ejicere
1530 2239 1663 2268 festucam
1693 2237 1728 2266 de
1752 2236 1835 2264 oculo

1043 2291 1137 2320 fratris
1149 2289 1203 2317 lui.
1224 2298 1234 2315 ν
1770 2306 1775 2309 ,

1078 2336 1143 2364 Luc.
1157 2343 1195 2369 vi,
1213 2333 1259 2362 37.
1273 2349 1307 2355 --
1326 2342 1335 2360 ι
1349 2332 1440 2360 Nolite
1456 2330 1593 2367 judicare,
1613 2335 1641 2358 et
1657 2337 1712 2357 non
1728 2328 1834 2356 iudica-

1042 2380 1151 2411 bimini.
1168 2389 1178 2406 ι
1387 2390 1390 2393 ν

1076 2426 1143 2454 Luc.
1160 2433 1200 2458 ιι,
1211 2424 1257 2453 35.
1273 2438 1305 2444 —
1319 2432 1329 2450 ι
1345 2421 1426 2455 Vide,
1443 2429 1478 2450 ne
1495 2421 1587 2449 lumen
1607 2419 1680 2456 quod
1695 2419 1724 2447 in
1736 2423 1763 2447 te
1777 2423 1831 2450 est,

1041 2474 1160 2501 tenebrat
1174 2471 1241 2500 sint.
1264 2479 1274 2496 ν

1078 2517 1154 2545 Rom.
1171 2524 1227 2550 ειν,
1241 2514 1358 2543 Μιλ-
1374 2523 1384 2541 ι
1398 2513 1439 2541 Tu
1452 2513 1514 2549 quis
1525 2520 1566 2545 es.
1578 2511 1625 2548 qui
1647 2510 1756 2547 iudicas
1767 2509 1833 2537 alie-

1040 2572 1107 2593 num
1130 2561 1266 2592 servum?
1288 2560 1407 2589 Domino
1423 2566 1474 2588 suo
1497 2563 1551 2587 stat
1569 2561 1617 2586 aut
1634 2557 1719 2585 cadit.
1742 2555 1832 2583 Stabit

1040 2612 1143 2637 autem.
1160 2606 1263 2634 Potens
1287 2609 1331 2633 est
1352 2605 1426 2633 enim
1448 2603 1519 2632 Deus
1535 2607 1660 2632 statuere
1679 2601 1769 2630 illum.
1790 2600 1831 2628 'l‘u

1039 2659 1130 2683 autem
1144 2652 1211 2689 quid
1219 2651 1329 2688 iudicas
1344 2650 1459 2679 fratrem
1479 2650 1579 2679 tuum?
1597 2649 1701 2678 Omnes
1727 2648 1832 2677 astabi-

1039 2709 1103 2730 mus
1117 2705 1182 2729 ante
1199 2698 1322 2727 tribunal
1335 2697 1451 2726 Christi.
1472 2706 1481 2723 ι

1072 2746 1155 2784 ωο
1180 2745 1194 2774 1
1212 2746 1283 2774 Tim.
1303 2753 1331 2780 v,
1353 2744 1399 2772 ‘22.
1425 2760 1456 2767 --
1477 2753 1487 2771 ι
1505 2742 1635 2780 Teipsum
1659 2746 1765 2772 castum
1782 2749 1831 2769 cu-

1039 2794 1123 2824 stodi.
1142 2803 1151 2820 ι

1077 2840 1138 2868 Jac.
1157 2847 1193 2875 ιν,
1217 2840 1260 2870 ll.
1284 2854 1318 2862 ε-
1336 2848 1345 2866 ι
1367 2838 1420 2873 Qui
1446 2837 1568 2867 detrahit
1599 2836 1690 2871 fratri,
1715 2840 1761 2864 aut
1786 2835 1830 2880 ju:
