2074 3115
270 121 338 155 1299

857 123 887 153 S.
905 121 1068 153 JOANNIS
1088 121 1301 151 DAMASCENI

1817 125 1820 130 ’
1833 116 1899 153 1300

265 183 351 215 dicat,
371 181 492 209 detrahit
515 180 565 216 legi
579 201 586 213 ,
612 184 639 207 ct
661 179 768 214 jndicat
789 181 887 216 legem.
911 180 939 208 Si
963 185 1035 208 aute:

1089 204 1092 210 ,
1106 181 1182 206 λαλεῖ
1200 180 1291 215 νόμον,
1310 179 1356 206 καὶ
1372 179 1461 214 κρίνει
1478 178 1570 213 νόμον.
1589 178 1620 204 Ei
1633 177 1661 203 δὲ
1685 177 1768 212 νόμον
1781 176 1898 210 κρίνεις,

263 228 373 262 judicas
392 228 478 262 legem
493 246 500 259 ,
520 225 575 261 iam
596 233 649 252 non
670 233 699 252 es
729 225 815 254 iactor
836 226 922 261 legis,
943 226 990 254 sed
1009 227 1054 262 ju-

264 274 327 301 dex.
353 282 363 299 ι

300 319 358 346 Nili
396 319 530 346 monachi.
545 334 577 339 —
595 318 666 346 Ante
691 318 784 346 omnia
810 327 895 347 nosce
921 319 1051 355 lcipsum.

261 364 335 392 Nihil
360 365 461 400 quippe
488 364 628 393 diliiciiius
651 369 704 393 est.
731 364 800 393 Cum
824 365 898 392 enim
932 365 1051 400 teipsum

263 418 372 442 nosces,
388 415 454 438 tunc
472 415 499 438 et
511 410 596 438 Deum
618 418 780 446 agnoscere,
804 414 832 438 et
846 419 903 444 res,
918 412 1050 446 utdecet,

261 457 354 484 animo
369 451 535 490 percurrere
547 458 662 492 poteris.
1028 466 1030 470 ν

298 503 403 531 Basilii.
420 518 454 525 -ο
469 503 540 531 Tute
566 504 625 538 ipse
645 504 759 538 pateris,
776 511 792 531 ο
809 503 900 538 homo,
913 504 985 541 quod
1004 513 1050 533 re-

206 562 211 566 ~
259 550 427 585 prehendis;
459 557 492 578 ac
523 550 644 578 alienum
673 549 783 584 quidem
816 551 918 578 malum
952 551 1049 579 scdulo

258 596 475 629 animadvertis,
502 596 654 624 foeditatem
679 601 770 624 autem
795 601 870 624 tuam
891 597 970 625 nullo
988 597 1048 625 loco

257 642 363 678 ponis?

293 689 389 724 Ejusd.
403 689 430 716 in
441 689 525 716 illud:
543 698 552 715 ‹
562 688 674 717 Attende
687 689 734 716 tibi
748 691 862 725 ipsi.)—
873 689 994 719 Facilius
1004 695 1046 719 est

255 736 408 771 unicuique
435 740 562 764 nostrum
588 736 679 764 aliena
705 737 843 766 curiosius
865 737 1043 773 perscrutari,

254 789 337 817 quam
352 789 402 809 sua
415 782 603 811 considerare.
615 783 673 811 Hoc
683 780 781 817 itaque
791 789 826 811 ne
839 781 918 811 nobis
925 783 1042 811 accidat.

253 826 364 859 Desine.
382 827 482 863 inquit,
504 828 580 857 illius
596 829 660 856 vitia
676 829 826 864 inQuirere.
838 827 879 857 Ne
896 830 1044 865 permittas

254 873 472 907 cogitationibus
490 873 556 906 tuis,
574 877 604 901 ut
617 872 774 909 aegritudini
790 874 889 902 aliena
899 875 1045 910 exploran-

232 929 236 930 ν
253 918 297 947 dae
313 922 421 958 vacent.
445 918 546 947 Verum
569 920 680 948 attende
695 919 744 947 tibi
773 920 839 956 ipsi;
866 921 920 949 boc
939 926 992 953 est,
1011 923 1044 949 ad

253 964 293 993 tui
310 964 396 999 ipsius
414 967 665 1001 perscrutationem
675 968 762 995 animi
778 967 891 996 oculum
902 972 1043 1000 converte,

252 1017 305 1039 nec
319 1011 354 1038 ab
371 1018 404 1038 eo
418 1011 547 1039 examine
564 1012 717 1041 desciscas.

290 1055 362 1084 Ibid.
375 1071 410 1077 —-
423 1056 451 1084 Si
468 1061 574 1086 natura:
586 1051 784 1092 reminisceris,
804 1065 944 1094 nunquam
960 1063 986 1086 te
999 1058 1043 1085 in-

252 1103 373 1130 solenter
392 1102 502 1131 efferes.
521 1102 574 1131 Tui
600 1112 665 1132 vero
685 1104 773 1140 ipsius
801 1097 1004 1138 recordaberis,
1019 1105 1042 1133 si

251 1148 301 1176 tibi
323 1148 373 1183 ipsi
390 1150 531 1178 attendas.
550 1150 668 1178 Attende
684 1157 750 1186 ergo
765 1150 813 1178 tibi
825 1159 832 1182 ς
846 1150 873 1178 id
889 1153 941 1183 est,
959 1151 1043 1178 unde-

251 1203 363 1231 cunque
377 1196 497 1231 teipsum
517 1196 703 1233 circumspice
719 1205 726 1222 τ
742 1197 868 1232 pervigili
887 1197 969 1224 oculo
983 1199 1043 1223 ani~

250 1241 287 1269 mi
304 1241 329 1268 in
350 1242 467 1270 salutem
481 1246 555 1270 luam
571 1242 688 1271 excuba.
715 1243 744 1270 in
769 1243 860 1271 medio
879 1243 1040 1279 laqueorum

250 1286 376 1314 ambulas
405 1297 412 1315 :
434 1288 547 1316 occultae
577 1289 723 1316 teudicula:
752 1289 786 1316 al)
808 1290 894 1323 _lioste
920 1288 1042 1324 undique

249 1332 312 1360 ﬁxa:
331 1337 397 1360 sunt
431 1333 553 1361 Proinde
583 1333 626 1361 fac
647 1334 740 1361 omnia
768 1334 988 1369 circumspicias.
1013 1340 1042 1363 ut

248 1379 357 1406 eruat-is
383 1379 462 1414 quasi
485 1379 594 1407 damula
623 1387 638 1408 e
660 1380 777 1412 retibus,
799 1383 827 1417 et
852 1380 932 1415 quasi
949 1380 1008 1408 avis
1026 1389 1040 1407 a

249 1423 358 1459 laqueo.
379 1423 447 1452 Vide
464 1424 559 1459 igitur,
580 1432 615 1452 ne
633 1425 660 1452 in
674 1426 714 1452 tui
730 1425 859 1453 custodia
871 1426 960 1453 brutis
979 1426 1041 1452 aui-

248 1470 390 1498 nantibus
410 1469 575 1498 deteriorem
604 1474 632 1498 te
656 1472 777 1505 prmbeas
794 1481 802 1486 ·
821 1478 856 1499 ne
877 1471 978 1506 alioqui
1002 1472 1039 1498 la-

248 1516 328 1552 queis
338 1516 520 1552 interceptus,
537 1515 650 1545 diabolo
664 1516 691 1544 in
708 1517 828 1552 praedam
849 1517 942 1550 cedas,
960 1518 1039 1544 abeo

250 1562 380 1590 videlicet
393 1563 518 1598 captivus
536 1562 672 1591 adductus
693 1562 726 1590 ad
747 1563 836 1598 ipsius
855 1563 1036 1591 voluntatem.

247 1608 432 1642 Quamobrem
461 1608 573 1637 attende
590 1609 639 1637 tibi
663 1609 733 1644 ipsi;
757 1609 809 1637 hoc
822 1613 874 1640 est,
902 1616 952 1636 nec
970 1610 1037 1642 tuis,

249 1662 301 1682 nec
311 1655 346 1682 iis
357 1662 417 1689 quae
426 1655 500 1682 circa
514 1659 539 1681 te
554 1659 628 1688 sunt,
637 1663 730 1683 verum
741 1655 900 1690 tibimetipsi
915 1656 1037 1684 attende.

245 1699 327 1728 Aliud
344 1700 419 1727 enim
440 1707 491 1728 nos
510 1700 562 1735 ipsi
581 1708 689 1734 sumus,
705 1701 780 1728 aliud
794 1704 901 1735 nostra,
919 1706 946 1729 et
963 1701 1037 1729 aliud

249 1753 312 1781 quae
327 1745 402 1773 circa
415 1752 468 1774 nos
480 1750 555 1774 sunt.
577 1745 633 1773 Nos
650 1745 724 1773 enim
740 1746 831 1773 anima
844 1749 872 1774 et
889 1754 968 1775 mens
990 1755 1037 1775 su-

250 1800 320 1824 mus,
333 1791 489 1820 secundum
504 1799 587 1827 quam
603 1790 636 1819 ad
655 1791 803 1828 imaginem
815 1791 957 1821 Creatoris
970 1800 1037 1821 con-

245 1837 296 1866 diti
313 1837 427 1865 fuimus.
450 1836 580 1865 Nostrum
600 1844 668 1865 vero
688 1840 729 1864 est
748 1844 861 1872 corpus,
884 1844 917 1864 ac
936 1844 1036 1866 sensus

247 1883 293 1917 qui
307 1890 386 1910 suum
403 1890 451 1916 per
462 1881 529 1909 illud
543 1889 645 1910 munus
657 1881 770 1909 obeunt.
781 1881 871 1909 'Girca
887 1889 939 1910 nos
955 1889 1035 1918 opes,

245 1932 334 1961 artes,
346 1932 373 1956 et
390 1927 497 1962 reliqua
514 1927 575 1954 vitae
590 1926 729 1955 subsidia.
746 1926 820 1960 Quid
834 1934 901 1963 ergo
915 1928 954 1955 ait
961 1926 1037 1955 Scri-

245 1974 348 2010 ptura?
366 1973 406 2003 Ne
429 1974 559 2002 attendas
583 1973 673 2006 carni,
700 1981 750 2002 nec
773 1974 876 2002 bonum
895 1973 956 2009 ejus
979 1974 1036 2002 ulla

245 2022 354 2049 ratione
369 2025 532 2054 consectare
546 2030 553 2047 :
569 2020 622 2049 hoc
638 2024 693 2054 est,
712 2027 769 2048 non
787 2021 886 2048 bonum
901 2021 1036 2050 valetudi-

245 2029 354 2049 rauone
369 2029 483 2049 conseCt
503 2029 532 2048 re
546 2030 553 2047 :
569 2029 622 2049 noc
638 2029 693 2054 est,
712 2029 769 2048 non
787 2029 886 2048 nonam
901 2029 1036 2050 valetudi-

245 2075 321 2099 nem,
344 2074 398 2095 non
424 2029 659 2102 puicilritudinem
672 2087 679 2099 ,
694 2074 749 2094 non
768 2067 940 2102 voluptatum
961 2067 1036 2096 obie-

244 2116 395 2144 ctamenta,
411 2120 466 2140 non
490 2112 552 2140 vitae
574 2112 789 2140 diuturnitatem
807 2123 813 2141 :
831 2121 886 2141 non
911 2113 1034 2148 divitias,

243 2160 360 2196 gloriam
376 2163 404 2187 et
419 2160 568 2194 potentiam
588 2159 737 2192 admirare,
752 2167 803 2187 nec
814 2159 948 2195 quidquid
960 2159 1034 2188 aliud

1107 227 1157 254 οὐκ
1170 223 1196 253 εἷ
1210 225 1325 262 ποιητὴς
1340 227 1434 262 νόμον.
1453 235 1462 251 ι

1140 318 1228 346 Γνῶθι
1244 317 1355 345 σεαυτὸν
1371 317 1424 353 πρὸ
1445 317 1565 344 πάντων.
1584 313 1670 342 Οὑδὶν
1693 313 1748 349 γὰρ
1767 312 1897 347 δυσχερέ-

1107 373 1211 400 στερον.
1228 364 1311 391 ὀταν
1320 363 1348 390 δὲ
1363 363 1463 390 σαυτδν
1479 361 1562 396 γνῷς,
1577 360 1639 388 τότε
1651 360 1755 396 δυνήσῃ
1770 359 1817 386 καὶ
1831 357 1898 384 Θεδν

1105 409 1263 445 ἐπιγνῶναι,
1278 409 1325 436 καὶ
1341 408 1465 445 λογισμῷ
1480 407 1606 435 ιπελθεῐν
1622 407 1657 434 τὰ
1674 405 1838 441 πράγματα,
1857 403 1896 434 ὡς

1104 457 1230 492 καθήκει.

1138 503 1272 537 Ἕπαθες,
1293 502 1432 539 ἄνθρωπε,
1445 500 1460 528 δ
1476 499 1621 535 ὲγκαλεῖςς
1635 497 1684 525 καὶ
1699 497 1730 524 τδ
1752 496 1801 532 μὲν
1815 494 1895 523 am-

1102 558 1176 585 τριον
1187 549 1271 576 κακὸν
1284 547 1421 584 ἐπιμελῶς
1438 545 1609 577 ἐπιϐλέπῃς,
1635 544 1667 571 τὸ
1689 543 1718 570 δὲ
1742 540 1827 570 αὑτοῦ
1852 541 1895 566 αι-

1103 597 1184 632 σχρδν
1198 595 1317 632 οὐδαμοῦ
1331 594 1416 626 τιθεῖς
1426 603 1434 628 ;

1141 685 1364 723 Ῥᾴδιονὲκάστῳ
1380 683 1460 720 ἡμῶν
1484 680 1727 717 πολυπραγμονεῖν
1753 677 1788 704 τὰ
1813 674 1892 723 enf-

1099 721 1202 770 τριαίῆ
1217 732 1252 760 τὰ
1279 731 1368 759 οἰκεῖα
1398 728 1496 757 ἑαυτοῦ
1518 725 1745 756 διασκέπτεσθαι.
1767 723 1827 770 Ἵνα
1844 721 1890 748 οὖν

1082 778 1084 780 ’
1101 781 1138 817 μὴ
1161 779 1240 806 τοῦτο
1272 777 1430 813 πάσχωμεν,
1444 775 1558 806 παῦσαι,
1580 773 1658 809 φησὶ,
1674 772 1708 799 τὰ
1735 770 1783 798 τοῦ
1804 769 1890 817 δεῖνος

1098 815 1172 854 κακὰ
1193 823 1455 862 περιερευνώμενος.
1483 821 1529 858 Μὴ
1555 820 1628 848 δίδου
1657 818 1756 855 σχολὴν
1772 815 1888 862 τοῖςλος

1060 860 1084 892 Β
1097 872 1207 908 γισμοῖς
1227 860 1257 898 τὸ
1275 860 1427 904 γὰλλότριον
1452 866 1593 901 ἐξετάζειν
1611 864 1797 901 ἀρρώστημα,
1821 860 1887 888 ἀλλὰ

1098 918 1190 954 σαυτῷ
1206 917 1323 953 πρόσεχε
1335 922 1347 932 ⁸·
1360 914 1501 942 τουτέστιν
1519 913 1566 939 ἐπὶ
1582 911 1632 947 τὴν
1650 909 1755 937 οἰκείαν
1773 908 1887 954 ἔρευναν

1097 965 1198 1001 στρέφε
1216 964 1247 991 το
1257 963 1335 999 ὕμμα
1352 969 1400 988 σου
1430 960 1482 995 τῆς
1506 958 1606 994 ψυχῆς,
1622 955 1721 992 καὶμὴ
1735 953 1826 988 παύσῃ
1845 953 1885 980 δι-

1095 1009 1280 1048 ερευνώμενος
1297 1008 1420 1037 σεαυτόν.
1634 1049 1641 1053 Δ
1710 1047 1721 1053 Α
1731 1047 1738 1053 .
1864 1044 1870 1053 Ι

1127 1053 1311 1093 Μεμνημένος
1340 1054 1391 1089 τῆς
1417 1053 1537 1088 φύσεως,
1560 1051 1611 1078 οὒκ
1633 1047 1779 1083 ὲν’ῖτῑῑρθῆιτῃ
1806 1047 1881 1093 ποτέ·

1093 1092 1228 1140 Μεμνήσῃ
1240 1102 1269 1129 δὲ
1285 1099 1394 1132 ἑαυτοῦ,
1414 1099 1462 1126 ἐὰν
1479 1097 1618 1134 προσέχῃς
1634 1093 1751 1129 σεαυτῷ.
1763 1092 1883 1140 Πρόσεχε

1093 1138 1145 1178 οὖν.
1153 1138 1260 1184 σεαυτῷ
1270 1157 1276 1163 ·
1295 1145 1418 1174 τουτέστι
1430 1144 1600 1178 πανταχόθεν
1623 1140 1738 1170 σεαυτὸν
1753 1138 1883 1174 περισκό-

1093 1205 1150 1223 πει.
1172 1195 1339 1230 Ἀκοίμητον
1365 1193 1410 1227 ἔχε
1424 1191 1494 1226 πρὸς
1506 1191 1557 1225 τὴν
1574 1187 1692 1215 σεαυτοῦ
1714 1185 1838 1221 φυλακὴν
1852 1183 1883 1210 τὸ

1091 1243 1141 1277 τῆς
1161 1241 1254 1277 ψυχῆς
1276 1240 1364 1276 ὄμμα.
1387 1238 1432 1265 Ἐν
1453 1237 1529 1272 μέσῳ
1556 1235 1681 1270 παγίδων
1708 1232 1858 1263 διαϐαίνεις
1873 1240 1879 1247 ·

1092 1287 1280 1324 κεκρυμμένοι
1302 1285 1394 1322 βρόχοι
1421 1284 1498 1320 παρὰ
1526 1283 1574 1310 τοῦ
1602 1281 1701 1317 ἐχθροῦ
1717 1278 1882 1315 πολλαχόθεν

1090 1334 1330 1369 καταπεπήγασιν.
1355 1331 1449 1360 Πάντα
1470 1327 1517 1358 οὖν
1544 1328 1718 1366 περισκόπει,
1744 1327 1788 1354 ἱνα
1806 1325 1881 1360 σώζῃ

1091 1381 1186 1416 ὥσπερ
1198 1380 1297 1418 δορκὰς
1312 1380 1344 1406 ἐκ
1358 1377 1473 1414 βρόχων,
1485 1377 1532 1404 καὶ
1542 1375 1637 1411 ὥσπερ
1652 1375 1745 1410 δρνεον
1757 1373 1790 1400 ὲκ
1800 1371 1881 1418 παγί-

1090 1429 1144 1460 δος.
1165 1426 1236 1463 Ὅρα
1250 1425 1296 1453 οὖν
1322 1425 1359 1460 μὴ
1385 1417 1487 1460 χειρῶν
1515 1423 1603 1458 φανῇς
1620 1420 1675 1448 τῶν
1695 1419 1802 1454 ἀλόγων
1813 1417 1880 1453 πρὸς

1090 1473 1140 1508 τὴν
1154 1471 1268 1499 σεαυτοῦ
1283 1469 1419 1506 φυλακὴν,
1451 1469 1556 1504 μήποτε
1572 1468 1633 1498 ταῖς
1660 1465 1773 1500 παγίσιν
1790 1464 1879 1494 ἁλοὺς,

1091 1518 1204 1554 θήραμα
1218 1516 1284 1551 γένῃ
1303 1515 1350 1543 τοῦ
1365 1514 1500 1546 διαϐόλου,
1518 1511 1712 1548 ὲζωγρημένος
1731 1510 1777 1537 ὐπ’
1797 1508 1879 1536 αὐτοῦ

1092 1564 1131 1596 είς
1146 1562 1176 1590 τδ
1195 1563 1299 1589 ἐκείνου
1313 1561 1430 1596 θέλημα.
1463 1560 1586 1596 Πρόσεχε
1606 1556 1652 1585 οὖν
1670 1556 1785 1592 σεαυτῷ,
1802 1564 1880 1582 τουτ-

1092 1610 1150 1637 έστι
1165 1610 1233 1645 μήτε
1245 1609 1300 1641 τοῖς
1318 1608 1386 1639 σοῖς,
1404 1607 1473 1642 μήτε
1491 1606 1548 1637 τοῖς
1560 1606 1624 1640 περὶ
1642 1605 1683 1637 σὲ,
1694 1603 1763 1631 ἀλλὰ
1775 1601 1881 1637 σεαυτῷ

1091 1655 1191 1692 μᾶλλον
1210 1655 1336 1691 πρόσεχε.
1355 1653 1436 1680 Ἀλλο
1449 1653 1503 1688 γάρ
1520 1653 1603 1688 ὲσμεν
1618 1651 1699 1687 ἡμεῖς
1716 1650 1805 1681 αὐτοὶ,
1816 1648 1880 1676 ἄλλο

1089 1703 1123 1729 τὰ
1139 1699 1339 1743 ,ἡμέτερααὲιὶ
1360 1699 1424 1728 ἄλλο
1450 1699 1516 1734 περὶ
1536 1698 1619 1734 ἡμᾶς.
1646 1698 1742 1732 Ἡμεῖς
1764 1696 1813 1743 μὲν
1832 1693 1879 1743 οὖν

1089 1740 1174 1783 ὲσμίεν
1188 1747 1204 1782 ὴ
1219 1746 1293 1782 ψυχὴ
1317 1746 1365 1773 καὶ
1386 1746 1400 1773 ὁ
1423 1745 1497 1777 νοῦς,
1514 1744 1617 1772 καθ’δν
1642 1743 1702 1770 κατ’
1723 1742 1817 1769 εἰκόνα
1830 1740 1878 1767 τοῦ

1088 1793 1239 1825 κτίσαντος
1255 1791 1440 1828 γεγενήμεθα.
1458 1791 1609 1827 Ἦμέτερον
1627 1789 1656 1817 δὲ
1669 1789 1699 1816 τὸ
1718 1787 1810 1824 σῶμα,
1830 1787 1878 1814 καὶ

1088 1840 1116 1867 αἱ
1133 1838 1178 1866 διὰ
1199 1838 1296 1866 τούτου
1323 1837 1474 1872 αἰσθήσεις,
1497 1837 1561 1872 περὶ
1583 1836 1658 1872 ἡμᾶς
1681 1834 1710 1862 δὲ
1734 1835 1876 1870 χρήματα,

1087 1885 1190 1921 τέχναι,
1202 1885 1250 1913 καὶ
1263 1885 1280 1921 ἡ
1295 1884 1376 1920 λοιπὴ
1389 1883 1436 1911 τοῦ
1454 1883 1510 1919 βίου
1524 1880 1684 1916 κατασκευή
1697 1889 1704 1896 ·
1722 1880 1749 1907 τί
1763 1878 1810 1907 οὖν
1825 1886 1878 1914 φη-

1089 1942 1132 1960 σιν
1149 1932 1164 1959 ό
1183 1932 1278 1968 λόγος;
1293 1931 1340 1967 Μὴ
1351 1932 1385 1967 τῇ
1404 1930 1487 1967 σαρκὶ
1501 1929 1631 1966 πρόσεχε,
1648 1926 1716 1964 μηδὲ
1735 1926 1878 1961 τδταύτης

1088 1979 1190 2014 ἀγαθὸν
1202 1980 1235 2006 ὲκ
1248 1978 1350 2010 παντὸς
1363 1978 1465 2013 τρόπου
1478 1977 1570 2009 δίωκε,
1583 1975 1688 2010 ὑγείαν,
1701 1974 1747 2001 καὶ
1767 1973 1876 2005 κάλλος,

1087 2024 1135 2053 καὶ
1153 2024 1255 2061 ἡδονῶν
1267 2023 1447 2057 ἀπολαύσεις,
1457 2023 1506 2051 καὶ
1521 2021 1720 2059 μακροϐίωσιν,
1731 2020 1800 2056 μηδὲ
1809 2020 1877 2055 χρή-

1089 2079 1174 2108 ματα,
1190 2070 1240 2098 καὶ
1249 2069 1399 2103 δόξαν.καὶ
1411 2068 1572 2097 δυναστείαν
1589 2067 1726 2103 θαύμαζε,
1748 2066 1809 2102 μηδ’
1826 2066 1878 2093 ὅσα

1087 2127 1129 2145 σοι
1152 2117 1202 2152 τῆς
1220 2116 1390 2153 προσκαίρου
1417 2116 1490 2152 ζωῆς
1518 2114 1568 2151 τὴν
1593 2114 1748 2151 ὑπηρεσίαν
1766 2113 1874 2148 πληροῖ.

1093 2163 1174 2191 Ἀλλὰ
1187 2164 1308 2199 πρόσεχε
1323 2163 1441 2198 σεαυτῷ,
1461 2161 1587 2189 τουτέστι
1600 2162 1633 2198 τῇ
1645 2161 1718 2197 ψυχῇ
1732 2168 1789 2187 σου.
1804 2159 1877 2186 Ταύ-

245 2206 419 2241 temporariae
435 2205 497 2234 vitae
518 2205 688 2233 adminiculo
706 2211 760 2234 est.
780 2206 882 2234 Verum
905 2207 953 2234 tibi
978 2207 1031 2243 ipsi

1089 2217 1135 2244 την
1156 2210 1380 2248 κβτακόσμησον,
1412 2208 1460 2235 καὶ
1490 2207 1593 2243 ταύτης
1626 2204 1776 2242 ἐπιμελοῦ·
1804 2204 1876 2233 ὥστε

246 2250 366 2281 attende.
385 2251 436 2278 hoc
456 2254 500 2278 est
516 2250 615 2277 animae
640 2254 706 2279 tuae.
725 2250 802 2278 lianc
816 2259 931 2285 exorna,
950 2253 1033 2288 hujus

243 2303 340 2324 curam
358 2303 433 2332 gere.
460 2295 529 2323 adeo
554 2300 585 2323 ut
607 2295 668 2331 ejus
691 2297 855 2333 spurcitiem
871 2306 981 2327 omnem
1000 2308 1032 2327 ex

243 2342 421 2378 improbitate
431 2345 603 2370 contractam
623 2342 747 2377 adhibita
764 2344 917 2373 attentione
937 2345 1034 2373 discu-

242 2390 306 2421 tias,
331 2395 498 2423 omnemque
518 2388 622 2419 illatam
650 2396 664 2417 a
683 2389 750 2417 vitio
765 2389 915 2419 foeditatem
946 2392 1033 2424 cluas.

240 2440 268 2461 ct
282 2434 359 2462 omni
375 2442 436 2470 quae
450 2442 483 2462 ex
498 2434 601 2462 virtute
615 2434 808 2470 proﬁciscatur
824 2436 960 2472 elegantia
972 2446 1032 2466 cam

240 2487 337 2514 ornes,
357 2486 390 2507 ac
404 2479 523 2509 nitidam
539 2480 652 2508 reddas.
677 2480 810 2518 Expende
827 2481 955 2517 quisnam
975 2484 1034 2519 ipse

240 2527 280 2555 sis
297 2535 304 2554 :
324 2529 460 2554 tuammet
479 2530 605 2555 naturam
625 2534 709 2555 nosce
726 2536 732 2554 :
749 2535 847 2563 nempe
866 2527 941 2564 quod
957 2537 1033 2557 mor-

240 2574 295 2602 tale
310 2573 359 2602 tibi
376 2580 479 2609 corpus
492 2573 539 2606 sit,
556 2573 667 2603 animus
687 2573 852 2604 immortalis
868 2585 875 2604 :
893 2576 967 2612 quod
983 2576 1035 2605 du-

240 2621 304 2654 plex
324 2619 444 2655 quodam
466 2621 548 2648 modo
572 2623 671 2649 natura
689 2625 786 2648 nostra
800 2622 848 2655 sit,
865 2622 950 2650 altera
968 2631 1031 2651 cor-

241 2666 318 2699 poris
343 2665 465 2700 propria,
487 2666 616 2695 celeriter
640 2667 739 2701 ﬂuens,
762 2667 850 2695 altera
872 2668 971 2696 animae
986 2676 1034 2696 co-

243 2713 338 2743 gnata,
351 2711 455 2739 nullam
471 2712 755 2748 circumscriptionem
770 2714 930 2743 admittens.
948 2714 1033 2751 igitur

243 2755 356 2783 attende
381 2756 429 2784 tibi
453 2757 517 2794 ipsi,
542 2766 593 2786 nec
615 2759 643 2787 in
667 2760 830 2788 mortalibus
854 2760 934 2789 rebus
958 2761 1033 2789 velut

244 2801 421 2835 umpiternis
435 2803 527 2839 insere;
541 2813 592 2833 nec
604 2814 703 2834 rursus
716 2807 882 2841 sempiterna
902 2808 941 2835 uti
958 2815 1032 2835 mor-

238 2844 311 2884 ‘mia
329 2849 484 2876 contemne.
502 2848 621 2879 Carnem
634 2857 784 2887 aspernare
803 2860 809 2879 :
831 2851 929 2881 diuluit
945 2852 1030 2885 enim.

1086 2254 1175 2282 πάντα
1189 2254 1237 2290 μὲν
1249 2254 1295 2281 τὸν
1309 2255 1342 2282 ἐκ
1356 2254 1487 2290 πονηρίας
1501 2253 1690 2288 ὲπιγινόμενον
1705 2252 1773 2288 αὐτῇ
1791 2251 1876 2286 ῥύπον

1085 2300 1327 2336 ἀποικονομεῖσθαι
1353 2300 1398 2327 διὰ
1423 2299 1473 2334 τῆς
1500 2299 1648 2335 προσοχῆς,
1661 2298 1716 2326 πᾶν
1732 2298 1760 2325 δὲ
1778 2297 1808 2324 τὸ
1822 2297 1876 2323 ἀπὸ

1086 2348 1186 2380 κακίας
1202 2345 1297 2382 αἶσχος
1309 2345 1557 2382 ἀποκαθαίρεσθαι,
1575 2345 1658 2373 παντὶ
1668 2344 1697 2372 δὲ
1712 2343 1751 2380 τῷ
1766 2343 1796 2377 ἐξ
1811 2344 1876 2378 ἀρε-

1084 2394 1134 2430 τῆς
1147 2394 1240 2422 κάλλει
1253 2394 1438 2430 κατακοσμεῖν
1462 2392 1548 2429 αὐτὴν
1562 2393 1611 2420 καὶ
1626 2391 1795 2428 φαιδρύνειν.
1817 2390 1876 2422 Ἐξ-

1084 2440 1181 2468 έτασον
1210 2439 1333 2472 σεαυτὸν,
1359 2438 1402 2471 τίς
1416 2435 1460 2465 εἷ’
1476 2438 1560 2473 γνῶθι
1581 2437 1695 2465 σεαυτοῦ
1719 2437 1768 2473 τὴν
1780 2436 1874 2471 φύσιν,

1084 2486 1125 2513 ὅτι
1140 2485 1237 2521 θνητὸν
1249 2485 1300 2520 μέν
1311 2493 1358 2512 σου
1371 2485 1401 2512 τὸ
1409 2484 1500 2521 σῶμα,
1510 2484 1645 2516 ἀθάνατος
1657 2483 1687 2510 δὲ
1700 2484 1717 2519 ἡ
1729 2482 1815 2519 ψυχὴ,
1826 2483 1875 2510 καὶ

1084 2533 1126 2560 ὃτι
1140 2531 1220 2568 διπλῆ
1239 2540 1281 2562 τις
1312 2530 1390 2567 ἡμῶν
1403 2532 1420 2567 ἡ
1442 2530 1516 2567 ζωή·
1529 2531 1546 2566 ἡ
1563 2530 1612 2566 μὲν
1636 2530 1726 2557 οῑκεία
1737 2530 1771 2565 τῇ
1789 2528 1874 2564 σαρκὶ

1084 2576 1151 2612 ταχὺ
1168 2575 1373 2612 παρερχομένη,
1387 2577 1403 2610 ὴ
1419 2575 1448 2602 δὲ
1470 2575 1607 2610 συγγενὴς
1629 2575 1661 2610 τῇ
1677 2574 1763 2610 ψυχῇ,
1779 2573 1816 2609 μὴ
1828 2572 1874 2599 δε-

1084 2622 1185 2659 χομένη
1201 2623 1390 2659 περιγραφήν.
1408 2621 1530 2657 Πρόσεχε
1546 2619 1594 2649 οὖν
1606 2620 1722 2656 σεαυτῷ,
1740 2620 1807 2656 μηδὲ
1815 2620 1874 2651 τοῖς

1084 2668 1191 2704 θνητοῖς
1203 2668 1240 2700 ὡς
1252 2667 1347 2700 ἀϊδίοις
1361 2667 1544 2704 ὲναπομένῃς,
1571 2668 1641 2704 μήτε
1655 2667 1711 2694 τῶν
1727 2666 1821 2694 ἀϊδίων
1833 2665 1874 2697 ὡς

1084 2715 1299 2750 παρερχομένων
1325 2715 1546 2751 καταφρονήσῃς.
1581 2713 1721 2750 Ὑπερόρα
1747 2712 1871 2748 σαρκός·

1084 2761 1252 2797 παρέρχεται
1265 2761 1327 2797 γάρ.
1349 2760 1494 2796 Ἐπιμελοῦ
1513 2761 1612 2796 ψυχῆς,
1627 2761 1791 2796 πράγματος
1802 2759 1873 2786 ἀθα-

1083 2807 1174 2834 νάτου.
1193 2806 1334 2842 Ἐπίστηθι
1350 2807 1418 2842 μετὰ
1433 2804 1523 2842 tritavi;
1536 2807 1680 2842 ἁκριὸείας
1695 2806 1812 2841 σεαυτῷ,
1827 2805 1873 2832 ἵνα

1084 2852 1155 2890 εἰδῇς
1165 2852 1287 2892 ἐκατέρῳ
1295 2852 1432 2889 διανέμειν
1443 2853 1473 2881 τὸ
1485 2853 1648 2891 πρόσφοροψ
1660 2854 1740 2890 σαρκὶ
1751 2853 1801 2889 μὲν
1811 2852 1874 2883 suc
