2074 3115
211 110 277 145 1311

210 220 265 242 tuta
275 236 283 247 ,
299 217 383 243 rebus
397 215 524 244 adversis
542 215 625 244 facile
641 216 759 245 deletur.

246 260 364 297 Didymi.
377 275 412 282 α-
424 261 462 288 Ex
479 262 611 290 diuturna
626 263 806 292 meditatione
821 268 848 293 et
864 267 1001 294 exercita-

209 307 286 335 tione
313 307 446 336 violentia
473 312 501 336 et
529 308 625 337 feritas
649 311 890 345 perturbationum
916 312 1001 340 animi

209 354 358 389 frangitur.

245 399 377 427 Philonis.
396 415 432 422 -—
449 401 569 430 Assidua
585 403 762 437 exercitatio,
786 404 893 432 ﬁrmam
911 405 1002 434 scien-

209 448 275 475 tiam
290 447 384 482 ellicit,
393 449 626 484 quemadmodum
638 451 847 480 exercitationis
861 453 1002 489 negligen-

209 494 247 522 tia
261 495 401 523 inscitiam
415 496 498 531 parit.
515 496 693 533 Rursumque
706 499 907 534 experientiam
921 504 1003 536 anget

209 541 333 569 studium
344 542 419 577 quod
434 542 461 570 in
478 550 509 571 ea
526 544 690 572 conteritur.
701 559 735 565 —
749 544 892 574 Meditatio
907 546 1002 574 nutrix

209 592 252 615 est
271 587 406 616 scientiae.

333 633 401 661 'l'l'l'.
420 634 572 662 Vll.—De
588 635 622 663 iis
641 635 686 671 qui
705 636 877 672 resipiscam.

247 679 322 707 Ptol.
342 688 426 714 xxxi,
454 680 482 708 5.
499 696 534 701 —
552 691 561 707 1
583 681 719 710 Delictum
744 690 834 711 meum
860 683 1002 719 cognitum

211 727 259 753 tibi
279 725 331 753 feci
342 746 349 759 ,
365 730 393 754 et
411 726 577 763 iniustitiam
594 735 684 756 meam
700 736 755 756 non
769 729 913 758 abscondi.
929 739 940 756 ι

247 773 322 801 Ρωί.
342 781 434 801 xxxvii
445 794 453 808 ,
467 773 512 806 l9,
525 788 553 794 —
576 783 585 800 1
601 774 777 809 Iniquitatem
792 782 881 803 meam
895 782 1002 803 annun-

211 821 285 849 tiabn
297 840 305 853 ,
323 824 350 848 et
364 820 494 856 cogitabo
509 829 559 856 pro
575 825 688 856 peccato
703 828 776 849 meo.
795 831 805 847 ι

794 116 824 146 S.
843 115 1005 147 JOANNIS
1023 117 1240 152 DAMASCENI

244 169 378 206 Theologl.
394 184 429 192 --
439 169 534 199 Virtus
548 170 575 198 1ιι
590 171 748 201 actionibus
764 173 878 202 minime
895 177 1002 204 exerei-
1017 186 1040 212 Α

1096 175 1194 212 Ἀρετὴ
1220 176 1388 212 ἀμελέτητος
1400 179 1430 207 ὲν
1446 180 1503 213 τοίς
1530 180 1634 217 ἔργοις,
1664 183 1770 223 ταχέως
1793 186 1847 214 ὑπὸ

1056 221 1112 250 τῶν
1123 223 1315 259 περιστάσεων
1330 225 1507 260 ἀφανίζεται.
1580 262 1582 265 ι
1707 221 1712 223 Ἴ
1796 235 1800 237 “

1097 269 1146 296 Ἐκ
1160 269 1276 306 μελέτης
1300 271 1401 308 πολλῆς
1424 273 1474 300 και
1503 274 1649 310 ἀσκήσεως
1663 276 1680 312 ιι
1693 266 1757 312 βία-
1771 265 1817 305 κὲιι
1829 280 1846 310 ἡ

1053 315 1185 352 ἀγριότης
1198 316 1252 343 τῶν
1263 316 1358 345 παθῶν
1369 318 1489 348 ἀσθενεῖ.

1094 403 1127 431 Ἦ
1143 405 1260 441 συνεχὴς
1276 405 1394 442 ἄσκησις
1404 405 1562 445 ἐπιστήμην
1575 410 1846 446 παγίανὲργάζεται.

1052 450 1090 482 ὡς
1104 451 1225 486 ἀμαθίαν
1239 452 1408 489 ἀμιλιτησία
1423 462 1432 471 ο
1447 455 1495 482 καὶ
1506 455 1589 482 πάλιν
1603 455 1680 489 αὔξει
1706 458 1757 493 τὴν
1788 460 1847 486 πει-

1055 505 1104 531 ραν
1114 497 1132 532 ἡ
1144 497 1209 533 περί
1226 497 1312 534 αὐτὴν
1326 499 1421 536 τριϐή.
1435 515 1472 521 ——
1487 501 1596 538 Μελέτη
1616 502 1719 538 τροφὸς
1736 504 1847 540 ἐπιστή-

1054 550 1121 577 μης-

1054 669 1058 675 .
1159 634 1253 662 'l‘lTA.
1270 634 1307 662 Z'.
1324 649 1359 655 —
1372 636 1443 671 Περὶ
1455 637 1739 672 τνωσιμαχούντωγ.

1091 688 1101 705 1
1117 679 1172 715 Τὴν
1188 680 1306 716 ἀνομίαν
1323 690 1374 718 μου
1405 682 1555 719 ἐγνώρισα,
1580 683 1628 710 καὶ
1643 684 1694 719 τὴν
1706 684 1846 720 ἁμαρτίαν

1055 733 1106 760 μον
1118 726 1168 753 οὐκ
1187 726 1321 762 ἐκάλυψα.
1335 737 1345 754 ι

1091 780 1101 797 ι
1115 771 1170 807 Τὴν
1182 771 1367 809 ἀνομίαν“μου
1384 773 1441 808 ἐγὼ
1451 775 1605 810 ἀναγγιλῶ,
1620 778 1669 806 καὶ
1685 779 1847 816 μεριμνήσω

1054 817 1125 854 ὑπὲρ
1133 818 1184 854 τῆς
1198 819 1338 855 ἁμαρτίας
1352 828 1414 856 μου.
1434 830 1444 848 ι

247 868 325 895 Prov.
335 875 413 900 xvm,
425 867 623 895 i7.—-1Justus
633 868 709 903 prior
717 871 760 895 est
771 872 920 896 accusator
927 867 982 896 sui.
990 877 1001 895 ι

1092 873 1102 890 ι
1115 864 1224 897 Δίκαιος
1233 866 1332 893 ἑαυτοῦ
1343 867 1500 904 κατήγορος
1513 869 1544 896 ἐν
1556 870 1740 907 πρωτολογίᾳ.
1751 880 1761 897 ι

248 913 334 942 Eccli.
348 921 431 946 xvtu.
448 913 535 941 l9.—
549 922 558 939 1
569 913 640 941 Ante
658 913 794 949 judicium
817 914 944 942 examina
961 917 1004 942 te-

212 959 301 994 ipsnm
313 978 321 991 .
341 964 368 986 et
384 959 412 986 in
437 963 560 994 tempore
577 958 744 987 visitationis
765 958 889 988 invenies
911 959 1004 995 propi-

212 1005 367 1032 tiationem.
385 1013 395 1030 ι

249 1050 332 1078 Eccli.
348 1058 374 1084 I,
389 1051 434 1078 3|.
452 1065 488 1071 —-
501 1060 510 1076 1
527 1049 588 1078 Non
605 1049 783 1079 confundaris
799 1049 1005 1087 conﬂteri'p’ec-

211 1102 273 1125 cata
289 1102 345 1125 tua.
362 1107 372 1124 ι
875 1101 881 1107 '

212 1152 297 1189 ‘06
313 1152 380 1180 'l‘lT.
398 1151 466 1180 VIII.
479 1168 515 1173 —
527 1151 564 1180 ne
578 1153 732 1181 mulieribus
746 1161 755 1181 :
770 1153 840 1189 quod
853 1161 900 1181 ea;
927 1161 1004 1188 opor-

248 1188 301 1215 Ieizt
314 1188 453 1225 subjectus
466 1196 524 1225 esse
539 1189 603 1225 viris
620 1189 692 1225 suis,
708 1197 755 1216 nec
769 1188 838 1216 citra
851 1196 942 1217 eorum
958 1197 1005 1216 au-

249 1224 404 1251 ctoritatem
420 1223 565 1260 quidquam
583 1224 681 1258 facere.

249 1280 314 1308 Gen.
331 1287 379 1313 ιιι,
399 1280 443 1308 l6.
457 1295 492 1300 —
507 1290 516 1307 1
531 1279 606 1307 Dixit
621 1279 693 1308 Deus
709 1280 819 1308 mulieri
834 1289 841 1308 :
856 1280 898 1308 Ad
915 1281 1002 1308 virum

213 1330 290 1354 tuum
307 1327 359 1354 erit
374 1326 519 1354 conversio
536 1330 600 1359 tua,
615 1329 642 1354 et
660 1326 719 1362 ipse
732 1326 924 1354 dominabitur
933 1327 1001 1354 tui.-

250 1371 333 1400 Num.
347 1380 402 1399 xxx
413 1391 421 1405 ,
436 1371 512 1399 6-10.
527 1387 561 1392 -
576 1381 585 1398 ι
602 1371 698 1399 Mulier
711 1372 734 1399 si
750 1373 882 1399 maritum
899 1372 1004 1400 habue-

214 1418 269 1449 rit.
288 1420 316 1445 et
333 1421 396 1444 vota
421 1417 509 1452 ipsius
528 1424 611 1452 super
628 1423 688 1444 eam
715 1417 835 1451 iuerint,
853 1417 1004 1445 secundum

213 1462 421 1490 distinctionem
439 1462 575 1490 labiorum
588 1462 667 1498 ejus,
688 1470 860 1498 quaecunque
874 1463 1005 1491 determi-

214 1509 326 1536 naverit
349 1508 376 1536 in
400 1508 519 1536 animam
546 1516 624 1537 suam
636 1529 644 1542 ,
663 1508 838 1544 audieritque
851 1509 893 1536 vir
911 1509 984 1537 illius
996 1528 1004 1542 ,

219 1560 247 1582 et
263 1554 288 1582 ei
302 1554 442 1582 silentium
456 1554 560 1590 egerit,
577 1561 743 1590 quacunque
756 1554 801 1582 die
815 1555 949 1587 audierit,
966 1554 1007 1582 sic

214 1608 326 1637 quoque
343 1601 457 1629 stabunt
471 1601 564 1629 omnia
582 1606 645 1629 vota
664 1601 759 1634 illius,
786 1605 815 1629 et
839 1601 1007 1629 determina-

215 1648 306 1675 tioues
337 1646 437 1676 illius.
466 1653 536 1681 quas
563 1645 793 1673 determinaverit
821 1645 850 1672 in
883 1644 1006 1671 animam

215 1700 311 1726 suam,
330 1692 453 1720 stabunt.
473 1691 523 1719 Sin
550 1698 617 1720 vero
643 1690 791 1719 abnuendo
815 1691 944 1719 abnuerit
965 1690 1008 1718 vir

214 1741 321 1776 ipsius,
338 1747 392 1775 qua
406 1739 451 1767 die
467 1738 604 1770 audierit.
620 1739 714 1766 omnia
733 1742 796 1766 vota
818 1738 879 1773 ejus
905 1743 932 1766 et
958 1737 1007 1765 de-

217 1786 428 1814 terminationes
444 1785 523 1821 ejus,
539 1792 609 1820 quas
625 1784 821 1812 determinavit
838 1784 866 1811 in
885 1783 1006 1811 animam

218 1839 315 1865 suam,
331 1839 386 1860 non
402 1832 533 1864 stabunt,
549 1830 680 1867 quoniam
696 1830 793 1858 abnuit
808 1829 852 1858 vir
869 1829 962 1858 illius:
981 1834 1009 1858 et

218 1879 352 1907 Dominus
366 1879 496 1906 mundam
514 1878 595 1906 faciet
611 1885 684 1906 eam.
702 1887 712 1904 ι

257 1935 266 1952 1
279 1925 446 1961 Muiierquat
457 1925 574 1953 honorat
589 1925 678 1952 virum
695 1923 1010 1960 suum,sapicnsomni-

217 1973 270 2001 bus
283 1972 433 2001 videbitur.
450 1982 458 1998 I

256 2018 353 2053 Ephes.
369 2026 397 2052 v,
413 2017 466 2052 25,
481 2018 527 2047 τι.
540 2033 575 2040 --
589 2027 598 2045 ι
619 2018 750 2047 Mulieres
765 2018 881 2048 subditae
903 2017 959 2046 sint
972 2017 1012 2046 vi-

218 2065 260 2092 ris
274 2064 335 2092 suis
351 2068 483 2100 tanquam
500 2064 628 2094 Domino.
651 2065 789 2099 Quoniam
811 2065 856 2093 vir
871 2067 954 2100 caput
969 2068 1012 2092 est

218 2110 356 2145 mulieris,
370 2111 443 2138 sicut
456 2111 583 2139 Christus
596 2115 680 2147 caput
692 2117 734 2140 est
746 2111 877 2140 Ecclesiae
887 2132 894 2145 ,
908 2115 936 2139 et
951 2110 1012 2146 ipse

217 2161 260 2183 est
275 2162 357 2192 caput
370 2157 505 2193 corporis.
523 2157 575 2186 Sed
590 2158 663 2186 sicut
677 2157 801 2187 Ecclesia
817 2158 943 2194 subjecta
969 2161 1012 2186 est

1094 920 1102 938 1
1120 911 1177 948 Πρὸ
1186 911 1302 948 κρίσεως
1313 912 1423 946 ἐξέταζε
1439 915 1566 949 σεαυτὸν,
1581 915 1629 944 καὶ
1644 916 1673 944 ὲν
1689 917 1779 953 καιρῷ
1786 917 1847 945 ἑπι-

1056 958 1161 993 σκοπῆς
1174 959 1303 994 εὑρήσεις
1317 959 1443 996 ἰλασμόν.
1457 970 1468 988 ι

1092 1057 1103 1074 ι
1117 1047 1164 1084 Μὴ
1175 1049 1324 1086 αἰσχυνθῇς
1353 1050 1525 1088 ὁμολογῆσαι
1542 1052 1586 1088 ἐφ’
1601 1053 1752 1090 ἁμαρτίαις
1770 1062 1844 1081 σου.»

1055 1151 1145 1181 ΤῐΤΔ.
1154 1155 1232 1192 ῌ’.-
1239 1155 1308 1192 Περί
1316 1155 1468 1192 γυναικῶν
1476 1165 1484 1173 ·
1490 1156 1537 1192 γὸτι
1546 1156 1604 1192 χρὴ
1613 1156 1708 1189 αὐτὰς
1715 1155 1846 1192 ὑποτάσ-

1089 1189 1272 1227 σεσραιτρῖς
1283 1190 1372 1224 ιδιοις
1399 1189 1610 1226 ἀνδράσιζῖιαί
1623 1191 1723 1227 μηδὲν
1753 1190 1847 1218 ποιεῖν

1089 1225 1181 1258 χωρὶς
1195 1225 1305 1253 αὐτῶν.

1072 1298 1075 1300 -
1093 1290 1102 1306 ι
1117 1279 1203 1309 Εἶπεν
1214 1283 1229 1309 ὁ
1243 1284 1311 1316 Θεὸς
1328 1285 1362 1320 τῇ
1378 1285 1507 1320 γυναικί·
1523 1285 1597 1321 Πρὸς
1608 1285 1655 1312 τὸν
1666 1285 1751 1320 ἄνδρα
1767 1292 1815 1311 σου
1827 1283 1853 1320 ἡκ

1055 1327 1213 1365 ἀποστροφή
1229 1337 1286 1362 σου,
1303 1331 1351 1357 καὶ
1366 1331 1447 1364 αὑτός
1462 1340 1509 1359 σου
1524 1331 1675 1368 κυριεύσει.
1692 1341 1702 1357 ι

1094 1385 1103 1400 1
1125 1375 1189 1402 Ἐὰν
1202 1376 1335 1413 γενομένη
1361 1378 1474 1414 γένηται
1500 1379 1569 1413 γυνὴ
1593 1378 1687 1412 ἀνδρὶ,
1706 1377 1754 1405 καὶ
1767 1377 1847 1412 εὐχαὶ

1055 1421 1141 1456 αὑτῆς
1156 1423 1199 1449 ἐπ’
1215 1423 1284 1458 αὐτῇ
1295 1443 1303 1454 ,
1329 1423 1402 1451 κατὰ
1425 1424 1474 1459 τὴν
1493 1424 1636 1460 διαστολὴν
1651 1424 1708 1451 τῶν
1734 1424 1847 1459 χειλέων

1055 1467 1151 1504 αὐτῆς,
1166 1468 1231 1500 ὅσας
1251 1469 1372 1504 ὡρίσατο
1399 1470 1471 1497 κατὰ
1496 1471 1548 1506 τῆς
1561 1470 1651 1505 ψυχῆς
1676 1470 1772 1505 αὐτῆς,
1800 1470 1848 1497 καὶ

1056 1513 1160 1549 ἀκούσῃ
1174 1515 1187 1540 ὁ
1204 1507 1273 1550 ἀνὴρ
1291 1516 1387 1551 αὑτῆς,
1405 1516 1452 1544 καὶ
1469 1517 1676 1552 παρασιωπήσῃ
1691 1516 1772 1552 αὐτῇ.
1786 1513 1849 1553 ᾖᾶν
1864 1509 1868 1514 ”

1057 1559 1149 1596 ήμέρᾳ
1160 1560 1276 1597 ἀκούσῃ,
1290 1562 1337 1588 καὶ
1351 1561 1423 1589 οὕτω
1451 1563 1595 1598 στήσονται
1623 1564 1709 1590 πᾶσαι
1724 1563 1754 1589 αἰ
1768 1563 1848 1598 εὑχαὶ

1057 1605 1152 1640 αὐτῆς,
1166 1607 1212 1633 καὶ
1227 1608 1251 1634 οἰ
1266 1608 1375 1643 ὀρισμοὶ
1401 1608 1498 1644 αὑτῆς,
1511 1608 1558 1640 οὒς
1574 1609 1695 1644 ὡρίσατο
1714 1608 1785 1636 κατὰ
1799 1609 1847 1644 τῆς

1056 1651 1148 1687 ψυχῆς
1177 1653 1263 1688 αὑτῆς
1287 1654 1442 1688 στήσονται.
1462 1654 1526 1681 Ἐὰν
1547 1655 1577 1681 δὲ
1603 1654 1739 1691 ἀνανεύσῃ
1754 1656 1849 1691 eam,

1057 1698 1155 1734 αὑτῆς,
1200 1699 1248 1726 ἐὰν
1261 1700 1355 1736 ἡμέρᾳ
1383 1701 1504 1737 ἀκούσῃ,
1519 1701 1606 1728 πᾶσαι
1620 1701 1648 1728 αἰ
1659 1701 1738 1736 εὐχαὶ
1753 1701 1848 1736 αὑτῆς,

1058 1743 1105 1771 καὶ
1118 1745 1142 1770 οἱ
1155 1745 1265 1780 ὁρισμοὶ
1280 1745 1378 1780 αὑτῆς,
1401 1745 1449 1778 οὓς
1468 1745 1590 1781 ὡρίσατο
1614 1745 1686 1773 κατὰ
1699 1746 1749 1781 τῆς
1761 1745 1848 1780 ψυχῆς

1057 1788 1155 1824 αὑτῆς,
1172 1789 1203 1815 οὑ
1221 1790 1360 1824 μενοῦσιν,
1379 1791 1421 1817 ὃτι
1441 1790 1511 1826 ἀνὴρ
1521 1790 1651 1818 ἀνένευσε
1662 1799 1668 1807 ·
1685 1791 1733 1818 καὶ
1748 1790 1848 1826 Κύριος
1887 1819 1890 1824 _

1058 1834 1205 1871 καθαρίσει
1222 1835 1320 1872 αὑτήν.
1335 1845 1345 1863 ι

1097 1936 1107 1953 ι
1123 1927 1194 1964 Γυνὴ
1209 1927 1276 1954 ίδιον
1297 1908 1396 1964 ἄνδραγί
1411 1928 1537 1964 τιμῶσα,
1554 1927 1624 1964 σοφὴ
1645 1928 1713 1955 πᾶσι
1734 1926 1853 1963 φανήσει

1059 1981 1116 2000 ται.
1129 1982 1138 2000 ι

1077 1981 1116 2001 αι.
1129 1982 1138 2000 ι

1098 2026 1108 2044 ι
1125 2019 1158 2045 Αἰ
1173 2020 1305 2054 γυναῖκες
1317 2020 1374 2052 τοῖς
1396 2019 1473 2051 ἰδίοις
1495 2019 1626 2056 ἀνδράσιν
1641 2019 1844 2047 ὑποτασσέσθω

1061 2072 1111 2090 σαν
1128 2063 1166 2096 ὥς
1179 2064 1217 2099 τῷ
1230 2065 1327 2101 Κυρίῳ
1347 2073 1355 2082 ⁸
1377 2065 1417 2092 ὅτι
1435 2064 1506 2101 ἀνὴρ
1525 2065 1632 2100 κεφαλὴ
1643 2065 1694 2101 τῆς
1711 2065 1850 2099 γυναικδς,

1060 2110 1098 2143 ὡς
1113 2111 1161 2138 καὶ
1175 2111 1189 2138 ὸ
1203 2111 1320 2147 Χριστος
1347 2111 1453 2147 κεφαλὴ
1476 2111 1527 2146 τῆς
1550 2111 1729 2146 Ἐκκλησίας”
1746 2111 1793 2138 καὶ
1804 2111 1846 2138 αὖ·

1061 2157 1107 2189 τός
1120 2157 1178 2184 ἐστι
1191 2157 1298 2193 κεφαλὴ
1311 2156 1358 2185 τοῦ
1377 2157 1516 2193 σώματος.
1533 2157 1603 2184 Ἀλλ’
1621 2157 1660 2190 ὡς
1675 2159 1691 2192 ἡ
1704 2156 1850 2191 Ἐκκλησία

217 2203 349 2236 Christo,
367 2203 406 2230 ita
432 2209 460 2231 et
485 2204 614 2232 mulieres
639 2203 705 2232 viris
731 2203 790 2232 suis
815 2204 843 2231 in
869 2204 1008 2232 omnibus.

1063 2203 1246 2230 ὑποτάσσεται
1270 2203 1309 2239 τῷ
1336 2202 1464 2239 Χριστῷ,
1489 2202 1575 2235 οὕτως
1604 2203 1651 2230 καὶ
1669 2203 1698 2230 αἰ
1724 2203 1851 2237 γυναῖκες

219 2247 416 2285 Unusquisque
439 2257 552 2278 uxorem
575 2257 654 2278 suam
669 2250 743 2278 sicut
756 2250 877 2286 seipsum
891 2250 1009 2287 diligat:

226 2295 328 2323 mulier
342 2298 434 2323 autem
445 2315 453 2329 ,
469 2300 499 2324 ut
514 2296 609 2324 timeat
625 2295 716 2324 virum
732 2303 824 2325 suum.
840 2305 850 2322 ι

257 2384 272 2412 1
289 2384 363 2413 Petr.
379 2392 427 2418 ιιι,
448 2385 507 2413 1-6.
520 2400 555 2408 -
571 2395 580 2412 ι
596 2385 725 2415 Mulieres
741 2386 860 2415 subditm.
875 2387 932 2415 sint
943 2387 1012 2416 viris

219 2431 298 2465 suis;
315 2434 346 2458 ut
363 2436 391 2459 et
407 2431 431 2460 si
447 2431 495 2467 qui
517 2439 572 2460 non
588 2433 706 2460 credunt
722 2434 820 2465 verbo,
839 2440 888 2468 per
912 2433 1011 2462 mulie-

220 2484 282 2504 rum
300 2477 541 2505 conversationem
559 2477 700 2505 lueriﬁant
711 2498 718 2511 ,
737 2477 948 2505 considerantes
964 2485 1012 2505 ve-

219 2529 307 2552 stram
327 2523 356 2552 in
374 2523 475 2552 timore
492 2523 744 2552 conversationem.
764 2524 887 2558 Quarum
904 2531 958 2552 non
975 2524 1012 2552 sit

218 2570 395 2598 extrinsecus
409 2570 573 2606 capillatura
584 2590 592 2602 ,
610 2574 659 2598 aut
675 2569 858 2598 circumdatio
872 2570 932 2597 auri
944 2590 952 2603 ,
966 2575 1012 2598 aut

220 2615 378 2645 indumenti
391 2616 621 2644 vestimentorum
637 2616 730 2644 cultus
742 2625 751 2643 :
769 2616 817 2644 sed
830 2616 877 2651 qui
892 2616 1012 2644 abscon-

219 2663 297 2690 dixus
311 2666 356 2690 est
376 2662 468 2691 cordis
483 2663 566 2691 homo
577 2684 585 2697 ,
601 2662 628 2690 in
647 2662 911 2696 incorruptibilitute
925 2662 1011 2698 quieti

221 2711 249 2734 et
265 2709 383 2737 modesti
400 2709 531 2745 spiritus,
547 2710 594 2745 qui
608 2712 652 2738 est
666 2709 694 2737 in
709 2713 859 2745 conspectu
874 2708 921 2737 Dei
936 2709 1012 2737 loeu-

222 2753 293 2786 pies.
313 2754 360 2782 Sic
377 2756 449 2783 enim
466 2761 494 2784 et
510 2756 659 2791 aliquando
676 2756 806 2784 mulieres
823 2759 968 2791 sperantes
983 2756 1012 2784 in

225 2797 280 2824 Deo
299 2800 437 2830 ornabant
461 2810 508 2836 se,
532 2802 663 2837 subjectae.
688 2803 808 2838 propriis
832 2803 910 2830 viris.
936 2803 1013 2830 Sicut

225 2842 294 2872 Sara
312 2844 455 2879 obediebat
479 2847 614 2882 Abrahae,
630 2848 772 2885 dominum
797 2857 860 2877 eum
888 2855 1010 2878 vocans:

1062 2249 1118 2281 τοῖς
1143 2249 1273 2284 ἀνδράσιν
1288 2248 1318 2276 ὲν
1335 2249 1429 2276 πᾶσιν.
1446 2248 1582 2280 Ἕκαστος
1614 2248 1665 2284 τὴν
1692 2247 1788 2274 ἑαυτοῦ
1803 2255 1846 2281 γυ-

1062 2296 1144 2323 ναῖκα
1156 2295 1194 2327 ὼς
1203 2295 1299 2322 ἑαυτὸν
1320 2295 1456 2330 ἀγαπάτω
1468 2303 1475 2311 ·
1493 2296 1510 2331 ὴ
1532 2295 1561 2322 δὲ
1574 2295 1653 2331 γυνὴ.
1678 2295 1723 2322 ἴνα
1745 2294 1852 2330 φοσηθῇ

1062 2341 1108 2368 τὸν
1121 2341 1215 2376 ἄνδρα.
1229 2345 1238 2366 i
1720 2357 1722 2359 -

1103 2395 1112 2412 1
1126 2386 1159 2413 Al
1174 2387 1304 2420 γυναῖκες
1317 2385 1539 2420 ὑποτασσόμεναι
1553 2386 1610 2417 τοῖς
1620 2385 1696 2417 ἰδίεις
1709 2385 1852 2421 ἀνδράσιν,

1063 2431 1106 2459 ἴνα
1116 2432 1144 2458 εἰ
1156 2440 1229 2463 τινες
1251 2430 1395 2458 ἀπειθοῦσι
1412 2430 1451 2466 τῷ
1464 2431 1554 2465 λόγῳ,
1580 2430 1625 2458 διὰ
1655 2431 1705 2466 τῆς
1733 2431 1787 2457 τῶν
1802 2439 1852 2464 γυ-

1062 2477 1169 2506 ναικῶν
1197 2477 1373 2512 ἀναστροφῆς
1403 2477 1469 2505 ἄνευ
1500 2478 1580 2512 λόγου
1609 2477 1853 2514 κερδηθήσωνται·

1062 2525 1285 2556 ἐποπτεύσαντες
1296 2524 1348 2560 τὴν
1358 2524 1388 2551 ὲν
1409 2524 1486 2560 φόϐῳ
1499 2523 1676 2560 ἀναστροφὴν
1699 2523 1788 2559 ὑμῶν.
1803 2521 1854 2550 Ὧν

1062 2571 1133 2599 εστω
1148 2571 1197 2607 οὑχ
1210 2573 1225 2599 6
1236 2572 1265 2598 ἐν
1278 2571 1393 2603 πλοκαῖς
1411 2570 1513 2607 τριχῶν
1527 2571 1575 2598 καὶ
1591 2570 1760 2606 περιθέσεως
1789 2579 1854 2606 χρυ-

1063 2617 1174 2653 σίων,ἢ
1188 2616 1320 2649 ἐνδύσεως
1339 2616 1455 2653 ἱματίων
1480 2617 1593 2651 κόσμος,
1623 2616 1681 2643 ἀλλ’
1697 2617 1712 2642 ὁ
1733 2615 1853 2652 κρυπτὺς

1061 2663 1112 2699 τῆς
1124 2663 1239 2699 καρδίας
1252 2663 1396 2699 ἄνθρωπος
1415 2663 1445 2690 ιν
1460 2662 1594 2698 ἀφθάρτῳ
1610 2662 1658 2689 τοῦ
1673 2661 1776 2698 πραέος
1807 2661 1854 2688 καὶ

1062 2708 1175 2744 ἡσυχίου
1206 2707 1373 2743 πνεύματος,
1400 2708 1430 2739 ὅς
1463 2707 1537 2734 ἔστιν
1565 2706 1683 2734 ἐνώπιον
1708 2705 1755 2734 τοῦ
1785 2705 1854 2732 Θεοδ

1063 2753 1222 2788 πολυτελής.
1235 2753 1330 2785 Οὕτως
1342 2753 1397 2788 γάρ
1414 2761 1481 2780 ποτε
1493 2753 1521 2780 αἰ
1538 2753 1670 2787 γυναῖκες
1687 2753 1716 2779 αἰ
1730 2751 1854 2783 ἐλπίζον-

1063 2809 1110 2828 σαι
1131 2801 1171 2832 εἰς
1187 2800 1265 2831 Θεὸν,
1290 2799 1426 2835 ἐκόσμουν
1438 2799 1549 2831 ἑαυτὰς,
1563 2798 1785 2833 ὑποτασσόμεναι
1797 2798 1856 2828 τοῖς

1065 2847 1140 2880 ἰδίοις
1167 2846 1307 2883 ἀνδράσιν,
1322 2845 1359 2880 ὼς
1379 2843 1471 2883 Σάρρα
1496 2845 1636 2882 ὑπήκουσε
1652 2844 1691 2880 τῷ
1711 2843 1855 2880 Ἀϐραὰμ,
