2074 3115
222 144 290 177 1°19

813 139 845 171 S.
863 138 1023 170 JOANNIS
1043 134 1259 168 DAMASCENI

1789 135 1859 172 1390'

221 207 378 241 ligaverunt
408 203 487 231 'llum
508 202 536 229 in
562 200 742 236 compedibus
766 199 856 228 aeneis.
873 208 880 226 τ
897 203 924 226 ct
949 202 1009 226 erat

1065 197 1221 241 ικράτησαν
1244 194 1325 224 αὐτὸν
1346 197 1371 224 οί
1389 197 1545 233 ἀλλόφυλοι,
1567 195 1615 224 καὶ
1635 193 1775 233 ἑξώρυξαν
1794 199 1856 225 τοὺς

221 253 329 280 molens
346 252 375 278 in
390 250 473 278 domo
486 247 619 277 carceris.
641 256 651 273 ι

262 382 310 411 Ill
324 382 388 418 Reg.
401 391 439 416 ιιι,
452 383 530 410 4.ο-ι
540 380 646 410 Factus
657 384 700 408 est
714 379 844 408 Salomon
853 379 881 406 in
893 383 1015 413 tempore

223 429 390 461 senectutis,
408 433 436 456 et
453 435 508 456 non
528 431 588 456 erat
601 434 650 454 cor
661 426 723 461 ejus
743 424 867 461 perfecte
884 432 946 452 cum
961 423 1016 450 Do-

224 475 311 506 mino,
329 474 411 502 sicuti
435 480 483 501 cor
501 469 585 500 David
601 471 690 507 patris
714 471 815 505 ipsius.
839 470 873 497 Et
894 469 1016 496 declina-

222 523 323 548 verunt
353 518 484 546 mulleres
512 517 675 551 alienigenae
698 523 747 543 cor
772 515 834 550 ejus
855 517 919 549 post
948 513 1015 540 deos

223 573 302 594 suos.
321 563 399 592 Tunc
413 563 561 591 aedificavit
580 562 714 589 Salomon
737 560 879 589 excelsum
896 558 1015 587 Chamos

224 611 298 639 idolo
317 610 406 642 Moab,
425 614 453 637 et
475 608 532 644 regi
556 608 674 635 filiorum
700 606 830 638 Ammon,
856 609 884 633 et
898 605 1016 638 ,Astarte

224 655 426 685 abominationi
463 653 654 682 Sidoniorum.
678 652 711 679 Et
741 651 774 678 ad
806 651 879 678 hunc
903 650 1015 678 modum

222 704 291 732 fecit
307 701 438 729 omnibus
454 700 619 727 mulieribus
633 698 692 727 suis
710 697 885 733 alienigenis.
901 695 935 724 Et
950 697 1016 724 ado-

224 750 330 782 lebant,
349 751 378 775 ct
394 745 592 775 sacrificabant
614 744 775 772 simulacris
791 743 860 772 suis.
881 752 891 769 ι

260 835 339 862 Prov.
357 843 385 868 ν,
398 833 427 861 2.
442 849 478 854 -
504 842 513 860 ι
530 833 570 861 Ne
590 833 717 860 attendas
734 831 767 858 ad
785 837 898 865 pravam
916 830 1014 858 mulie-

1065 236 1224 279 ὀφθαλμοὺς
1237 243 1332 276 αὐτοῦ,
1350 244 1397 270 καὶ
1410 243 1585 280 κατήνεγκαν
1599 243 1681 271 αὐτὸν
1696 243 1736 275 είς
1755 243 1859 276 Γάζαν·

1067 289 1122 315 Καὶ
1136 288 1235 324 ιδησαν
1248 288 1330 317 αὑτὸν
1341 289 1371 317 ὲν
1385 289 1481 322 πέδαις
1497 289 1622 325 χαλκαῖς,
1635 289 1683 316 καὶ
1696 287 1731 325 ἦν
1745 289 1858 326 ἀλήθων

1065 335 1095 360 ὲν
1109 334 1177 369 οἴκῳ
1194 334 1245 370 τῆς
1262 334 1387 370 φυλακῆς
1414 343 1424 359 ι

1105 389 1114 406 ι
1131 379 1264 416 Ἐγενήθη
1278 381 1307 407 ὲν
1322 379 1360 415 τῷ
1374 379 1463 415 καιρῷ
1477 379 1581 415 γήρους
1592 379 1730 415 Σολομὼν.
1745 379 1792 407 καὶ
1802 380 1854 407 οὐκ

1065 422 1126 460 ἧνή
1144 424 1243 460 καρδία
1267 425 1351 452 αὐτοῦ
1369 425 1481 457 τελείως
1500 425 1570 461 μετὰ
1597 425 1713 461 Κυρίου,
1733 424 1825 457 καθὼς
1839 427 1856 461 ἠ

1066 469 1165 505 καρδία
1183 469 1266 497 Δαὸὶδ
1279 469 1326 497 τοῦ
1348 469 1455 504 πατρὸς
1476 468 1569 496 αὐτοῦ.
1586 469 1641 496 Καὶ
1664 468 1805 501 ἐξέκλιναν
1827 470 1856 496 αί

1067 517 1199 550 γυναῖκες
1227 517 1255 543 αί
1280 516 1422 552 ἀλλότριαι
1451 515 1500 551 τὴν
1521 514 1636 550 καρδίαν
1657 515 1741 542 αὑτοῦ
1766 514 1856 542 ὀπίσω

1067 561 1138 589 θεῶν
1166 561 1265 590 αὐτῶν.
1278 563 1344 589 Τότε
1357 550 1516 598 ᾠκοδόμησε
1542 559 1668 596 Σολομὼν
1690 560 1792 596 ὑψηλὸν
1814 550 1862 596 τῷΙ

1066 607 1171 644 Χαμῶς
1199 608 1300 644 εἰδώλῳ
1324 607 1423 639 Μωὰὸ,
1441 607 1488 635 καὶ
1515 605 1555 642 τῷ
1578 606 1686 642 βασιλεῖ
1714 606 1767 633 τῶν
1788 599 1864 644 υίῶνῖ

1068 640 1197 690 Ἄμμων,
1213 654 1261 681 καὶ
1274 640 1308 690 τῇ
1319 653 1457 690 Ἀστάρτῃ
1472 640 1778 689 βδελῦγματιΣιδωνίων
1787 660 1794 668 ·
1807 640 1863 679 καὶ1

1066 699 1153 731 οῦτως
1181 699 1294 735 ἐποίησε
1318 699 1418 731 πάσαις
1441 700 1502 731 ταῖς
1527 698 1654 733 γυναιξὶν
1682 697 1766 725 αὐτοῦ
1793 699 1854 731 ταῖς

1066 745 1240 781 ἀλλοτρίαις·
1269 746 1317 773 καὶ
1329 746 1462 781 ἐθυμίων,
1481 745 1530 772 καὶ
1553 744 1632 772 ἔθυον
1651 745 1707 777 τοῖς
1733 743 1855 777 εἰδώλοις

1066 790 1169 818 αὐτῶν.
1184 799 1194 816 ι

1105 845 1114 862 ι
1127 835 1174 871 Μὴ
1188 834 1305 871 πρόσεχε
1319 834 1409 871 φαύλῃ
1420 835 1540 869 γυναικί.
1552 834 1624 862 Μέλι
1636 834 1691 870 γὰρ
1703 834 1854 867 ἀποστάζει

224 891 293 910 rem.
312 881 380 909 Nam
397 881 449 909 mel
467 880 585 908 distillat
601 887 616 908 e
636 879 730 914 lingua
751 877 919 910 meretricis,
936 881 964 905 et
979 876 1012 904 ad

1065 881 1119 909 ἀπὸ
1134 880 1248 916 χειλέων
1262 880 1392 914 γυναικὸς
1406 880 1520 915 πόρνης,
1535 880 1553 915 ἢ
1573 879 1642 916 πρὸς
1658 881 1752 916 καιρὸν
1763 879 1855 907 λιπαί-

224 933 335 962 tempus
352 927 505 962 impinguat
529 925 625 953 fauces
638 929 718 955 tuas:
735 927 905 960 postremum
922 926 1013 950 autem

224 975 285 1009 ejus
304 974 427 1001 amarius
445 970 596 1008 absynthio
611 970 742 1007 reperies,
759 973 786 998 et
801 972 914 996 acutum
927 967 1015 1003 magis

224 1028 307 1055 quam
320 1019 441 1055 gladium
458 1017 621 1053 ancipitem.
638 1025 648 1042 ι

262 1065 342 1093 Prov.
359 1072 398 1097 νι,
412 1063 457 1092 26.
475 1079 509 1085 —
523 1071 533 1089 ι
549 1062 648 1090 Mulier
658 1061 797 1097 pretiosas
812 1059 934 1087 virorum
953 1058 1014 1086 ani-

224 1119 285 1140 mas
301 1111 384 1145 capit.
408 1109 493 1138 Sedes
515 1107 685 1146 ignominiaa,
712 1106 813 1134 mulier
827 1105 892 1134 odio
911 1105 1014 1134 habens

223 1157 310 1192 iusta.
329 1165 338 1182 ι

259 1202 339 1230 Prov.
357 1208 408 1234 vn,
426 1199 455 1228 2.
477 1215 508 1222 --
529 1208 538 1225 ι
559 1198 624 1231 Fili,
648 1204 728 1226 serva
751 1196 879 1224 mandata
895 1203 968 1228 mea,
987 1199 1014 1223 et

224 1249 302 1276 vives
318 1257 324 1275 :
343 1251 375 1274 ut
391 1251 418 1274 te
431 1244 591 1273 custodiant
610 1250 625 1270 a
642 1243 759 1270 muliere
781 1243 872 1270 aliena
888 1246 916 1270 et
929 1241 1014 1269 mala.

223 1293 263 1322 De
290 1293 413 1320 fenestra
441 1290 516 1318 enim
534 1289 634 1317 domus
661 1295 730 1316 meae
757 1295 806 1323 per
826 1287 965 1314 cancellos
985 1286 1014 1314 in

224 1339 331 1374 plateas
345 1336 532 1373 prospiciens,
548 1341 630 1371 quem
645 1334 748 1361 viderit
763 1341 778 1361 c
795 1333 860 1361 ﬁliis
879 1331 1014 1367 insipien-

224 1385 301 1412 tibus
315 1384 446 1419 juvenem
462 1385 603 1416 expertem
621 1386 716 1413 sensu,
733 1379 781 1414 qui
804 1378 904 1406 transit
919 1378 947 1405 in
965 1385 1015 1405 an-

224 1431 300 1466 gulo.
326 1429 354 1456 in
378 1427 459 1456 biviis
473 1426 619 1453 domorum
643 1425 716 1459 ejus,
740 1428 768 1452 et
798 1424 959 1459 loquentem
986 1423 1013 1451 in

224 1474 384 1511 vespertina
404 1472 588 1505 obscuritate,
610 1471 724 1506 quando
741 1471 797 1506 jam
817 1475 861 1499 est
881 1474 1015 1498 nocturna

223 1521 302 1556 quies
333 1523 361 1546 et
381 1517 555 1554 caliginosa:
587 1515 687 1544 mulier
709 1519 802 1543 autem
824 1515 946 1543 occurrit
973 1515 1012 1542 illi

225 1566 345 1602 speciem
363 1564 470 1592 habens
491 1562 689 1594 meretriciam,
710 1569 772 1598 quae
794 1562 901 1590 seducit
917 1561 1013 1596 junio-

223 1620 285 1641 rum
301 1611 398 1640 corda.
416 1610 475 1637 Alis
486 1609 626 1637 instructa
644 1611 687 1635 est
703 1608 898 1644 intemperanti
911 1615 988 1634 more
1004 1615 1012 1634 :

224 1658 299 1687 domi
313 1657 400 1693 quieti
417 1663 472 1684 non
489 1659 555 1683 sunt
571 1654 655 1689 pedes
669 1655 742 1689 ejus.
757 1653 826 1681 Nam
843 1653 925 1681 modo
938 1653 1014 1681 foras

224 1703 416 1739 circumgirat,
436 1700 519 1728 modo
542 1701 570 1727 in
584 1699 684 1735 plateis
702 1699 783 1735 juxta
802 1706 912 1727 omnem
927 1705 1014 1734 angu-

224 1753 281 1779 lum
307 1749 464 1778 insidiatur.
487 1746 592 1774 Deinde
607 1745 767 1780 suscipiens
782 1744 926 1772 osculatur
938 1751 1012 1776 eum,

224 1795 376 1832 impudenti
406 1800 472 1822 vero
493 1792 570 1819 vultu
593 1791 671 1818 illum
691 1790 845 1825 alloquitur
873 1789 1013 1817 :Vietima

224 1842 339 1878 pacillca
356 1839 424 1868 mihi
438 1843 494 1871 est,
510 1837 595 1866 hodie
609 1836 697 1864 reddo
711 1839 774 1863 vota
788 1842 858 1863 mea.
875 1834 1013 1870 5.10M-

224 1891 300 1917 circo
315 1893 427 1922 egressa
443 1892 505 1914 sum
518 1883 546 1911 in
562 1889 712 1911 occursum
730 1887 807 1910 tuum
821 1889 828 1914 ;
847 1880 1013 1908 desiderans

226 1936 324 1964 facient
340 1938 427 1965 tuam,
445 1936 473 1959 te
489 1930 592 1966 reperi.
613 1928 720 1958 Fasciis
740 1927 862 1957 instruxi
880 1926 1011 1956 lectulum

224 1988 335 2014 meum;
362 1978 558 2013 tapetibusque
585 1974 722 2012 )Egyptiis
754 1973 841 2003 stravi
870 1983 877 1999 :
905 1971 1011 2008 aspersi

224 2027 317 2056 cubile
334 2032 424 2053 meum
436 2030 533 2056 croco,
551 2027 578 2050 et
589 2021 701 2049 domum
719 2027 808 2048 meam
822 2019 1012 2048 cinnamomo.

225 2073 305 2105 Veni,
320 2076 347 2099 et
363 2071 488 2098 fruamur
511 2067 654 2096 amoribus
671 2074 760 2101 usque
777 2073 870 2094 mane.
888 2063 970 2096 Veni,
985 2067 1014 2091 et

224 2120 399 2148 involvamur
418 2123 524 2143 amore.
541 2113 602 2142 Non
617 2113 691 2141 enim
708 2116 751 2140 est
768 2112 813 2139 vir
833 2118 912 2139 meus
925 2110 1012 2140 domi,

225 2165 292 2194 abiit
304 2164 378 2191 viam
393 2161 598 2196 longissimam,
625 2158 740 2187 sacculo
761 2158 885 2193 pecunia
902 2160 1013 2191 sumpto

1065 936 1107 954 νει
1124 926 1171 953 σὺν
1187 927 1329 962 φάρυγγα,
1345 925 1458 964 ὕστερον
1481 925 1573 961 μέντοι
1589 927 1753 962 πικρότερον
1772 926 1854 962 χολῆς

1065 973 1206 1009 εὑρήσεις,
1228 971 1274 999 καὶ
1300 971 1471 1008 ἠκονημένον
1492 971 1593 1008 μᾶλλον
1615 971 1753 1008 μαχαίρας
1765 971 1856 999 διστό-

1088 1027 1129 1046 ου.
1147 1027 1156 1044 Ι

1088 1027 1129 1046 ου.
1147 1027 1156 1044 ι

1067 1027 1087 1054 μ
1104 1074 1113 1090 ι
1133 1063 1206 1100 Γυνὴ
1226 1062 1320 1098 τιμίας
1338 1062 1429 1098 ψυχὰς
1444 1061 1550 1098 ἀνδρῶν
1564 1062 1690 1099 ἀγρεύει.
1705 1079 1740 1084 -
1754 1062 1854 1099 Θρόνος

1066 1109 1190 1146 ἀτιμίας,
1203 1109 1273 1145 γυνὴ
1286 1108 1407 1146 μισοῦσα
1420 1108 1524 1136 δίκαια.
1539 1117 1548 1134 ι

1104 1208 1114 1226 ι
1130 1200 1190 1233 Υἱὲ,
1207 1199 1329 1234 φύλασσε
1344 1198 1414 1234 ἐμὰς
1424 1196 1546 1231 ἐντολὰς,
1562 1196 1610 1224 καὶ
1629 1195 1750 1232 ﬂuitante,
1766 1196 1810 1224 ινα
1821 1204 1854 1223 σι

1065 1246 1174 1282 τηρήσῃ
1190 1245 1250 1282 ἀπὸ¹
1259 1245 1391 1280 γυναικὸς
1405 1243 1551 1279 ἀλλοτρίας
1567 1242 1615 1270 καὶ
1640 1242 1772 1278 πονηρᾶς.
1785 1241 1856 1269 ’Δπδ

1066 1292 1121 1327 γὰρ
1136 1291 1245 1327 θυρίδος
1271 1292 1303 1317 ὲκ
1323 1289 1370 1317 τοῦ
1389 1289 1464 1316 οἴκου
1485 1288 1572 1324 αὐτῆς
1593 1288 1634 1320 είς
1647 1288 1696 1320 τὰς
1722 1287 1854 1318 πλατείας

1067 1337 1301 1373 παρακύπτουσα,
1323 1335 1353 1363 ὃν
1380 1335 1414 1362 ἂν
1439 1335 1481 1371 ἴδῃ
1509 1334 1564 1362 τῶν
1590 1334 1717 1370 ἀφρόνων
1749 1333 1854 1361 τέκνων

1066 1383 1178 1411 νεανίαν
1197 1382 1273 1418 ινδεῆ
1296 1381 1404 1418 φρενῶν
1428 1380 1690 1417 παραπορευόμενον
1712 1380 1741 1407 ὲν
1756 1379 1854 1416 γωνίᾳ,

1066 1431 1097 1457 ιν
1119 1429 1217 1461 διόδοις
1243 1429 1326 1456 οἴκων
1345 1428 1431 1463 αὐτῆς
1444 1446 1452 1460 ,
1479 1427 1526 1454 καὶ
1542 1426 1675 1454 λαλοῦντα
1706 1427 1736 1453 ὲν
1763 1425 1854 1453 σκότει

1067 1475 1217 1512 ἑσπερινιῖῃ
1231 1476 1315 1510 ἡνίκα
1328 1474 1362 1502 ἀν
1408 1473 1510 1508 ἡσυχία
1521 1471 1668 1508 νυκτερινὴ
1684 1471 1732 1499 καὶ
1748 1471 1853 1506 γνοφὼ-

1066 1521 1115 1558 δης
1125 1530 1133 1536 ·
1145 1523 1162 1557 ἡ
1176 1520 1205 1548 δὲ
1218 1520 1289 1556 γυνὴ
1302 1519 1419 1554 συναντᾷ
1433 1517 1508 1554 αὐτῷ
1519 1516 1589 1550 είδος
1601 1517 1702 1554 ἔχουσα
1713 1516 1853 1553 πορνικδν,

1066 1568 1083 1603 ἢ
1099 1568 1172 1594 ποιεί
1194 1566 1263 1593 νέων
1289 1564 1453 1598 ἐξίπτασθαι
1478 1564 1605 1600 καρδίας.
1625 1562 1853 1599 ’Δνεπτερωμένη

1065 1614 1140 1640 ἐστὶν
1157 1611 1272 1644 ἀσώτως
1281 1619 1289 1627 ·
1302 1612 1332 1638 ιν
1345 1610 1414 1646 οίκῳ
1428 1610 1457 1637 δὶ
1471 1609 1521 1645 οὐχ
1541 1608 1724 1645 ἡσυχάζουσιν
1734 1609 1760 1636 oi
1774 1608 1855 1638 Μδες

1065 1659 1161 1694 αὐτῆς.
1175 1658 1280 1694 Χρόνον
1302 1656 1357 1691 γάρ
1374 1664 1435 1683 τινα
1448 1654 1501 1687 ἔξω
1518 1654 1662 1691 ῥέμϐεται,
1678 1654 1768 1690 χρόνῳ
1785 1653 1813 1681 δὲ
1825 1653 1854 1680 ὲν

1066 1704 1208 1736 πλατείαις
1230 1703 1307 1739 παρὰ
1323 1703 1415 1730 πᾶσαν
1434 1701 1538 1737 γωνίαν
1553 1701 1699 1736 ἑνεδριύει.
1714 1698 1781 1728 Είτα
1794 1700 1855 1727 tm-

1065 1749 1204 1785 λαϐομένη
1219 1749 1348 1784 ἐφίλησεν
1361 1747 1455 1780 αὐτὸν,
1464 1747 1569 1774 ἀναιδεῖ
1578 1746 1607 1773 δὲ
1619 1745 1759 1783 προσώπῳ
1771 1753 1855 1782 προσ-

1065 1797 1142 1822 εῖπεν
1156 1793 1229 1828 αὺτῷ
1240 1802 1248 1809 ο
1265 1793 1353 1821 Θνσία
1365 1792 1492 1828 είρηνική
1503 1791 1550 1828 μοι
1566 1792 1635 1824 ἐστι,
1653 1791 1773 1826 σήμερον
1785 1791 1853 1818 ἁπο-

1064 1841 1162 1875 δίδωμι
1181 1840 1230 1872 τάς
1250 1838 1332 1874 εὐχάς
1354 1846 1416 1872 μου.
1437 1837 1541 1864 Ἕνεκα
1554 1836 1650 1864 τούτου
1676 1836 1790 1871 ἐξῆλθον
1812 1837 1854 1867 εἰς

1066 1884 1231 1920 συνάντησιν
1253 1892 1306 1910 σοι.
1324 1881 1445 1909 ποῧοῦσα
1467 1881 1498 1908 τὸ
1516 1881 1664 1917 πρόσωπόν
1681 1889 1729 1908 σου
1748 1880 1853 1916 εὓρηκά

1065 1939 1110 1958 σε·
1128 1930 1247 1965 κειρίαις
1261 1928 1364 1955 τέτακα
1375 1927 1425 1963 τὴν
1447 1925 1542 1962 κλίνην
1560 1934 1624 1962 μου,
1641 1925 1809 1961 ἀμφιτάποις
1823 1924 1853 1952 δὲ

1065 1977 1193 2013 ἑστρωκα
1212 1976 1270 2006 τοῖς
1281 1975 1328 2002 ἀπ’
1343 1973 1483 2008 Δίγύπτου
1494 1980 1501 1989 ·
1516 1972 1667 2008 διὲρῤαγκα
1690 1971 1740 2007 τὴν
1759 1971 1853 2006 κοίτην

1067 2032 1119 2059 μου
1135 2022 1239 2059 κρόκῳ,
1260 2021 1306 2048 τὸν
1331 2020 1360 2047 δὲ
1377 2017 1452 2047 οἶκόν
1469 2027 1522 2055 μου
1543 2017 1726 2054 κινναμώμῳ.
1760 2017 1851 2049 nos.

1064 2070 1114 2097 καὶ
1134 2067 1336 2103 ἀπολαύσωμεν
1359 2065 1454 2101 φιλίας
1483 2064 1538 2097 ἕως
1561 2063 1673 2100 ὅρθρου.
1695 2062 1781 2099 Δεῦρο
1805 2062 1854 2090 καὶ

1065 2112 1272 2148 ἔγκυλισθῶμεν
1291 2111 1384 2147 ἔρωτι.
1403 2111 1441 2138 Οὐ
1454 2110 1510 2146 γὰρ
1528 2110 1662 2146 πάρεστιν
1682 2111 1697 2137 ὀ
1713 2110 1784 2146 ἀνήρ
1800 2119 1852 2146 μου

1065 2161 1095 2187 ὲν
1109 2160 1176 2195 οῐκῳ
1186 2167 1194 2174 '
1209 2158 1378 2194 πεπόρευται
1393 2156 1445 2192 ὁδῷ
1458 2157 1563 2193 μακρᾷ,
1573 2156 1705 2192 ἐνδεσμον
1719 2155 1852 2192 ἀργυρίου

224 2212 253 2240 in
271 2217 354 2238 manu
369 2216 419 2236 sua
442 2217 449 2236 :
470 2211 533 2243 post
556 2206 616 2234 dies
640 2204 744 2233 multos
769 2202 870 2231 redibit
899 2202 1011 2229 domum

1065 2204 1156 2232 λαϐὼν
1171 2204 1200 2230 ἑν
1211 2204 1244 2239 τῇ
1266 2203 1339 2239 χειρὶ
1352 2202 1449 2235 αὑτοῦ,
1470 2203 1505 2229 δι’
1522 2201 1634 2238 ἡμερῶν
1650 2201 1756 2228 πολλῶν
1769 2202 1853 2228 ἐπαν-

224 2265 315 2288 suam.
332 2254 450 2283 Seduxit
465 2260 527 2281 eum
547 2251 634 2279 multo
649 2249 800 2284 colloquio,
813 2252 841 2276 et
855 2247 960 2276 retibus
971 2247 1011 2274 la-

223 2306 333 2334 biorum
359 2299 496 2337 pertraxit
517 2299 606 2326 illum.
633 2296 685 2324 llic
703 2299 796 2324 autem
824 2295 1013 2322 circumactus

222 2353 340 2380 secutos
352 2352 408 2375 est.
426 2345 505 2373 Sicut
520 2345 570 2372 bos
586 2343 621 2371 ad
637 2342 777 2370 victimam
793 2341 914 2373 ducitur,
931 2343 959 2368 et
975 2339 1014 2369 si-

221 2399 270 2424 cut
285 2393 365 2422 canis
377 2391 412 2420 ad
422 2391 576 2422 vinculum,
588 2392 635 2416 aut
650 2388 725 2416 sicut
740 2394 840 2416 cervus
852 2386 1013 2413 vulneratus

222 2442 249 2468 in
277 2439 384 2475 iecore,
401 2439 532 2472 properat
564 2434 638 2462 velut
662 2432 721 2461 avis
741 2432 776 2460 ad
802 2431 942 2466 laqueum,
962 2437 1012 2458 ne-

223 2487 316 2515 sciens
333 2484 398 2521 quia
421 2490 472 2519 pro
492 2481 585 2509 anima
604 2479 705 2508 currit.
727 2478 829 2506 Multos
844 2475 1014 2505 vulnerando

224 2519 572 2568 deiecit,-innumernbiles
592 2529 660 2554 sunt
678 2530 752 2559 quos
777 2521 939 2551 trucidavit.
957 2519 1014 2548 Vite

224 2567 380 2607 inferorum
405 2573 505 2602 domus
530 2571 603 2607 eius,
627 2570 797 2604 deducentes
813 2568 841 2596 in
862 2567 1014 2604 penetralia

225 2624 336 2652 mortis.
352 2632 362 2649 ι

263 2670 343 2696 Prov.
357 2675 399 2700 ιι,
412 2667 459 2694 ιιι.
473 2680 507 2687 --
521 2674 531 2690 ι
543 2663 626 2691 Velut
647 2662 757 2690 inauris
770 2661 798 2688 in
817 2660 931 2689 naribus
944 2660 1013 2693 suis,

227 2714 268 2742 sic
284 2713 394 2740 mulieri
412 2717 544 2747 perverso
561 2709 654 2736 animo
669 2706 858 2743 pulchritudo.
879 2715 888 2732 ι

263 2758 346 2785 Prov.
357 2759 396 2789 ιι,
412 2757 456 2784 l5.
473 2771 506 2777 —
529 2765 538 2782 ι
556 2754 656 2782 Mulier
672 2753 757 2781 stulta
776 2757 804 2780 et
824 2759 937 2788 procax,
953 2752 1016 2779 cibo

229 2804 358 2839 indigens
367 2803 494 2837 ellieitur,
518 2809 580 2838 quae
596 2808 647 2829 nec
668 2801 745 2828 novit
773 2800 919 2835 pudorem.
939 2798 1017 2826 Sedit

231 2850 260 2878 in
278 2848 388 2878 foribus
401 2849 500 2877 domus
518 2856 575 2876 suae
590 2854 675 2883 super
689 2846 798 2881 sellam,
815 2845 905 2880 palam
919 2845 946 2872 in
957 2845 1016 2880 pla-

1064 2251 1125 2287 ἡξει
1137 2251 1176 2282 είς
1187 2249 1232 2277 τὸν
1244 2246 1320 2276 οἷκον
1333 2248 1621 2284 αὑτοῦ.’Δπεπλάνησε
1635 2248 1664 2275 δὲ
1673 2247 1755 2275 αὐτὸν
1767 2247 1853 2283 πολλῇ

1063 2296 1169 2332 ὁμιλίᾳ,
1188 2295 1298 2331 βρόχοις
1309 2295 1339 2322 δὲ
1352 2295 1408 2326 τοίς
1419 2294 1473 2322 ἀπὸ
1483 2293 1597 2329 χειλέων
1607 2293 1752 2326 ὶξώκειλιν
1761 2294 1853 2321 αὐτόν.

1069 2342 1099 2370 '0
1116 2342 1145 2369 δὲ
1167 2341 1372 2376 ὲπηκολούθησε
1394 2339 1562 2374 κεπφωθεὶς,
1576 2339 1626 2367 καὶ
1637 2339 1732 2375 ὥσπερ
1746 2339 1774 2366 δὲ
1789 2338 1854 2375 βοῦς

1064 2388 1111 2415 ἐπὶ
1128 2388 1237 2423 σφαγὴν
1256 2388 1365 2422 ἄγεται,
1381 2386 1428 2413 καὶ
1444 2385 1538 2421 ὥσπερ
1558 2385 1631 2412 κύων
1651 2386 1698 2413 ἐπὶ
1712 2385 1822 2421 δεσμὸν,
1837 2386 1854 2421 ἢ

1064 2433 1102 2465 ὼς
1118 2433 1217 2467 ἔλαφος
1232 2430 1381 2468 πεπληγὼς
1394 2431 1434 2462 είς
1447 2431 1478 2457 τὸ
1489 2428 1577 2466 ἧπαρ,
1591 2430 1702 2458 σπεύδει
1717 2430 1745 2458 δὲ
1758 2430 1853 2466 ὥσπερ

1065 2479 1159 2514 ὄρνεον
1173 2479 1213 2510 είς
1227 2477 1341 2512 παγίδα,
1356 2477 1406 2504 οὐκ
1422 2476 1500 2507 εἰδὼς
1512 2477 1555 2503 ὃτι
1568 2477 1632 2512 περὶ
1648 2477 1736 2513 ψυχῆς
1748 2476 1852 2514 τρέχει.

1067 2524 1186 2556 Πολλοὺς
1211 2523 1341 2559 τρώσασα
1367 2521 1577 2557 καταδέϐληκε,
1599 2521 1647 2549 καὶ
1673 2520 1855 2558 ἀναρίθμητοι

1065 2571 1135 2597 εἰσιν
1149 2569 1196 2601 οὓς
1210 2569 1387 2603 πεφόνευκιν.
1397 2568 1467 2595 Ὀδοὶ
1482 2567 1546 2604 ᾅδου
1559 2568 1573 2595 ὸ
1588 2567 1663 2600 οἶκος
1676 2567 1774 2603 αὐτῆς,
1788 2576 1854 2595 κατ-

1066 2616 1183 2649 άγουσαι
1195 2614 1234 2646 είς
1249 2614 1351 2649 ταμεῖα
1365 2612 1493 2640 θανάτου.
1508 2620 1517 2638 ι

1104 2670 1113 2686 ι
1127 2660 1235 2695 ’Ὠσπερ
1252 2658 1362 2686 ἐνώτιον
1374 2660 1402 2686 ἐν
1418 2658 1474 2694 ῥινὶ
1489 2657 1546 2690 ὑὸς,
1561 2656 1649 2689 οὕτως
1674 2656 1786 2692 γυναικὶ
1803 2665 1855 2684 και

1066 2706 1179 2742 κόφρονι
1193 2705 1300 2737 κάλλος,
1317 2714 1325 2731 ι

1105 2763 1114 2778 ι
1129 2751 1201 2787 Γυνὴ
1215 2752 1311 2787 ἀφρων
1323 2751 1371 2778 καὶ
1387 2750 1513 2786 θρασεῖα,
1528 2748 1620 2784 ἐνδεὴς
1629 2748 1726 2785 ψωμοῦ
1735 2748 1854 2783 γίνεται,

1067 2798 1085 2833 ἢ
1102 2798 1152 2824 οὒκ
1166 2798 1309 2825 ὲπίσταται
1324 2796 1465 2832 αἰσχύνην.
1483 2796 1626 2823 Ἐκάθισεν
1639 2795 1686 2823 ἐπὶ
1696 2795 1791 2832 Θύραις
1805 2795 1855 2824 τοῦ

1068 2844 1167 2879 ἑαυτῆς
1190 2843 1282 2878 οἴκου,
1314 2843 1361 2870 ἐπὶ
1379 2842 1476 2877 δίφρου
1502 2842 1632 2877 ἐμφανῶς
1656 2842 1685 2869 ὲν
1707 2841 1855 2876 πλατείαις
