2074 3115
205 130 270 163 1321

832 130 952 160 SACRA
968 129 1199 160 PARALLELA.

1760 130 1829 163 1322

202 185 430 222 προσκαλουμένη
448 185 511 217 τοὺς
539 183 686 220 παριόντας
705 184 752 210 καὶ
775 183 990 213 κατευθύνοντας

1046 183 1093 211 [οἰδ
1114 191 1219 211 vocans
1245 187 1433 216 transeuntes,
1455 186 1482 211 ct
1507 186 1583 211 recta
1602 185 1660 212 vias
1681 192 1746 213 suas
1768 193 1829 220 per-

203 233 231 258 ὲν
249 233 312 264 ταῖς
326 231 395 263 ὁδοῖς
411 231 512 258 αὑτῶν.
527 230 579 262 ¹¹ος
595 231 669 257 ἐστιν
683 229 762 265 ὑμῶν
775 229 989 265 ἀφρονέστατος,

203 278 356 304 ἐκκλινάτω
371 277 441 311 πρός
459 285 504 312 με,
526 275 620 311 ἐνδεὴς
635 275 664 302 δὲ
678 275 847 311 φρονήσεως,
867 283 990 310 τσιρακε-

202 322 328 357 λεύομαι,
349 321 482 356 λέγουσα·
500 321 609 356 ’Λρτων
624 320 750 356 κρυφίων
767 319 853 355 ἡδέως
873 318 990 353 aeuus,

203 368 251 395 καὶ
266 368 362 399 ὓδατος
375 367 480 403 κλοπῆς
492 366 628 402 γλυκεροῦ
643 365 751 392 πίεσθε.
766 366 796 392 '0
812 365 842 392 δὲ
855 364 906 391 οὐκ
920 362 992 392 οἶδεν

203 415 245 441 ὅτι
262 414 390 449 γηγενεῖς
407 413 474 449 παρ’
488 413 558 448 αὐτῇ
572 411 709 444 ὀλοῦνται,
727 411 775 438 καὶ
799 411 839 443 εἰς
855 411 992 446 πέταυρον

204 459 268 495 ᾆδον
284 459 414 494 συναντᾷ.
431 468 441 484 ι

242 516 252 531 ‹
271 505 376 541 Ὥσπερ
389 505 499 540 σκώληξ
512 504 542 530 ὲν
565 504 649 541 ξύλῳ,
660 503 748 536 οὕτως
763 502 847 538 ἄνδρα
859 502 993 530 ἀπόλλυσι

204 553 274 588 γυνὴ
292 553 451 585 κακοποιὸς.
470 561 480 578 ι

243 609 252 625 ι
276 600 304 625 '0
317 598 441 634 κατέχων
458 598 611 634 μοιχαλίδα,
625 597 721 634 ἄφρων
736 598 786 625 καὶ
798 597 913 633 ἀσεσής.
927 606 937 622 ι

242 699 253 716 ι
263 690 399 725 Κρεϊσσον
411 689 496 716 οἰκεῖν
510 689 540 715 ὲν
558 688 666 724 ἐρήμῳ,
683 688 701 724 ἢ
717 688 787 724 μετὰ
801 687 933 723 γυναικὸς
945 696 995 723 μα-

205 736 285 771 χίμου
301 735 348 762 καὶ
361 734 538 770 γλωσσώδους
550 736 598 761 καὶ
613 734 735 770 ὀργίλου.
752 743 761 760 ι

242 839 253 855 Ι
271 829 405 863 Σταγόνες
418 828 597 856 ἐκϐάλλουσιν
609 828 754 864 ἄνθρωπον
772 828 801 855 ὲν
821 828 912 864 ἡμέρᾳ
937 836 994 863 χει-

206 875 304 909 μερινῇ
314 874 347 900 ὲκ
359 873 407 900 τοῦ
417 873 495 900 οἴκου
511 872 607 906 αὑτοῦ,
618 872 753 905 ὡσαύτως
765 874 812 900 καὶ
823 873 892 908 γυνὴ
908 873 993 900 λοίδο-

206 928 254 954 ρος
271 921 303 946 ὲκ
313 919 361 946 τοῦ
376 919 441 946 ίδίου
457 919 533 946 οἴκου
549 919 633 954 ἄνδρα
646 918 784 946 nam“.
804 928 813 944 ι

243 975 252 991 ι
266 965 333 992 Ἀπὸ
345 966 395 1001 τῆς
414 965 559 1000 συγκοίτου
576 973 622 992 σου
641 964 770 999 φύλαξαι,
786 965 833 992 τοῦ
845 965 993 992 ἀναθέσθαι

205 1012 274 1047 αὐτῇ
287 1020 314 1039 τι
327 1013 426 1039 ποιεῖν.
442 1022 451 1037 ι

244 1070 252 1085 ι
268 1060 315 1094 Μὴ
334 1059 389 1095 δῷς
408 1059 521 1094 γυναικὶ⁸
546 1059 596 1095 τὴν
620 1059 711 1096 ψυχήν
736 1068 795 1092 σου,
825 1059 863 1095 μὴ
886 1059 993 1087 ὑπάντα

205 1106 409 1142 ἐταιριζομένῃ.
425 1106 504 1133 Μετὰ
519 1106 674 1142 ψαλλούσης
686 1106 724 1143 μὴ
739 1105 900 1142 ὲνδελίχιζε.
916 1107 993 1142 Παρ-

205 1152 283 1180 θένον
301 1152 339 1188 μὴ
361 1152 568 1188 καταμάνθανε.
583 1152 629 1188 Μὴ
653 1152 707 1188 δῷς
722 1153 811 1190 πόρνῃ
833 1153 883 1188 τὴν
902 1152 994 1188 ψυχήν

206 1207 264 1226 σου.
281 1198 470 1235 Ἀπόστρεψον
491 1198 539 1226 τὸν
554 1198 695 1234 ὀφθαλμόν
712 1207 760 1226 σου
780 1198 835 1226 ἀπὸ
859 1198 992 1233 γυναικὸς

205 1244 356 1280 εὐμόρφου.
379 1244 456 1272 Μετὰ
479 1244 617 1280 ὑπάνδρου
636 1244 767 1279 γυναικὸς
788 1245 827 1280 μὴ
851 1243 936 1271 κάθου
962 1243 993 1270 τὸ

206 1289 327 1317 σύνολον.
343 1290 388 1317 Ἑν
401 1290 494 1318 κάλλει
506 1290 563 1326 γὰρ
578 1290 710 1325 γυναικὸς
724 1289 819 1317 πολλοὶ
835 1288 994 1324 ἐπλανήθη-

205 1344 266 1363 σαν.
281 1345 292 1363 ι

243 1392 253 1409 ι
272 1380 351 1415 Divo;
366 1383 413 1411 καὶ
427 1384 557 1419 γυναῖκες
569 1383 756 1420 ἀποστήσουσι
773 1382 910 1414 συνετούς.
926 1390 937 1408 ι

242 1485 252 1501 ι
270 1475 382 1511 Πατέρα
400 1476 448 1502 καὶ
471 1475 556 1512 ἄνδρα
578 1474 786 1512 καταισχύνειή
805 1475 931 1512 θρασεῖα,
947 1475 995 1503 καὶ

205 1521 257 1548 ὑπὸ
274 1521 440 1557 ἀμφοτέρων
455 1521 687 1557 ἀτιμασθήσεται.
702 1531 712 1547 ι

242 1578 252 1594 ι
267 1569 338 1604 Γυνὴ
360 1569 552 1596 καταλιποῦσα
574 1569 622 1596 τὸν
644 1569 738 1604 ἄνδρα,
759 1568 807 1596 καὶ
834 1567 997 1603 παριστῶσα

204 1613 375 1650 κληρονόμον
390 1613 420 1646 ἐξ
431 1614 590 1649 ἀλλοτρίων,
606 1613 715 1650 πρῶτον
728 1614 763 1653 ἐνί
778 1613 854 1649 νόμῳ
867 1613 996 1648 Ὑψίστου

207 1661 354 1696 ὴπείθησε,
370 1661 417 1688 καὶ
439 1660 566 1696 δεύτερον
579 1662 620 1693 εἰς
644 1660 729 1696 ἄνδρα
745 1660 829 1696 αὐτῆς
851 1660 997 1695 ἐπλημμέ-

205 1707 300 1742 λησεν,
314 1707 362 1733 καὶ
376 1706 408 1734 τὸ
423 1707 516 1742 τρίτον
533 1707 563 1733 ἐν
583 1705 699 1742 πορνεία
719 1705 877 1741 ἐμοιχεύθη,
897 1706 945 1733 καὶ
967 1705 998 1738 ἐξ

205 1751 347 1786 ἀλλοτρίου
363 1751 460 1788 ἀνδρὸς
485 1752 569 1779 τέκνα
584 1751 769 1788 παρέστησεν.
795 1750 872 1787 Αὕτη
895 1751 936 1783 είς
949 1751 997 1778 ὲκ-

208 1797 324 1832 κλησίαν
338 1797 519 1833 ἑξαχθήσεται
527 1805 534 1812 ·
551 1797 581 1824 οὐ
592 1797 754 1825 διαδώσουσι
767 1797 802 1824 τὰ
814 1797 899 1824 τέκνα
910 1797 997 1833 αὐτῆς

208 1843 300 1879 ῥίζαν,
329 1844 378 1871 καὶ
402 1844 429 1870 οἱ
453 1843 545 1871 κλάδοι
564 1844 651 1879 αὐτῆς
673 1843 723 1870 οὐκ
746 1844 850 1871 οἴσουσι
872 1843 996 1879 καρπόν

205 1888 365 1924 καταλείψει
380 1889 421 1920 είς
435 1889 560 1925 κατάραν
579 1888 611 1915 τὸ
627 1889 804 1925 μνημόσυνον
818 1888 913 1924 αὐτῆς.
931 1898 941 1915 ι

243 1944 252 1961 ι
267 1935 313 1971 Μὴ
328 1935 383 1971 δῷς
405 1935 484 1962 ὕδατι
507 1935 635 1968 διέξοδον,
663 1934 732 1970 μηδὲ
752 1934 865 1969 γυναικὶ
889 1935 997 1970 πονηρᾷ

205 1981 309 2008 ἄνεσιν.
324 1981 356 2007 El
376 1981 414 2016 μὴ
431 1981 579 2017 πορεύεται
606 1980 770 2016 κατὰιχεῖρά.
787 1989 846 2013 σου,
868 1980 923 2007 ἀπὸ
941 1980 995 2008 τῶν

205 2026 316 2062 σαρκῶν
330 2035 377 2054 σου
392 2026 513 2062 ἀπότεμε
538 2026 634 2062 αὑτήν.
653 2026 816 2062 Συνοικῆσαι
831 2025 929 2059 λέοντι,
949 2026 997 2053 καὶ

203 2072 330 2108 δράκοντι
356 2073 511 2109 εὐδόκησαι,
544 2073 561 2107 ἢ
589 2072 749 2107 συνοικῆσαι
780 2071 851 2107 μετὰ
869 2071 998 2106 γυναικὸς

203 2119 336 2155 πονηρᾶς.
359 2119 454 2154 Μικρὰ
481 2119 557 2145 πᾶσα
581 2117 665 2145 κακία
687 2117 756 2153 πρὸς
781 2117 880 2144 κακίαν
901 2125 996 2152 γυναι-

203 2165 267 2197 κός’
290 2165 390 2201 κλῆρος
410 2164 573 2201 ἀμαρτωλοῦ
597 2165 725 2191 ἐπιπεσεί
740 2163 784 2190 ἐπ’
803 2163 901 2199 αὐτήν.
917 2162 995 2190 Ἀνά-

204 2211 283 2243 6ισις
310 2211 445 2247 ἀμμώδης
470 2212 500 2238 ὲν
526 2211 589 2238 ποσὶ
603 2209 811 2247 πρεσϐυτέρου,
838 2209 911 2236 οὕτω
927 2209 995 2246 γυνὴ

203 2258 368 2293 γλωσσώδης
402 2258 479 2294 ἀνδρὶ
518 2257 622 2293 ἡσύχῳ.
657 2257 725 2284 ’Δπδ
755 2256 886 2291 γυναικὸς
922 2256 994 2292 ἁρχὴ

204 2304 352 2339 ἁμαρτίας,
380 2305 428 2331 καὶ
448 2304 482 2331 δι’
510 2304 597 2339 αὐτῆς
622 2302 833 2337 ἀποθνήσκομεν
854 2301 965 2334 πάντες.
983 2310 993 2328 ι

207 2358 216 2375 ι
232 2349 278 2385 Μὴ
294 2349 347 2385 δῷς
363 2349 474 2384 γυναικὶ
488 2349 594 2385 πονηρᾷ
607 2348 774 2385 παρρησίαν.
792 2356 802 2373 ι

243 2450 252 2466 ι
277 2442 360 2477 Ὀργὴ
382 2442 487 2478 μεγάλη
504 2442 573 2478 γυνὴ
593 2441 721 2478 μέθυσος.
735 2441 852 2477 Πορνεία
866 2441 996 2476 γυναικὸς

207 2487 401 2522 ἐννμειεώροις
420 2486 581 2524 ὁφθαλμιῖιν,
602 2488 650 2515 καὶ
664 2488 694 2515 ὲν
712 2490 770 2520 τοῖς
786 2487 932 2523 βλεφάροις
948 2487 997 2513 αὺ-

208 2534 258 2568 τῆς
273 2534 472 2569 γνωσθήσεται.
490 2545 500 2561 ι

244 2590 253 2604 ι
268 2579 412 2614 Κρείσσων
427 2581 546 2617 πονηρία
566 2582 675 2618 ἀνδρὸς,
697 2582 714 2617 ἢ
729 2581 893 2616 ἀγαθοποιὸς
914 2579 994 2616 γυνή.

213 2624 275 2652 Ἐπὶ
287 2627 399 2661 γυναικὶ
415 2629 524 2664 πονηρᾷ
538 2628 618 2656 καλδν
633 2629 761 2667 σφραγίς.
778 2637 788 2654 ι

242 2715 453 2755 Ἀμνιρτήματα
467 2720 618 2754 γυναικῶν,
635 2721 741 2757 ἀνδρῶν
757 2722 934 2749 ἀπαιδευσία.

239 2817 311 2852 Γυνὴ
327 2815 516 2852 φιλόπλουτος,
529 2814 692 2840 συνοικοῦσα
707 2815 784 2851 ἀνδρὶ
799 2815 942 2850 όμόφροιι,
957 2815 997 2841 δι·-

205 2865 234 2891 πλ
242 2864 317 2897 dato;
331 2864 419 2896 νόσος.
437 2863 493 2894 Ti;
510 2870 540 2889 τε
564 2859 620 2895 γὰρ
641 2860 748 2895 τρυφὰς
771 2861 926 2896 ἁναφλὲγει,
945 2861 992 2886 καὶ

369 2915 504 2944 ίἈτιιοι..
525 2915 582 2943 Gn.
606 2910 694 2942 XCV.

1042 233 1165 264 agentes.
1180 229 1231 263 Qui
1246 229 1442 258 insanissimus
1453 233 1497 258 est
1508 234 1643 263 vestrum,
1657 230 1779 258 declinet
1795 233 1828 258 ad

1042 282 1096 306 me,
1120 279 1168 302 aut
1191 274 1319 310 indigens
1343 282 1441 308 sensu,
1467 282 1529 303 eum
1555 275 1653 308 invito,
1668 275 1799 311 inquiens
1821 285 1829 302 :

1042 319 1130 348 Panes
1145 319 1323 348 absconditos
1332 323 1451 353 gustate,
1467 324 1495 347 et
1510 327 1596 354 aquas
1606 320 1722 349 furtivas
1734 320 1830 349 dulces

1042 365 1139 393 bibite.
1159 363 1211 393 llic
1224 372 1288 392 vero
1304 365 1415 400 ignorat
1435 365 1510 401 quod
1531 366 1656 401 gigantes
1675 367 1748 402 apud
1768 375 1830 395 eam

1043 411 1182 445 peribunt,
1193 415 1222 439 et
1233 411 1261 438 in
1277 411 1410 446 perticam
1424 411 1523 439 inferni
1540 414 1673 441 occurrit.
1695 423 1704 439 ι

1079 503 1162 531 Prov.
1187 511 1253 536 xxv,
1275 503 1368 530 ‘20.—-
1387 513 1396 529 ι
1417 502 1495 532 Sicut
1514 503 1615 533 vermis
1636 504 1666 532 in
1680 505 1768 541 ligno,
1789 507 1831 535 sic

1046 547 1134 576 virum
1154 547 1245 584 perdit
1258 548 1358 577 mulier
1370 549 1453 577 mala.
1468 559 1478 575 ι

1080 594 1161 622 Prov.
1175 602 1253 627 xvni,
1265 594 1310 622 22.
1322 610 1356 616 —
1367 604 1376 621 ε
1393 594 1445 629 Qui
1458 599 1533 624 tenet
1547 596 1702 625 adulteram
1712 618 1719 631 ,
1731 599 1834 627 stultus

1045 645 1088 669 est
1101 645 1129 669 et
1141 640 1254 676 impius.
1278 650 1287 666 ι

1082 686 1164 715 Prov.
1179 695 1238 722 ut,
1251 686 1297 715 i9.
1313 701 1347 707 —
1369 696 1378 713 ι
1395 687 1494 716 Melius
1520 692 1563 717 est
1586 689 1712 719 habitare
1736 691 1764 719 in
1783 691 1833 718 de-

1046 737 1133 764 serto,
1148 739 1228 768 quam
1246 739 1310 760 cum
1325 732 1442 767 muliexe
1456 733 1561 768 rixosa,
1576 734 1703 770 linguosa
1733 740 1761 764 et
1777 736 1833 763 ira-

1047 778 1148 807 cunda.

1083 824 1164 852 Prov.
1182 833 1268 858 “vn,
1282 825 1326 853 15.
1340 839 1375 845 --
1392 833 1402 852 ι
1422 824 1510 852 Stillae
1523 825 1640 860 ejiciunt
1654 826 1793 854 hominem
1805 827 1833 854 in

1047 872 1092 900 die
1107 871 1206 900 hiemis
1220 872 1255 900 de
1271 871 1353 900 domo
1368 879 1438 900 sua:
1452 871 1494 899 sic
1518 879 1630 908 quoque
1647 873 1747 901 mulier
1764 881 1831 916 cpn—

1045 920 1146 947 viciosa
1163 920 1252 947 virum
1269 920 1352 948 domo
1372 926 1423 947 sua
1438 918 1524 955 ejicit.
1542 928 1552 945 ι

1079 965 1162 993 ΜίεΙι.
1174 973 1221 998 vn,
1234 966 1260 993 5.
1276 981 1310 986 —
1326 975 1335 991 ι
1352 965 1392 993 Ab
1409 973 1441 993 ea
1455 973 1518 1001 qua:
1528 966 1614 993 cubat
1630 969 1734 1000 tecum,
1755 973 1826 995 cave

1045 1019 1079 1039 ne
1096 1012 1121 1039 ei
1142 1011 1294 1047 quidquam
1310 1009 1488 1039 commendes
1503 1015 1534 1038 ut
1549 1010 1643 1038 faciat.
1662 1021 1671 1036 ι

1079 1055 1163 1084 Eccli.
1183 1065 1222 1091 ix,
1237 1057 1264 1084 2.
1277 1072 1312 1077 --
1326 1065 1335 1082 ι
1354 1054 1394 1084 Ne
1407 1055 1457 1083 des
1476 1055 1584 1084 mulieri
1598 1056 1719 1083 animam
1747 1061 1833 1088 tuam.

1045 1109 1096 1130 nec
1107 1102 1216 1130 obviam
1238 1101 1372 1137 procedas
1384 1101 1537 1129 meretrici.
1552 1100 1620 1128 Cum
1635 1101 1789 1129 cantatriee
1800 1109 1834 1128 ne

1045 1148 1084 1176 sis
1097 1147 1237 1176 assiduus.
1260 1146 1403 1183 Virginem
1420 1154 1455 1174 ne
1478 1147 1626 1176 iutuearis.
1653 1146 1693 1175 Nc
1709 1147 1759 1175 des
1775 1155 1833 1176 me-

1044 1193 1137 1222 retrici
1166 1194 1287 1221 animam
1317 1197 1404 1221 tuam.
1434 1192 1681 1226 Averte\oculum
1715 1197 1792 1220 tuum
1817 1201 1835 1221 a

1045 1240 1160 1268 muliere
1184 1240 1320 1274 speciosa.
1341 1239 1410 1267 Cum
1435 1238 1524 1266 aliena
1547 1239 1665 1267 muliere
1682 1247 1716 1267 ne
1733 1239 1833 1267 sedeas

1045 1285 1169 1312 omnino.
1189 1285 1303 1321 Propter
1324 1286 1443 1320 speciem
1464 1284 1591 1313 mulieris
1616 1285 1697 1312 mulli
1724 1293 1836 1314 errave-

1045 1336 1120 1360 I‘lllll.
1138 1342 1147 1358 ι

1082 1377 1166 1406 Eccli.
1184 1386 1239 1406 xix.
1255 1378 1283 1405 2.
1298 1393 1332 1398 -
1348 1386 1358 1403 ‹
1374 1376 1474 1405 Vinum
1487 1381 1515 1405 et
1530 1377 1663 1406 mulieres
1676 1381 1837 1413 apostatare

1047 1424 1151 1454 facient
1169 1425 1320 1461 sapientes.
1342 1433 1352 1450 ι

1083 1471 1171 1499 Εεοιὶ.
1184 1479 1253 1504 xm,
1266 1472 1294 1499 5.
1314 1486 1349 1491 —
1369 1479 1379 1496 ι
1397 1469 1508 1499 Patrem
1530 1475 1557 1499 et
1580 1470 1669 1499 virum
1690 1471 1836 1500 confundit

1003 1516 1029 1548 (Ζ
1046 1524 1158 1553 procax,
1172 1521 1200 1545 et
1214 1517 1248 1545 ab
1262 1521 1380 1552 utroque
1390 1517 1542 1552 ignominia
1555 1517 1700 1545 abicietur.
1720 1527 1730 1544 ι

1084 1561 1170 1590 Eccli.
1198 1569 1278 1594 unt,
1299 1561 1346 1589 22.
1361 1576 1397 1582 ——
1414 1571 1424 1587 ι
1443 1561 1542 1589 Mulier
1565 1561 1727 1598 relinquens
1743 1564 1837 1592 virum

1049 1615 1143 1642 suum,
1162 1611 1190 1635 et
1209 1611 1336 1636 statuens
1360 1607 1498 1635 bacredem
1521 1613 1556 1635 ex
1578 1607 1687 1642 alienis,
1705 1609 1795 1644 primo
1807 1610 1837 1637 in

1049 1655 1109 1690 lege
1126 1653 1262 1682 Altissimi
1286 1652 1456 1682 incredibilis
1470 1653 1525 1681 fuit
1543 1660 1552 1680 :
1568 1659 1596 1682 et
1613 1655 1737 1682 secundo
1752 1655 1778 1682 in
1796 1656 1837 1683 vi-

1048 1707 1110 1727 rum
1122 1707 1202 1728 suum
1218 1698 1354 1734 deliquit;
1371 1702 1398 1726 et
1409 1699 1492 1727 tertio
1505 1699 1532 1727 in
1549 1699 1686 1728 adulterio
1699 1700 1838 1729 fornicata

1047 1752 1101 1779 est,
1116 1750 1143 1774 et
1151 1754 1185 1774 ex
1202 1745 1258 1774 alio
1267 1745 1326 1774 viro
1339 1745 1410 1773 tilios
1421 1745 1556 1773 exhibuit.
1566 1745 1630 1774 llaec
1646 1746 1673 1774 in
1689 1747 1836 1775 ecclesiam

1047 1791 1193 1820 educetur.
1220 1790 1280 1819 Non
1305 1791 1411 1819 dabunt
1424 1790 1473 1818 lilii
1492 1791 1554 1826 ejus
1567 1791 1701 1825 radicem,
1721 1796 1748 1820 et
1767 1794 1836 1820 rami

1049 1838 1123 1866 illius
1138 1845 1195 1866 non
1217 1837 1308 1866 ferent
1325 1832 1458 1865 tinctum.
1476 1836 1656 1873 Derelinquet
1673 1838 1700 1865 in
1720 1839 1836 1867 maledi-

1047 1887 1122 1910 ctum
1135 1881 1299 1910 memoriam
1317 1889 1407 1910 suam.
1432 1890 1442 1907 ι

1082 1927 1169 1956 Eccli.
1186 1935 1250 1961 xxv,
1266 1927 1314 1959 54,
1324 1927 1369 1959 25,
1382 1927 1428 1962 26,
1443 1928 1488 1960 35,
1499 1927 1545 1956 25.
1559 1943 1594 1949 ——
1618 1937 1628 1954 ι
1647 1927 1685 1955 Ne
1697 1928 1745 1956 des
1758 1935 1836 1963 aquae

1046 1974 1165 2008 exitum,
1180 1981 1232 2002 nec
1247 1973 1358 2002 mulieri
1371 1975 1503 2009 improbae
1517 1974 1723 2002 remissionem.
1739 1974 1767 2001 Si
1781 1982 1836 2001 non

1047 2019 1232 2047 ambulaverit
1248 2018 1281 2046 ad
1294 2026 1405 2046 manum
1420 2023 1506 2052 tuam,
1522 2019 1557 2046 de
1575 2019 1706 2046 carnibus
1722 2019 1777 2047 tuis
1787 2019 1836 2046 ab-

1047 2065 1144 2094 scinde
1159 2072 1229 2093 eam.
1252 2064 1424 2093 Commorari
1445 2072 1509 2093 cum
1529 2065 1608 2093 lecne
1623 2065 1703 2101 41],
1722 2069 1749 2093 et
1769 2065 1835 2092 dra-

1047 2118 1120 2139 cone
1137 2109 1186 2138 tibi
1203 2110 1312 2146 placeat
1332 2110 1431 2146 magis,
1445 2117 1529 2146 quam
1551 2110 1677 2138 habitare
1692 2118 1753 2137 cum
1774 2117 1836 2137 mu-

1049 2157 1117 2184 liere
1127 2163 1256 2192 nequam.
1273 2155 1369 2184 Brevis
1383 2159 1427 2184 est
1445 2156 1536 2186 onmis
1553 2155 1658 2183 malitia
1672 2163 1736 2192 erga
1756 2156 1836 2183 mali-

1048 2204 1114 2231 tiam
1130 2202 1257 2231 mulieris
1272 2211 1279 2230 :
1293 2209 1355 2230 sors
1373 2202 1528 2238 peccatoris
1553 2202 1633 2231 cadet
1655 2210 1738 2238 super
1762 2210 1835 2230 eam.

1046 2249 1188 2278 Ascensus
1202 2256 1338 2277 arenosus
1350 2249 1378 2276 in
1396 2249 1512 2284 pedibus
1526 2249 1660 2282 veterani,
1675 2250 1716 2277 sic
1736 2249 1837 2277 mulier

1047 2295 1169 2331 linguata
1188 2294 1292 2322 homini
1315 2293 1418 2329 quieto.
1435 2295 1457 2321 Δ
1471 2294 1588 2322 muliere
1604 2294 1714 2321 initium
1731 2295 1836 2321 factum

1045 2346 1089 2370 est
1107 2341 1224 2376 peccati,
1247 2344 1275 2368 et
1287 2347 1336 2375 per
1354 2340 1429 2367 illam
1453 2339 1588 2367 morimur
1602 2347 1710 2368 omnes.
1729 2339 1769 2367 Ne
1786 2340 1836 2368 des

1046 2386 1159 2415 mulieri
1173 2386 1250 2414 malae
1261 2385 1392 2421 loquendi
1408 2385 1576 2413 libertatem.
1595 2395 1604 2411 ι

1084 2434 1169 2462 Eccli.
1187 2441 1263 2466 nvi,
1278 2432 1304 2460 2.
1322 2447 1356 2452 —-
1379 2441 1388 2458 ι
1409 2431 1452 2459 ira
1469 2439 1579 2466 magna,
1598 2432 1699 2459 mulier
1713 2433 1834 2461 ebriosa.

1046 2479 1207 2508 Fornicatio
1222 2478 1349 2506 mulieris
1364 2478 1390 2506 in
1408 2477 1571 2506 exlollentia
1595 2478 1752 2510 oculorum,
1766 2483 1793 2506 et
1807 2479 1836 2507 in

1048 2525 1187 2562 palpebris
1205 2525 1266 2553 suis
1283 2527 1479 2559 cognoscetur.
1497 2533 1506 2549 ι

1084 2573 1168 2600 Βαλίε.
1190 2578 1258 2603 XLII,
1288 2570 1332 2598 14.
1351 2585 1385 2591 -—
1400 2579 1409 2595 ι
1428 2569 1524 2597 Melior
1547 2573 1590 2597 est
1620 2570 1750 2604 iniquitas
1772 2571 1835 2605 viri,

1046 2627 1129 2656 quam
1140 2618 1239 2646 mulier
1252 2616 1439 2646 benefaciens.
1454 2614 1542 2650 Super
1558 2616 1703 2644 mulierem
1716 2625 1835 2652 nequam

1047 2671 1150 2698 bonum
1162 2673 1203 2697 est
1218 2667 1352 2703 sigillum.
1368 2676 1378 2693 ι

1082 2715 1165 2742 Sixli.
1183 2729 1216 2736 —
1233 2713 1350 2741 Peccata
1373 2712 1519 2740 mulierum
1541 2711 1680 2747 imperitia
1712 2711 1836 2739 virorqu

1048 2763 1263 2792 contrahuntur.

1085 2809 1171 2837 Basil.
1191 2808 1263 2835 Icom.
1291 2811 1352 2833 adv.
1371 2805 1448 2833 diril.
1467 2820 1502 2826 -ι
1525 2804 1646 2832 Mulieri;
1666 2804 1772 2831 lasciva:
1791 2805 1836 2830 dc-

1047 2857 1165 2891 εενῑριὶυ.
1182 2869 1216 2875 ——
1230 2853 1339 2886 Mulier,
1361 2859 1422 2887 qua:
1446 2851 1604 2880 divitiarum
1629 2856 1671 2878 est
1688 2858 1795 2884 amans,
1812 2845 1849 2879 δί’

1587 2896 1624 2927 42
