2074 3115
236 117 301 149 1323

828 113 858 142 S.
879 112 1040 143 JOANNIS
1058 112 1274 146 DAMASCENI

1805 116 1872 150 1324

233 173 358 209 ejusdem
378 169 560 199 imlolisvviro
573 169 723 204 conjuncta
749 169 796 202 sit,
824 169 923 204 (lule
950 175 1019 195 utor-

1074 170 1124 201 τὰς
1141 169 1300 204 φιληδονίας
1325 169 1412 203 αὔξει,
1437 170 1485 197 καὶ
1501 170 1604 206 κέντρα.
1625 171 1685 204 ταῖς
1711 171 1871 208 περιέργοις

235 220 285 245 bus
299 221 352 245 est.
374 215 441 242 Nam
461 219 493 242 et
510 213 625 241 delicias
646 213 786 245 accendit,
809 217 836 240 et
853 214 1024 248 voluptatum

234 271 354 291 amorem
367 266 456 297 anget,
471 265 498 288 et
512 260 711 295 cupiditatibus
731 260 845 289 minime
857 260 1024 287 necessariis

235 310 346 337 aculeos
368 308 490 343 subjicit,
514 312 580 342 puta
603 306 721 334 uniones
740 307 886 341 quosdam,
901 311 929 334 et
952 314 1025 333 mar-

233 355 350 391 garitas,
376 353 604 389 smaragdosque,
629 358 656 381 ct
677 353 857 388 hyacinthos,
881 356 908 380 et
925 360 1023 380 aurum

234 401 407 437 exeogitans,
423 403 506 434 atque
521 406 619 426 aurum
638 398 738 434 partim
757 397 907 430 fabricans,
921 398 1022 432 partim

235 447 370 476 intexens.
396 444 566 478 sicque~per
588 450 724 471 summam
744 442 875 478 ineptiam
897 442 1022 470 morbum

233 493 390 525 exaggerat.
407 488 501 524 Neque
520 488 592 516 enim
609 488 698 515 obiter
722 491 751 516 et
773 487 962 523 perfunctorie
979 487 1023 514 his

233 537 316 564 rebus
337 536 445 570 studet;
468 543 563 563 vcrum
580 539 607 563 et
630 538 714 562 noctu
742 538 769 562 et
791 534 912 562 interdiu
937 534 964 561 in
980 533 1023 560 his

233 584 309 612 curis
324 587 463 610 versatur.
486 582 615 614 Sexcenti
633 589 746 617 quoque
771 581 932 609 adulatores
945 580 1023 615 cupi-

232 631 367 659 ditatibus
387 630 476 665 ipsius
499 630 694 664 obsequentes,
715 628 861 660 tinctores,
882 627 1021 659 auriﬂccs,

217 677 439 712 unguentarios,
464 679 597 707 textores,
626 679 652 702 et
673 674 797 701 variandi
822 673 892 701 artis
916 673 1022 708 peritos

217 723 368 758 .colligunt
384 731 391 749 :
409 729 460 749 nec
479 729 527 756 per
543 720 728 755 assiduaejus
740 720 855 755 imperia
868 719 1021 754 quidquam

232 769 366 805 temporis
393 768 494 795 marito
522 767 555 794 ad
583 766 776 801 respirandum
804 765 897 793 datur.
935 764 1021 792 Nulla:

216 816 297 851 .ojies
323 814 489 841 mulieribus
530 812 732 847 cupiditatibus
764 810 908 846 explendis
941 816 1021 845 pares

230 864 305 893 sunt,
332 867 382 887 nec
401 859 425 886 si
453 858 542 885 amnis
567 858 654 884 instar
683 856 808 884 ﬂuerent.
841 855 1019 882 Barbarieum

230 907 305 934 enim
323 908 495 940 unguentum
512 903 589 931 haud
598 910 679 931 secus
695 910 727 930 ac
738 902 910 937 promercale
928 901 1019 929 oleum

231 953 370 984 adet-tant,
386 952 471 980 maris
491 951 596 983 liorem,
608 957 757 986 purpuram
773 950 893 982 scilicet,
911 954 939 977 et
958 956 1020 984 qua:

229 1008 261 1026 ex
275 998 391 1026 conchis
405 997 540 1024 ostreisvc
556 997 716 1029 eliciuntur,
728 1004 812 1032 super
830 996 922 1023 lanam
934 1003 1018 1031 pecu-

230 1047 306 1074 dum.
328 1044 393 1072 ’Jam
418 1051 484 1072 vero
514 1050 612 1070 aurum
647 1043 769 1078 ingentis
798 1042 878 1077 pretii
911 1041 1019 1076 lapillos

1075 215 1235 251 ἐπιθυμίαις
1249 215 1348 251 ἐνίησι,
1362 217 1439 249 τινὰς
1458 217 1606 245 ἐπινοοῦσα
1619 219 1805 254 μαργαρίτας,
1822 219 1870 246 καὶ

1075 262 1264 297 σμαράγδους,
1278 263 1326 289 καὶ
1343 262 1501 295 ὑακίνθους,
1522 263 1570 290 καὶ
1596 264 1719 299 χρυσόν·
1746 265 1793 292 τὸν
1819 265 1869 300 μὲν

1074 307 1259 342 χαλκεύουσα,
1278 308 1323 335 τὸν
1339 309 1367 335 δὲ
1383 309 1547 343 ὑφαίνουσα,
1560 309 1608 336 καὶ
1621 309 1665 337 διὰ
1679 310 1771 346 πάσης
1787 311 1866 338 ἀπει-

1075 353 1206 389 ροκαλίας
1220 354 1271 390 τὴν
1288 354 1367 382 νόσον
1388 355 1520 388 αὔξουσα.
1537 357 1576 383 Οὐ
1600 356 1655 393 γὰρ
1673 357 1707 384 ὲκ
1726 357 1868 393 παρέργου

1074 400 1090 434 ἡ
1108 399 1175 434 περὶ
1184 400 1272 427 ταῦτα
1287 400 1402 436 σπουδὴ,
1416 400 1486 428 ἀλλά
1501 401 1549 428 καὶ
1565 401 1674 435 νύκτες,
1693 402 1742 430 καὶ
1767 402 1868 438 ἡμέραι

1073 445 1122 477 τὰς
1140 446 1207 480 περὶ
1224 446 1330 473 τούτων
1342 446 1477 482 μερίμνας
1494 447 1586 483 ἔχουσι
1598 455 1605 462 ·
1623 448 1673 475 καὶ
1689 448 1782 484 μυρίοι
1795 449 1867 480 τινὲς

1073 491 1191 523 κόλακες
1203 492 1265 525 ταῖς
1285 492 1448 527 ἐπιθυμίαις
1464 492 1555 521 αὐτῶν
1578 493 1787 530 ὑποτρέχοντες,
1802 503 1867 522 συν-

1072 537 1170 571 άγουσι
1197 539 1260 569 τοὺς
1281 538 1463 573 ἀνθοῦαφεῖς,
1493 539 1680 574 χρυσοχόους,
1706 541 1770 573 τοὺς
1795 549 1868 576 μυρ-

1075 583 1168 617 εψοὺς,
1181 584 1245 615 τοὺς
1257 583 1389 618 ὑφάντας,
1407 585 1472 616 τοὺς
1485 585 1630 618 Μικιλτάς
1642 593 1648 601 ·
1660 586 1758 613 οὐδένα
1770 586 1867 622 καιρὸν

1073 630 1202 656 ἀναπνεῖν
1212 629 1250 665 τῷ
1262 630 1339 666 ἀνδρὶ
1348 630 1455 657 δίδωσιν
1471 632 1503 658 ἐκ
1515 631 1570 658 τῶν
1581 631 1702 667 συνεχῶν
1710 632 1795 667 αὑτῆς
1807 633 1867 659 ἐπι-

1071 675 1232 710 ταγμάτων.
1246 675 1344 707 Οὐδεὶς
1358 675 1470 712 ἐξαρκεῖ
1486 676 1601 708 πλοῦτος
1624 677 1680 708 ταῖς
1695 677 1867 711 γυναικείαις

1072 721 1233 757 ἐπιθυμίαις
1244 721 1476 757 ὑπηρετούμενος,
1489 722 1543 749 οὐδ’
1558 722 1592 750 ἂν
1602 723 1635 750 ἐκ
1647 724 1778 759 ποταμῶν
1789 724 1867 760 ἐπιρ-

1072 767 1132 804 ῥέῃ.
1145 767 1328 799 Σπουδαξεται
1345 768 1395 803 μὲν
1409 769 1474 804 παρ’
1487 768 1583 800 αὑταῖς
1593 769 1623 795 τὺ
1640 769 1808 805 βαρϐαρικὸν
1815 771 1866 805 μύ-

1076 822 1131 850 ρον,
1142 814 1180 846 ὡς
1195 814 1226 841 τδ
1235 814 1265 847 ἐξ
1275 814 1378 850 ἀγορᾶς
1393 813 1494 846 ἔλαιον,
1511 814 1545 842 τὰ
1555 814 1583 841 δὲ
1592 815 1624 842 ἐκ
1635 814 1773 850 θαλάσσης
1784 815 1865 850 ἄνθη,

1076 861 1092 896 ή
1107 860 1215 896 κόχλος,
1235 861 1252 896 ἡ
1269 860 1362 893 πίννα,
1378 860 1449 896 ὑπὲρ
1462 860 1493 887 τὸ
1509 861 1607 888 ἐκτῶν
1621 861 1766 897 προϐάτων
1780 861 1864 897 ἔριον.

1072 906 1179 941 Χρυσὸς
1190 906 1218 933 δὲ
1235 905 1424 942 περισφίγγων
1431 907 1496 938 τοὺς
1511 906 1678 942 βαρυτίμους
1687 907 1741 934 τῶν
1749 907 1840 940 λίθων,
1850 908 1866 934 ὁ

1073 951 1123 987 μὲν
1133 952 1231 983 αὑταῖς
1242 951 1434 987 προμετώπιος
1443 953 1546 987 γίνεται
1558 953 1672 988 κόσμος,
1683 954 1698 980 ὁ
1708 953 1737 979 δὲ
1749 961 1847 988 περιαυ
1855 967 1863 972 -

1071 996 1170 1032 χένιος,
1183 997 1230 1024 καὶ
1242 996 1322 1029 ἄλλος
1333 998 1362 1024 ὲν
1374 997 1484 1032 ζώναις,
1496 999 1543 1025 καὶ
1556 998 1635 1030 ἄλλος
1649 999 1698 1030 τὰς
1709 1000 1804 1034 χεῖρας
1818 998 1846 1024 δε
1854 1013 1863 1019 -

1072 1043 1147 1077 σμεῖ,
1156 1043 1274 1075 καὶτοὺς
1286 1043 1380 1075 πόδας.
1388 1044 1520 1081 Χαίρουσι
1530 1044 1586 1080 γὰρ
1594 1045 1623 1072 αἱ
1632 1045 1789 1080 φιλόχρυσοι
1798 1045 1864 1071 δεδε-

229 1090 437 1125 constringens,
455 1088 555 1125 partim
572 1088 657 1116 fronti
670 1096 765 1116 earum
783 1092 946 1115 ornamento
964 1092 1018 1120 est,

1074 1088 1154 1124 μέναι
1171 1090 1231 1121 ταῖς
1248 1089 1432 1125 χειροπέδαις,
1449 1090 1530 1124 μόνον
1545 1090 1593 1118 ἐὰν
1611 1091 1711 1126 χρυσὸς
1727 1092 1742 1117 ό
1755 1090 1864 1126 δεσμῶν

230 1137 329 1173 partim
353 1136 436 1164 collo.
462 1134 543 1162 Aliud
571 1135 635 1163 item
653 1135 679 1162 in
698 1134 776 1162 zonis
795 1138 848 1166 est,
868 1133 941 1161 aliud
961 1141 1020 1161 ma-

220 1191 294 1216 vnus,
316 1187 343 1210 et
367 1182 443 1210 aliud
468 1181 552 1217 pedes
576 1181 675 1209 vineit.
702 1180 832 1208 Gaudent
857 1180 943 1210 enim.
959 1187 1021 1215 qum

230 1231 291 1258 auri
318 1237 412 1257 amore
443 1232 584 1261 tenentur,
611 1227 730 1255 manicis
759 1227 852 1262 ligari,
878 1226 961 1253 modo
984 1226 1021 1253 sit

231 1284 341 1308 :tltt'ltm,
369 1276 395 1302 id
422 1282 478 1310 quo
509 1274 698 1309 stringuntur.
721 1272 904 1306 Quandonam
936 1271 1022 1307 igitur

229 1329 325 1350 curam
342 1325 404 1356 aget
419 1321 527 1351 anima},
543 1319 590 1354 qui
606 1318 808 1354 cupiditatibus
826 1317 951 1345 mulieris
971 1318 1017 1345 ob-

1073 1135 1159 1167 αὑτὰς
1210 1135 1279 1162 Πότε
1290 1135 1337 1163 οὖν
1350 1135 1440 1171 ψυχῆς
1455 1136 1654 1172 ἐπιμελήσεται
1664 1137 1678 1163 ὁ
1693 1136 1871 1172 γυναικείαις

1073 1180 1234 1215 ἐπιθυμίαις
1245 1181 1483 1216 ὑπηρετούμενος;
1495 1182 1602 1217 Ὥσπερ
1611 1182 1665 1218 γὰρ
1675 1182 1710 1209 τὰ
1722 1182 1864 1218 ὑπόσαθρα

1072 1226 1128 1254 τῶν
1148 1225 1250 1261 πλοίων
1262 1227 1421 1261 καταιγίδες
1433 1227 1481 1254 καὶ
1497 1227 1589 1260 ζάλαι,
1602 1227 1690 1259 οὕτως
1703 1227 1731 1254 at
1746 1227 1864 1262 πονηραὶ

1073 1271 1128 1298 τῶν
1143 1272 1283 1307 γυναικῶν
1304 1271 1453 1305 διαθέσεις,
1478 1273 1528 1305 τὰς
1549 1273 1673 1306 ἀσθενεῖς
1689 1273 1780 1308 ψυχὰς
1807 1272 1864 1299 τῶν

1073 1317 1273 1345 συνοικούντων
1296 1318 1559 1351 καταϐαπτίζουσιν.

229 1367 377 1403 sequitur?
394 1366 462 1394 Nam
483 1366 557 1393 sicut
579 1365 750 1400 supputrida:
767 1372 854 1391 naves
888 1372 903 1391 a
926 1364 1056 1399 procellis
1086 1369 1114 1392 et
1138 1365 1373 1400 tempestatibus,
1408 1366 1450 1393 sic
1490 1373 1582 1400 prava:
1609 1366 1755 1394 mulierum
1795 1364 1862 1393 alic-

220 1415 360 1446 .ctiones,
390 1413 541 1440 imbecilles
579 1411 741 1439 maritorum
775 1411 884 1438 animos
922 1411 1094 1447 demergunt.

264 1459 361 1494 Ejusd.
382 1457 442 1485 uti».
461 1457 591 1484 ebriosos.
606 1470 642 1477 —
656 1455 827 1484 Mulierculas
850 1455 1017 1491 petulantes,

228 1506 277 1534 Dei
300 1508 373 1533 metu
390 1504 506 1535 omisso,
527 1508 554 1530 et
576 1502 745 1538 sempiterno
766 1501 829 1537 igne
848 1505 1016 1536 contempto,

1107 1456 1240 1488 Γυναῖκες
1260 1456 1410 1483 ἀκόλαστοι
1434 1456 1635 1492 ἐπιλαθόμεναι
1651 1456 1698 1483 τοῦ
1717 1456 1800 1491 φόϐου
1814 1455 1862 1483 τοῦ

1071 1501 1152 1534 Θεοῦ,
1166 1501 1214 1528 τοῦ
1236 1501 1323 1536 πυρὸς
1346 1501 1394 1529 τοῦ
1415 1501 1529 1529 αἰωνίου
1554 1502 1811 1537 καταφρονήσασαι,
1832 1502 1863 1527 ἐν

228 1559 283 1589 quo
313 1551 358 1579 die
374 1558 430 1579 ,eas
453 1549 488 1577 nl)
515 1548 678 1577 memoriam
702 1547 919 1576 resurrectionis
944 1546 1019 1574 domi

1071 1546 1163 1581 ἡμέρα
1179 1535 1304 1583 τοιαύτη,
1317 1547 1361 1573 ὅτε
1378 1547 1464 1579 αὐτὰς
1481 1546 1567 1583 ἐχρῆν
1581 1547 1625 1574 διὰ
1635 1535 1689 1582 τὴν
1709 1535 1861 1582 ἀνάμνησιν

229 1598 325 1626 sedere
344 1598 497 1630 oporteret,
508 1593 637 1628 diemque
655 1593 732 1620 iilum
749 1592 842 1620 animo
856 1592 1018 1627 complecti,

228 1652 285 1680 quo
305 1642 368 1670 eteli
389 1641 551 1676 aperientur
585 1647 617 1666 ac
631 1639 717 1674 judex
733 1639 815 1666 nobis
839 1646 857 1667 e
874 1637 954 1666 ctelis
969 1644 1019 1673 ap-

228 1689 349 1726 parebit,
361 1688 483 1721 itemque
492 1686 565 1713 tuine
578 1685 636 1719 Dei,
651 1685 821 1713 resurrectio
833 1688 1018 1716 mortuorum,

227 1736 334 1771 justum
353 1733 504 1769 judicium,
528 1735 557 1759 et
581 1732 770 1759 remuneratio
792 1731 944 1765 unicuique
973 1737 1019 1757 se-

229 1781 350 1809 cundum
373 1787 458 1814 opera
483 1786 533 1806 sua
552 1787 560 1805 :
581 1785 632 1812 pro
653 1785 696 1810 co,
712 1777 839 1812 inquam,
858 1776 933 1811 quod
961 1776 1020 1803 haec

229 1827 329 1856 animis
342 1834 453 1855 versare
469 1825 610 1857 deberent,
638 1829 721 1859 atque
740 1823 774 1851 ab
789 1823 921 1851 omnibus
941 1822 1019 1857 cogi-

229 1873 382 1902 tationibus
398 1871 533 1907 improbis
545 1874 656 1906 pectora
673 1877 721 1898 sua
739 1876 898 1904 repurgare,
915 1868 1018 1896 admis-

230 1928 315 1956 saque
334 1919 413 1955 prius
429 1921 541 1952 peccata
559 1916 688 1952 lacrymis
709 1915 811 1948 delere,
827 1919 855 1942 et
868 1915 901 1942 ad
920 1922 1018 1942 oecur-

230 1973 290 1994 sum
318 1963 422 1991 Christi
453 1962 480 1989 in
509 1968 610 1996 magno
638 1960 774 1988 adventus
800 1959 888 1994 ipsius
918 1959 962 1987 die
988 1967 1019 1987 se

230 2018 403 2047 comparare,
435 2015 554 2036 excusso
581 2007 746 2035 Christianae
772 2005 916 2033 servitutis
941 2005 1017 2041 jugo,

230 2057 363 2093 proiectis
377 2063 392 2083 e
404 2054 495 2090 capite
508 2053 689 2088 turpitudinis
702 2052 874 2083 velamentis,
888 2058 936 2086 per
946 2058 1020 2078 sum-

230 2109 302 2129 mam
324 2100 384 2133 Dei,
412 2106 520 2133 necnon
545 2097 704 2133 angelorum
731 2096 819 2131 ipsius
843 2096 1018 2131 aspernatio-

230 2155 292 2175 nem
322 2153 350 2174 et
377 2149 576 2178 contemptum,
605 2143 681 2171 nulla
706 2142 869 2177 cujusquam
886 2142 1018 2176 _virorum

1070 1592 1121 1627 τῆς
1135 1592 1313 1625 ἀναστάσεως
1326 1593 1490 1625 καθέζεσθαι
1507 1594 1536 1620 ἐν
1559 1594 1616 1625 τοῖς
1629 1594 1727 1625 οἴκοις,
1744 1594 1792 1620 καὶ
1818 1594 1861 1619 ἐν-

1070 1648 1147 1666 νοιαν
1166 1640 1319 1675 λαμϐάνειν
1332 1639 1382 1675 τῆς
1397 1639 1505 1675 ἡμέρας
1521 1639 1641 1674 ἐκείνης,
1664 1639 1726 1666 καθ’
1739 1639 1773 1674 ἣν
1788 1639 1862 1666 ἀνοι-

1070 1688 1202 1723 γήσονται
1219 1687 1270 1722 μὲν
1294 1687 1319 1714 οι
1341 1685 1463 1722 οὐρανοὶ,
1482 1685 1682 1721 ἐπιφανήσεται
1705 1684 1733 1711 δέ
1760 1685 1825 1720 ἡμῖν
1847 1684 1862 1710 ὁ

1071 1732 1169 1768 κριτὴς
1184 1732 1214 1765 ἐξ
1235 1731 1371 1767 οὐρανῶν,
1393 1733 1442 1758 καὶ
1459 1731 1610 1766 σάλπιγγες
1629 1729 1709 1763 Θεοῦ,
1727 1731 1774 1756 καὶ
1794 1730 1861 1757 ἀνά-

1071 1787 1168 1811 στασις
1180 1778 1298 1814 νεκρῶν,
1314 1778 1361 1805 καὶ
1375 1777 1468 1813 κρίσις
1493 1777 1598 1810 δικαία,
1612 1776 1660 1804 καὶ
1681 1776 1860 1807 ἀνταπόδοσις

1070 1825 1179 1859 ἑκάστῳ
1194 1824 1265 1851 κατὰ.
1287 1824 1318 1850 τὸ
1338 1824 1417 1860 ἔργον
1433 1823 1526 1856 αὑτοῦ,
1544 1823 1604 1849 ἀντὶ
1617 1821 1664 1849 τοῦ
1679 1821 1766 1849 ταῦτα
1787 1822 1861 1857 ἔχειν

1070 1874 1098 1900 ἐν
1108 1875 1165 1905 τοῖς
1186 1873 1383 1908 διαλογισμοῖς,
1404 1873 1451 1900 καὶ
1464 1866 1606 1908 καθαίρειν
1621 1872 1670 1908 μὲν
1689 1871 1795 1898 ἑαυτῶν
1810 1870 1860 1901 τὰς

1070 1919 1184 1955 καρδίας
1209 1919 1264 1946 ἀπὺ
1290 1918 1420 1954 πονηρῶν
1445 1918 1633 1953 ἐνθυμήσεων,
1658 1916 1810 1951 ἐξαλείφειν
1831 1915 1861 1941 δὲ

1069 1965 1126 1996 τοῖς
1139 1963 1255 2000 δάκρυσι
1270 1964 1304 1991 τὰ
1320 1963 1570 1999 προημαρτημένα,
1587 1961 1778 1998 ἑτοιμάζεσθαι
1791 1961 1860 1996 πρὸς

1070 2010 1120 2046 τὴν
1135 2011 1289 2045 ἀπάντησιν
1301 2010 1348 2037 τοῦ
1363 2010 1484 2046 Χριστοῦ
1500 2010 1573 2038 κατὰ
1587 2009 1637 2046 τὴν
1652 2005 1775 2045 μεγάλην
1790 2007 1859 2044 ἠμέν

1071 2065 1121 2092 ραν
1152 2056 1202 2091 τῆς
1235 2056 1398 2091 ἐπιφανείας
1429 2056 1531 2089 αὑτοῦ,
1564 2056 1779 2090 ἀποσεισάμεναι
1814 2053 1861 2080 τὸν

1070 2101 1151 2136 ζυγὸν
1181 2103 1232 2138 τῆς
1254 2101 1376 2134 δουλείας
1407 2102 1460 2129 τοῦ
1490 2102 1629 2138 Χριστοῦ,
1664 2101 1778 2136 ῥίψασαι
1803 2100 1859 2127 ἀπὸ

1069 2149 1124 2175 τῶν
1139 2148 1265 2183 κεφαλῶν
1278 2148 1312 2174 τὰ
1324 2149 1374 2183 τῆς
1385 2147 1578 2183 ἀσχημοσύνης
1587 2147 1859 2182 καλύμματα,κατα-

231 2196 392 2228 prospectus
415 2190 596 2222 verecundia,
620 2188 724 2216 inﬂatis
739 2187 836 2219 comis,
853 2188 935 2222 pallia
955 2191 1014 2215 sto-

1071 2195 1240 2230 φρονήσασαι
1268 2193 1316 2220 τοῦ
1330 2193 1408 2225 Θεοῦ,
1437 2194 1678 2229 καταφρονήσασαι
1703 2192 1757 2219 τῶν
1777 2191 1860 2225 ἀγγέ-

229 2240 326 2274 iasquc
342 2237 493 2268 trahentes,
515 2236 686 2271 pedibuqu
702 2233 784 2262 simul
799 2234 936 2267 ludentes,
952 2242 1015 2269 pro-

229 2285 288 2313 caci
316 2283 525 2319 impudentique
545 2281 627 2318 $.12
654 2281 747 2312 oculo,
773 2279 860 2308 eﬂuso
888 2280 956 2313 risu,
983 2280 1017 2307 ad

228 2330 388 2360 saltandum
413 2329 486 2356 velut
512 2328 604 2356 furore
628 2327 747 2363 quodam
775 2327 906 2362 ahrephc.
935 2331 1019 2362 atque

228 2384 338 2406 omnem
349 2370 481 2412 juvenum
499 2374 679 2410 petulantiam
695 2374 722 2401 in
739 2373 845 2408 seipsas
859 2373 1017 2405 illicientes,

229 2424 331 2452 choros
349 2423 378 2449 in
399 2424 554 2456 martyrum
577 2412 732 2452 memm'iis,
758 2427 819 2454 quae
840 2418 868 2446 in
895 2418 1017 2446 civitatis

227 2467 376 2497 suburbiis
396 2467 456 2495 sitae
479 2469 555 2499 sunt,
577 2465 693 2500 agitant,
718 2467 746 2493 et
763 2471 858 2492 saneta
883 2464 942 2491 loca
966 2463 1017 2492 ob-

228 2514 374 2545 scenitatis
392 2521 449 2541 sua:
464 2512 591 2540 fecerunt
611 2511 770 2543 oﬂieinam;
794 2518 885 2538 aerem
905 2510 1016 2545 quidem

227 2560 395 2591 meretriciis
405 2559 547 2591 cantibus,
557 2562 660 2585 terram
678 2563 744 2585 vero
759 2555 874 2590 impuris
887 2555 1015 2590 pedibus,

228 2606 425 2636 saltationibus
455 2612 515 2633 eam
545 2603 744 2639 percutiendo,
772 2601 1016 2635 contaminaruut,

228 2652 448 2682 adolescentium
468 2650 579 2677 turbam
607 2649 705 2677 theatri
728 2648 789 2676 loco
812 2647 865 2674 sibi
895 2647 1018 2682 undique

228 2697 595 2732 constituentes;spelulc:e
621 2695 713 2730 plane,
745 2699 772 2722 et
800 2694 834 2721 ad
861 2698 1017 2722 extremum

229 2745 357 2772 amentiae
374 2743 489 2778 gradum
507 2742 578 2770 nihil
593 2741 647 2768 sibi
671 2740 772 2776 reliqui
791 2739 937 2769 facientes.
956 2739 1019 2768 ilice

231 2797 280 2824 ego
296 2789 501 2823 quonammodo
528 2787 647 2817 sileam?
676 2794 810 2822 quasnam
835 2795 946 2814 rursum
970 2794 1019 2822 pro

232 2835 349 2863 sceleris
373 2835 516 2862 atrocitate
540 2835 677 2869 larrymas
701 2833 831 2861 fundam?
856 2833 912 2861 lloe
937 2834 1017 2862 nobis

1070 2241 1124 2268 λων
1137 2240 1232 2273 αὑτοῦ,
1250 2240 1558 2276 καταναισχυντήσασαι
1569 2240 1659 2275 πάσης
1676 2239 1764 2274 ὅψεως
1777 2239 1860 2274 ἄρρε-

1069 2294 1125 2317 νος,
1144 2284 1272 2312 σοδοῦσαι
1289 2284 1340 2316 τὰς
1363 2284 1462 2319 κόμας,
1481 2279 1613 2319 σύρουσαι
1638 2284 1702 2315 τοὺς
1727 2283 1859 2318 χιτῶνας,

1069 2331 1116 2357 καὶ
1137 2331 1194 2361 τοῖς
1221 2330 1300 2357 ποσὶν
1327 2329 1386 2365 ἅμα
1402 2329 1562 2362 παίζουσαι,
1582 2328 1715 2365 ὀφθαλμῷ
1735 2328 1859 2362 ἀσελγεῖ,

1070 2376 1167 2410 γέλωτι
1184 2376 1360 2410 ὲκκεχυμένῳ
1378 2375 1447 2410 πρὸς
1463 2375 1589 2411 ὄρχησιν,
1602 2376 1693 2402 πᾶσαν
1711 2374 1779 2401 νέων
1794 2375 1860 2401 ἀκο-

1069 2419 1165 2446 λάσιαν
1181 2419 1224 2453 ἐφ’
1240 2419 1340 2450 ἑαυτὰς
1356 2418 1606 2455 προσκαλούμεναι,
1621 2420 1651 2446 ὲν
1665 2421 1722 2451 τοῖς
1739 2419 1793 2455 πρὸ
1808 2420 1860 2455 τῆς

1069 2465 1175 2497 πόλεως
1210 2465 1372 2500 μαρτυρίοις
1397 2465 1496 2501 χοροὺς
1520 2466 1744 2501 συστησάμεναι,
1776 2465 1861 2501 ἔργα·

1070 2512 1180 2547 στήριον
1196 2511 1246 2545 τῆς
1262 2510 1367 2542 οἰκείας
1383 2510 1590 2546 ἀσχημοσύνης,
1601 2510 1692 2538 αὐτῶν
1704 2511 1767 2542 τοὺς
1778 2511 1860 2545 ἡγια-

1070 2558 1187 2593 σμένους
1206 2557 1308 2589 τόπους
1322 2557 1505 2592 πεποίηνται·
1521 2557 1638 2592 ἐμίαναν
1660 2557 1709 2592 μέν
1725 2556 1771 2583 τὴν
1789 2556 1860 2591 ἀέρα

1068 2605 1124 2635 τοῖς
1137 2603 1242 2639 ᾇσμασι
1256 2604 1313 2635 τοῖς
1331 2604 1482 2638 πορνικοίς,
1496 2603 1612 2638 ἐμίαναν
1627 2602 1656 2629 δὲ
1671 2602 1723 2637 τὴν
1740 2602 1791 2636 γῆν
1805 2603 1861 2634 τοῖς

1069 2650 1237 2685 ἀκαθάρτοις
1254 2651 1344 2683 ποσὶν,
1360 2652 1393 2685 ἣν
1407 2651 1436 2676 ἐν
1450 2651 1509 2681 ταῖς
1524 2650 1672 2685 ὀρχήσεσιν
1688 2649 1860 2684 κατεκρότη-

1070 2705 1131 2729 σαν,
1145 2696 1258 2733 θέατρον
1276 2697 1387 2727 ἑαυταῖς
1403 2696 1555 2724 νεανίσκων
1566 2696 1644 2731 ὄχλον
1656 2697 1862 2731 περιστησάμε-

1069 2751 1125 2775 ναι,
1142 2742 1254 2774 σοὸάὸες
1267 2743 1361 2775 ὅντως,
1381 2742 1428 2770 καὶ
1452 2738 1616 2778 παραφόρου
1644 2741 1785 2772 παντελῶς
1805 2749 1861 2776 μα-

1069 2789 1130 2821 νίας
1146 2789 1276 2825 οὐδεμίαν
1287 2789 1441 2825 ὑπερϐολὴν
1457 2789 1683 2816 καταλείπουσαι.
1701 2787 1794 2814 Ταῦτα
1807 2787 1861 2823 μὲν

1070 2835 1129 2867 πῶς
1143 2836 1292 2871 σιωπήσως
1312 2836 1370 2868 πῶς
1381 2836 1409 2863 δὲ
1429 2835 1491 2863 κατ’
1506 2835 1586 2868 ἀξίαν
1607 2834 1765 2871 “spumat;
1780 2831 1861 2865 Οῖιος
