2074 3115
204 141 213 144 ’
231 127 299 161 1325

859 128 983 158 SACRA'
995 126 1226 156 PARALLELA:

1786 130 1854 164 1326

231 186 296 220 ἡμῖν
311 184 365 211 τῶν
381 184 475 219 ψυχῶν
487 184 590 211 τούτων
605 184 655 220 τὴν
671 183 774 219 ζημίαν
788 183 934 218 ἐποίησεν⁸
947 180 1018 215 οἶνος

1073 181 1224 209 animarum
1250 181 1365 209 istarum
1391 182 1588 211 detrimentum
1617 184 1710 213 vinum
1737 187 1852 215 attulit:

229 231 260 256 τὸ
275 229 350 266 παρὰ
367 229 435 256 Θεοῦ
451 230 538 265 δῶρον
558 230 597 261 εἰς
623 229 802 265 παραμυθίαν
813 229 862 264 τῆς
874 229 1016 260 ἀσθενείας

229 275 371 310 δεδομένον
382 276 439 307 τοῖς
452 274 650 310 σωφρονοῦσιν,
667 275 749 302 ὅπλον
764 275 792 301 δὲ
806 275 855 301 νῦν
871 274 1017 310 γενόμενον

231 319 381 352 ἀκολασίας
392 320 448 351 τοῖς
466 319 682 353 ἀσελγαίνουσιν.

258 369 270 384 Ι

265 418 278 432 ι
294 411 377 438 Οὐδὲν
404 411 494 438 τοίνυν
519 410 668 447 ἐφάμιλλον
688 411 818 445 γυναικὸς
837 413 968 447 πονηρᾶς.
985 412 1018 438 Τί

230 457 338 488 λέοντος
351 456 503 492 δεινότερον
519 457 548 483 ἐν
564 457 730 493 τετράποσιν
741 465 748 490 ;
760 457 848 484 οὐδέν.
859 457 891 484 Τί
902 458 932 484 δὲ
944 458 1018 493 ὠμό-

231 511 309 538 τερον
324 502 471 538 δράχοντος
491 503 521 529 ὲν
538 503 679 538 spite-.014;
697 502 754 530 ἀλλ’
771 503 865 530 οὐδέν’
882 503 953 538 πλὴν
969 512 1019 538 γυ-

231 549 324 579 ναικὸς
339 549 470 584 πονηρᾶς.
485 548 539 575 Καὶ
552 548 632 581 λέων,
645 550 693 576 καὶ
709 549 818 585 δράκων
835 549 940 576 ἐλάττω
954 558 1019 584 τυγ-

232 595 353 630 χάνουσι.
365 594 507 630 Μαρτυρεῖ
520 603 564 630 μοι
574 595 613 630 τῷ
622 595 694 630 λόγῳ
707 596 721 622 ὁ
734 595 1019 631 σοφώτατοςΣολομὼν

233 639 333 674 λέγων
360 640 524 674 Συνοικῆσαι
546 640 634 666 λέοντι
660 640 677 674 ἢ
705 640 832 676 δράκοντι
858 641 1019 676 εὐδόκησαι,

233 686 249 721 ἧ
262 686 421 721 συνοικῆσαι
433 687 502 721 μετὰ
509 686 637 720 γυναικὸς
648 687 770 722 πονηρᾶς
778 687 826 713 καὶ
832 686 1018 721 γλωσσώδους.

234 731 289 759 Καὶ
303 732 346 758 ἵνα
357 732 394 767 μὴ
410 732 523 767 νομίσῃς
538 731 583 759 τὸν
601 733 743 767 προφήτην
754 732 896 768 εἰρωνείαν
911 733 1021 768 εἰρηκέ-

233 785 288 810 vat,
297 777 326 809 ἐξ
334 777 424 804 αὐτῶν
432 777 487 804 τῶν
498 777 669 813 πραγμάτων
683 778 825 813 κατάμαθε
836 777 1021 813 ἁκριϐῶς·τὺν

234 823 333 857 Δανιὴλ
360 824 384 850 οἱ
397 823 503 855 λέοντες
520 823 682 859 ᾐδέσθησαν,
702 824 748 851 τὸν
758 824 786 851 δὲ
801 824 904 851 δίκαιον
915 823 1021 851 Ναϐου-

235 868 284 902 οὴν
304 867 422 899 Ἰεζάϐελ
440 868 579 902 ἐφόνευσε.
594 868 631 895 Τδ
653 869 736 903 κῆτος
756 869 802 896 τὸν
823 869 915 896 Ἰωνᾶν
932 869 960 895 ἐν
983 870 1017 906 τῇ

236 914 327 949 κοιλίᾳ
339 914 483 948 ἐφύλαξεν,
507 913 607 942 Δαλιδὰ
621 914 650 941 δὲ
670 915 715 941 τὸν
732 914 852 951 Σαμψὼν
877 915 1018 952 ξυρήσασα

235 961 290 991 τοῖς
308 960 467 994 ἀλλοφύλοις
480 960 651 995 παρέδωκεν,
660 961 823 996 Δράκοντες,
836 962 884 989 καὶ
896 962 1018 994 ἀσπίδες,

237 1007 284 1033 καὶ
297 1006 429 1041 κεράσται
443 1005 489 1032 τὸν
503 1006 630 1042 Ἰωάννην
650 1007 677 1033 ὲν
691 1008 724 1042 τῇ
740 1007 836 1042 ἐρήμῳ
853 1007 1018 1043 ὲτρόμαξαν,

241 1051 375 1085 Ἡρωδιὰς
387 1051 415 1078 δὲ
432 1051 512 1078 αὑτὸν
528 1052 557 1078 ὲν
571 1051 674 1086 ἀρίστῳ
689 1052 836 1088 ἀπέτεμεν.
854 1053 885 1080 0i
902 1053 1020 1089 κόρακες

236 1096 282 1123 τὸν
299 1096 392 1124 Ἠλίαν
407 1098 436 1124 ὲν
449 1097 487 1132 τῷ
499 1096 557 1132 ὄρει
577 1097 732 1133 διέθρεψαν,
755 1098 875 1131 Ἰεζάϐελ
896 1099 924 1126 δὲ
940 1099 1020 1127 αὐτὸν

238 1143 307 1176 μετὰ
322 1142 370 1178 τὴν
385 1143 544 1178 εὐεργεσίαν
557 1143 605 1170 τοῦ
620 1144 699 1171 ὑετοῦ
717 1145 786 1180 πρὸς
803 1146 884 1180 φόνον
897 1145 1021 1180 παρέδω-

237 1196 295 1214 κεν.
312 1189 344 1214 Τί
358 1188 411 1223 γὰρ
431 1188 540 1223 ἓλεγεν;
555 1189 591 1216 El
606 1190 647 1217 σὺ
661 1188 690 1217 ετ
707 1191 817 1224 Ἠλίας,
840 1190 920 1225 κὰγ-ὼ
943 1190 1022 1221 Ἰεζά-

233 1233 304 1260 ϐελ-
323 1233 392 1261 τάδε
407 1234 568 1268 ποιήσειάν
576 1244 627 1270 μοι
647 1237 673 1264 οὶ
687 1237 758 1269 θεοὶ,
775 1237 824 1264 καὶ
842 1236 912 1264 τάδε
925 1245 1021 1272 προσ-

237 1279 374 1313 θείησαν,
389 1281 414 1307 εὶ
426 1281 470 1315 μὴ
484 1281 523 1314 ὡς
541 1281 656 1316 ταύτην
669 1282 727 1316 τήν
741 1281 822 1316 ὥραν
844 1283 950 1316 αὔριον
970 1282 1021 1316 θή-

234 1331 327 1359 σομαι
342 1326 399 1359 τὴν
412 1326 519 1361 ψυχήν
532 1335 590 1354 σου
605 1327 645 1360 ὡς
659 1327 728 1360 ἑνὸς
747 1328 807 1354 τῶν
823 1328 1020 1362 τεθνηκότων.

237 1371 290 1398 Καὶ
304 1372 436 1407 ἐφοϐήθη
454 1373 563 1406 Ἠλίας,
577 1373 626 1400 καὶ
641 1373 799 1407 ἐπορεύθη,
811 1374 860 1400 καὶ
874 1371 967 1409 ἦλθεν
979 1375 1022 1406 είς

237 1417 295 1451 τὴν
310 1417 422 1452 ἔρημον
439 1418 510 1446 ὁδὸν
524 1419 648 1453 ἡμέρας,
666 1419 716 1446 καὶ
731 1418 866 1454 ᾐτήσατο
886 1419 943 1454 τὴν
962 1421 1023 1454 ψυ-

239 1462 299 1496 χὴν
315 1463 408 1490 αὑτοῦ
428 1463 602 1496 ἀποθανεῖν,
617 1464 669 1491 καὶ
687 1462 788 1491 εἶπεν·
805 1465 892 1498 Κύριε
906 1466 922 1491 d
940 1465 1022 1498 Θεὸς,

1069 227 1176 257 vinum,
1189 226 1312 261 inquam,
1329 227 1396 254 illud
1411 227 1458 256 Dei
1474 236 1586 262 munus,
1600 230 1674 264 quod
1684 230 1717 257 ad
1728 230 1851 259 levamen

1069 266 1237 298 inﬁrmitatis
1246 271 1332 299 castis
1346 271 1503 306 sobriisque
1517 274 1676 302 hominibus
1689 282 1854 304 concessum

1069 316 1131 349 fuit,
1149 323 1223 344 nunc
1244 321 1336 344 autem
1363 317 1611 353 intemperantibus
1633 321 1792 354 petulantia:
1812 321 1855 349 la-

1069 367 1142 390 ctum
1157 366 1199 389 est
1217 362 1444 391 instrumentum.

1105 407 1244 443 Chrysost.
1258 422 1292 427 -—
1306 407 1416 435 Nullum
1436 410 1536 437 Inalum
1562 418 1623 437 cum
1647 412 1772 447 improba
1792 422 1855 442 mu-

1070 453 1137 482 licre
1150 452 1348 481 conferendum
1361 459 1412 482 est.
1430 455 1565 487 Quidnam
1582 456 1654 484 inter
1666 458 1855 495 quadrupedia

1070 499 1212 528 crudelius
1229 504 1270 527 est
1285 500 1384 528 leone?
1400 500 1469 527 nihil
1480 501 1573 536 plane.
1586 502 1658 535 Quid
1678 503 1749 531 inter
1767 506 1854 540 repti-

1071 546 1107 574 lia
1124 547 1225 575 saevius
1238 546 1360 574 dracone
1374 547 1385 573 ?
1406 547 1475 574 nihil
1488 555 1615 583 prorsus.
1632 550 1715 584 Atqui
1730 552 1857 586 improba

1071 592 1199 623 muliere,
1219 595 1246 620 et
1273 592 1316 620 leo
1336 595 1364 620 et
1389 591 1472 620 draco
1492 593 1638 623 inferiores
1661 601 1738 623 sum.
1766 597 1856 624 Testis

1071 641 1114 665 est
1133 637 1200 665 mihi
1223 637 1447 672 sapientissimus
1465 638 1607 672 Salomon,
1625 641 1670 668 tibi
1687 641 1725 669 ait
1744 650 1752 670 ;
1771 642 1856 671 Corn-

1071 684 1174 710 morari
1190 690 1252 710 cum
1273 683 1352 710 leone
1372 687 1399 710 et
1409 683 1530 711 dracone
1545 685 1632 721 magis
1641 686 1761 720 placere,
1772 695 1855 723 quam

1072 727 1197 756 habitare
1210 735 1272 755 cum
1288 729 1403 756 muliere
1422 728 1492 755 mala
1505 734 1531 757 et
1541 730 1663 765 loquaci.
1681 733 1720 758 Ac
1739 740 1775 760 ne
1793 741 1857 768 pro—

1072 773 1181 810 phetam
1203 774 1262 802 haec
1283 774 1387 802 ironice
1411 775 1532 802 locutum
1555 776 1707 810 existimes,
1728 785 1761 805 ex
1787 778 1856 813 ipsis

1072 820 1154 848 rebus
1171 823 1300 848 accurate
1316 827 1373 847 rem
1393 820 1507 855 inspice.
1524 820 1629 849 Leones
1651 822 1791 851 Danieiem
1810 832 1856 852 re-

1072 866 1152 894 veriti
1174 871 1255 899 sunt;
1277 870 1304 892 at
1326 866 1430 901 justum
1454 865 1600 895 Nabntlten
1614 867 1726 895 Jezabel
1742 868 1856 896 interfit--

1070 912 1117 940 cit.
1146 912 1232 940 Catus
1264 912 1360 939 Jonam
1386 912 1414 939 in
1439 917 1532 940 ventre
1554 913 1690 947 servavit;
1710 917 1737 941 at
1759 914 1856 942 Dalida

1071 956 1232 985 Samsonem
1250 957 1349 985 abrasa
1369 964 1459 989 coma,
1484 958 1626 995 allophylis
1643 960 1768 989 tradidit.
1785 961 1854 988 Dra-

1072 1010 1166 1037 cones,
1182 1003 1292 1038 aspidas
1306 1008 1333 1031 et
1343 1007 1458 1031 cerastae
1471 1003 1607 1032 Joannem
1630 1006 1787 1035 inAdeserto
1799 1015 1857 1043 pcr-

1072 1049 1222 1078 timuerunt
1239 1059 1246 1077 :
1268 1053 1295 1076 at
1313 1049 1446 1078 llerodias
1469 1058 1530 1078 eum
1547 1052 1620 1079 inter
1633 1053 1728 1087 epulas
1742 1053 1857 1081 obtrun-

1071 1096 1128 1123 cari
1139 1095 1233 1131 jussit.
1249 1096 1336 1124 Etiam
1350 1098 1425 1125 corvi
1444 1097 1471 1125 in
1489 1102 1582 1126 monte
1598 1099 1729 1126 aluerunt
1747 1108 1753 1126 :
1770 1104 1797 1126 at
1810 1099 1857 1127 Je-

1073 1141 1149 1169 znbel
1167 1142 1292 1170 eumdetn
1309 1147 1371 1178 post
1393 1151 1555 1172 concessam
1571 1144 1690 1179 pluviam
1705 1145 1737 1172 ad
1755 1146 1856 1174 caulem

1073 1188 1210 1224 quaesivit.
1229 1187 1300 1221 Quid
1318 1189 1390 1216 enim
1412 1189 1529 1217 aiebat?
1554 1189 1584 1217 Si
1605 1195 1634 1216 tu
1652 1198 1679 1218 es
1697 1189 1785 1224 Elias,
1814 1198 1856 1219 ast

1071 1241 1117 1269 ego
1148 1242 1206 1260 sunt
1235 1234 1363 1266 Jezabel;
1387 1234 1442 1262 ha‘c
1459 1235 1562 1269 faciant
1584 1236 1649 1262 mihi
1672 1235 1722 1268 dii,
1748 1241 1773 1264 et
1800 1237 1855 1265 haec

1073 1278 1184 1310 addant,
1208 1279 1259 1306 nisi
1280 1287 1339 1306 cras
1363 1279 1412 1306 hac
1434 1280 1500 1307 hora
1524 1287 1619 1314 ponam
1636 1281 1754 1307 animam
1779 1286 1853 1308 tuam

1073 1326 1140 1351 sicut
1157 1325 1234 1352 unius
1251 1333 1283 1352 ea;
1295 1325 1329 1352 iis
1347 1325 1392 1360 qui
1407 1326 1506 1352 mortui
1518 1330 1590 1353 sunt.
1607 1325 1641 1353 Et
1660 1326 1749 1353 timuit
1769 1326 1857 1360 Elius,

1072 1369 1259 1406 profectusque
1280 1375 1331 1403 est,
1356 1376 1380 1398 et
1402 1372 1469 1398 abiit
1497 1372 1525 1398 in
1552 1372 1685 1399 desertum
1711 1373 1781 1400 viam
1805 1374 1858 1400 diei

1072 1415 1164 1448 unius,
1184 1421 1208 1442 et
1226 1416 1314 1450 petivit
1336 1421 1364 1443 ut
1385 1417 1475 1444 anima
1494 1425 1543 1444 sua
1557 1423 1712 1452 moreretur,
1729 1424 1753 1446 et
1766 1419 1835 1446 dixit
1848 1428 1860 1447 :

1075 1460 1185 1488 Domine
1199 1461 1282 1494 Deus,
1294 1462 1418 1498 sufficiat.
1439 1462 1535 1498 Accipe
1550 1465 1667 1491 animam
1683 1473 1766 1492 nteant
1779 1474 1794 1492 a
1808 1474 1858 1495 me.

238 1508 417 1541 Ικανούσθω,
431 1508 505 1536 λάϐε
525 1509 582 1543 τὴν
602 1509 708 1545 ψυχήν
726 1518 785 1544 μου
803 1510 854 1537 ἀπ’
872 1510 955 1545 ἐμοῦ,
975 1510 1021 1538 ὅτι

1073 1507 1137 1541 quia
1149 1508 1235 1534 satius
1249 1513 1288 1535 est
1303 1509 1366 1535 mihi
1377 1513 1404 1535 ut
1420 1509 1531 1541 moriar,
1545 1519 1623 1544 quant
1636 1515 1664 1537 ut
1677 1512 1760 1538 vitam
1772 1521 1782 1544 ;
1797 1513 1859 1547 quia

237 1554 334 1579 καλὸν
347 1554 380 1579 τὸ
396 1554 560 1581 ἀποθανεῖν
569 1563 617 1589 με,
627 1555 647 1588 ἢ
665 1554 728 1588 ζῇν,
741 1555 785 1582 ὅτι
801 1555 953 1589 κρείσσων
965 1556 1022 1592 ἐγὼ

235 1599 293 1625 οὐκ
307 1599 365 1632 εἰμὶ
380 1598 457 1633 ὑπὲρ
469 1599 538 1633 τοὺς
553 1600 683 1634 πατέρας
691 1609 761 1635 μου.
776 1601 870 1636 Οῐμοιῑ
883 1603 923 1629 ὅτι
938 1603 951 1629 ὁ
961 1611 1023 1638 προ-

238 1645 326 1679 φήτης
347 1643 440 1675 Ἠλίας
466 1644 588 1680 ἐφοϐήθη
607 1645 736 1679 γυναῖκα,
751 1647 765 1672 ὁ
781 1646 831 1680 τῆς
856 1647 1023 1682 οἰκουμένης

237 1689 302 1724 ὅλης
320 1689 365 1716 τὸν
382 1689 459 1716 ὑετδν
474 1691 503 1716 ὲν
524 1692 558 1726 τῇ
573 1690 681 1726 γλώττῃ
701 1690 855 1726 βαστάζων,
873 1693 887 1718 ὁ
904 1692 961 1728 πῦρ
975 1694 1022 1719 οὑ·

237 1734 352 1770 ρανόθεν
367 1736 472 1771 ῥήματι
496 1736 675 1771 κατενέγκας,
691 1735 738 1763 καὶ
752 1737 786 1763 δι’
803 1737 888 1772 εὐχῆς
903 1739 1018 1772 νεκροὺς

237 1780 393 1816 ἀνεγείρας,
410 1781 532 1817 ἐφοϐήθη
543 1783 675 1816 γυναῖκα;
689 1783 743 1816 ναὶ,
755 1783 889 1819 ἐφοὸήθη.
901 1784 1021 1819 Οὐδεμία

236 1827 291 1862 γὰρ
305 1827 483 1863 συγκρίνεται
506 1828 590 1855 κακία
609 1829 719 1862 γυναικὶ
741 1830 857 1865 πονηρᾷ.
882 1830 1024 1865 Μαρτυρεί

239 1880 285 1907 μοι
302 1872 342 1907 τῷ
363 1872 435 1908 λόγῳ
452 1873 468 1908 ή
485 1874 570 1908 Σοφία
583 1873 716 1908 λέγουσα·
731 1875 793 1902 Οὐκ
816 1874 882 1901 ἐστι
904 1875 1021 1909 κεφαλὴ

237 1916 314 1950 ὑπὲρ
331 1917 469 1951 κεφαλὴν
479 1917 585 1952 ὄφεως,
608 1918 657 1944 καὶ
680 1918 735 1944 οὐκ
753 1917 820 1944 ἐστι
840 1917 930 1944 κακία
947 1917 1023 1951 ὑπὲρ

237 1963 347 1989 κακίαν
371 1964 525 1998 γυναικός.
548 1964 581 1990 ’Ὠ
605 1963 634 1990 τὸ
651 1964 735 1990 κακὸν
761 1963 809 1989 τοῦ
830 1963 954 1990 διαϐόλου
977 1963 1023 1989 καὶ

237 2007 367 2040 ὀξύτατον
378 2008 459 2035 ὅπλον
470 2017 476 2025 ·
493 2009 537 2036 διὰ
548 2008 677 2043 γυναικὸς
694 2008 723 2041 ἐξ
734 2008 822 2044 ἀρχῆς
834 2009 863 2034 ἐν
878 2007 916 2043 τῷ
932 2016 1023 2043 παρα-

237 2054 317 2088 δείσῳ
332 2055 487 2089 κατέτρωσε
501 2054 546 2081 τὸν
566 2054 662 2089 Ἀδάμ.
679 2054 728 2080 Διὰ
742 2053 870 2088 γυναικὸς
883 2053 930 2080 τὸν
940 2053 1022 2080 Δαϐὶδ

239 2100 306 2135 πρὸς
321 2100 370 2135 τὴν
385 2100 455 2127 κατὰ
470 2099 518 2126 τοῦ
535 2100 633 2136 Οὐρίου
651 2099 808 2134 δολοφονίαν
819 2099 958 2134 ὲξέμανεν.
971 2098 1019 2124 Διὰ

238 2146 367 2180 γυναικὸς
384 2146 429 2172 τὸν
444 2145 599 2180 σοφώτατον
608 2145 769 2181 Σολομῶντα
781 2144 849 2179 πρὸς
865 2144 1022 2180 παράϐασιν

1073 1551 1165 1579 melior
1172 1561 1224 1579 non
1237 1561 1294 1580 sum
1304 1554 1426 1586 patribus
1440 1554 1569 1589 meia(lll
1577 1554 1640 1590 Reg.
1650 1564 1708 1589 χιχ,
1717 1557 1744 1589 2,
1755 1558 1858 1593 seqq.).

1074 1597 1147 1626 Proh
1167 1598 1269 1626 inversi
1292 1600 1400 1627 mores!
1424 1600 1498 1627 Elias
1521 1601 1652 1636 propheta
1669 1601 1797 1630 feririnam
1811 1612 1860 1631 ex-

1073 1643 1188 1671 timuit?
1204 1644 1252 1672 llle
1263 1645 1311 1680 qui
1328 1646 1413 1673 totius
1426 1646 1502 1674 orbis
1523 1647 1639 1675 imbrem
1663 1648 1796 1683 gestabat,
1812 1651 1858 1683 qui

1074 1690 1163 1724 ignem
1181 1690 1290 1719 ccelitus
1307 1691 1391 1719 verbo
1412 1691 1579 1724 detraxerat,
1607 1693 1653 1728 qui
1678 1701 1728 1727 per
1753 1694 1858 1720 oratio-

1075 1744 1137 1764 nem
1162 1741 1286 1765 mortuos
1309 1741 1486 1765 revocaverat
1506 1738 1539 1764 ad
1562 1738 1656 1771 vitam,
1677 1738 1804 1766 feminam
1829 1740 1861 1766 ti-

1074 1782 1164 1809 muit?
1183 1787 1257 1811 certe
1276 1783 1378 1810 timuit.
1405 1782 1500 1818 Neque
1517 1783 1589 1810 enim
1615 1784 1667 1811 ulla
1700 1785 1860 1819 improbitas

1073 1832 1126 1859 est,
1143 1836 1204 1864 qua:
1224 1836 1286 1856 cum
1302 1828 1426 1864 improba
1448 1829 1561 1856 muliere
1585 1829 1673 1864 possit
1692 1833 1859 1865 comparari.

1074 1874 1154 1909 Atqui
1177 1874 1297 1901 sermoni
1321 1881 1382 1902 meo
1407 1873 1484 1901 [idem
1514 1875 1615 1902 astruit
1636 1875 1785 1910 sapientia,
1813 1877 1859 1903 ubi

1074 1920 1111 1946 ait
1128 1929 1135 1946 ι
1156 1919 1218 1947 Non
1233 1924 1272 1946 est
1286 1924 1364 1954 caput
1384 1927 1461 1954 super
1472 1925 1550 1954 caput
1566 1922 1705 1955 serpentis,
1715 1926 1738 1948 et
1757 1930 1808 1948 mm
1819 1927 1858 1949 cst

1074 1965 1179 1992 malitia
1203 1973 1284 1999 supra
1303 1965 1435 1992 malitiam
1457 1966 1574 1993 mulieris
1590 1965 1686 2001 (Eccli.
1706 1975 1770 2000 xxv,
1799 1968 1856 2000 ‘22).

1074 2010 1096 2038 0
1114 2011 1276 2046 nequitiam,
1299 2011 1548 2046 acutissimumque
1573 2012 1657 2039 telum
1683 2013 1804 2040 tliabolil
1835 2013 1860 2040 is

1075 2062 1124 2090 per
1146 2055 1288 2083 mulierem
1317 2063 1333 2082 a
1361 2056 1499 2091 principio
1522 2056 1656 2084 Adamum
1682 2059 1708 2085 in
1731 2059 1860 2094 paradiso

1075 2102 1219 2130 sauciavit.
1238 2101 1289 2129 Per
1301 2102 1444 2130 mulierem
1461 2102 1495 2129 ad
1514 2110 1604 2131 necem
1621 2103 1693 2131 Urim
1705 2112 1753 2139 per
1767 2105 1859 2132 dolum

1075 2146 1246 2174 inferendam
1272 2146 1402 2174 Davitlem
1431 2148 1516 2176 veluti
1542 2149 1635 2176 furore
1664 2150 1791 2184 perculit.
1809 2150 1861 2177 Per

239 2192 423 2228 κατέστρεψεν
431 2200 437 2206 ·
450 2192 495 2218 διὰ
506 2192 636 2226 γυναικὸς
646 2191 692 2218 τὸν
703 2190 893 2226 ἀνδρειότατον
901 2190 1021 2226 Σαμψὼν

1076 2191 1218 2218 mulierem
1236 2191 1410 2219 Salomonem
1427 2192 1567 2227 sapientia:
1595 2193 1675 2219 laude
1694 2194 1862 2228 praestantis-

239 2237 357 2274 ξυρήσας
368 2237 533 2272 ἐτύφλωσεν.
544 2237 593 2264 Διὰ
604 2237 733 2270 γυναικὸς
743 2237 806 2268 τοὺς
818 2238 893 2268 υἱοὺς
906 2237 965 2264 Ἠλὶ
976 2236 1023 2263 τοῦ

240 2284 336 2319 ἱερέως
358 2284 501 2318 ὲδάφισεν·
530 2283 573 2310 διὰ
598 2283 729 2318 γυναικὸς
749 2283 794 2310 τὸν
821 2283 1023 2318 οὖρανοδρόμον

245 2329 338 2356 Ἠλίαν
348 2329 443 2356 ἐδίωκε
451 2338 457 2344 ·
468 2329 512 2355 διὰ
520 2329 648 2363 γυναικὸς
658 2329 702 2355 τὸν
717 2328 910 2363 εὐγενέστατον
923 2329 1023 2364 Ἰωσὴφ

239 2376 345 2412 φυλακῇ
357 2375 525 2402 κατέκλεισε.
544 2375 593 2400 Διὰ
608 2373 736 2408 γυναικὸς
747 2375 791 2400 τὸν
806 2375 904 2405 παντὸς
919 2375 1022 2410 κόσμου

240 2421 335 2455 λύχνον
372 2422 496 2456 Ἰωάννην
525 2420 642 2454 ἑπέτεμε
659 2427 666 2433 ·
683 2419 727 2446 διὰ
757 2420 886 2454 γυναικὸς
919 2421 1024 2452 πάντας

240 2467 418 2501 κατασφάζει.
434 2467 504 2502 Γυνὴ
518 2467 571 2504 γὰρ
584 2466 695 2502 ἀναιδὴς
712 2466 818 2498 οὗδενὺς
836 2466 967 2501 φείδεται.
986 2467 1024 2492 Οὒ

240 2511 357 2547 Λευῖτην
371 2513 447 2547 τιμᾷ,
474 2513 522 2547 οὺχ
551 2512 625 2547 ἱερέα
649 2511 823 2547 ἐντρέπεται,
835 2512 865 2538 οὗ
880 2512 1025 2547 προφήτην

241 2557 397 2584 ὲναιδείται.
413 2558 445 2583 Ὢ
458 2557 543 2584 κακοῦ
564 2558 646 2584 κακὸν
659 2559 788 2584 κάκιστον
799 2577 807 2590 ,
822 2558 891 2592 γυνὴ
908 2551 1026 2593 πονηρὰ,

242 2602 323 2639 κᾶνῇ
340 2604 468 2638 πενιχρά.
487 2604 549 2630 Ἐὰν
563 2604 592 2630 δὲ
609 2604 654 2630 καὶ
669 2603 782 2629 πλοῦτον
794 2603 842 2639 ἕλῃ
858 2604 890 2638 τῇ
910 2603 1027 2638 πονηρῖᾳ

241 2648 328 2683 αὐτῆς
341 2648 533 2684 συνεργοῦντα,
546 2649 636 2676 διο-σὸν
659 2649 688 2675 τδ
709 2648 794 2676 κακόν
806 2658 813 2664 ·
835 2649 984 2684 ἀφόρητον,
997 2648 1026 2674 τὸ

242 2693 321 2727 ζῶον,
339 2694 523 2729 ἀθεράπευτον
545 2695 575 2721 τὸ
597 2694 702 2730 θηρίον.
728 2693 799 2728 Ἐγὼ
810 2693 868 2720 οἴδα
885 2694 932 2720 καὶ
947 2693 1023 2720 ἀσπί-

1079 2235 1179 2262 simum
1191 2235 1230 2263 ad
1243 2236 1499 2272 praevaricationem
1515 2237 1633 2272 impulit.
1654 2238 1705 2265 Per
1719 2239 1861 2266 mulierem

1079 2282 1262 2309 fortissimum
1277 2282 1439 2309 Samsonenr
1459 2284 1566 2311 abrasis
1579 2285 1687 2319 capillis
1704 2286 1859 2312 exemi-urit.

1077 2325 1278 2354 l‘ermulierem
1290 2327 1423 2355 [ilicsHeli
1434 2328 1588 2355 sacerdotis
1599 2328 1624 2356 in
1637 2333 1736 2356 terram
1747 2335 1864 2364 prostra-

1077 2371 1126 2398 vit.
1137 2370 1188 2398 Per
1203 2370 1345 2398 mulierem
1357 2371 1513 2406 emlipetam
1527 2372 1602 2398 illum
1615 2372 1699 2399 Eliarn
1713 2373 1862 2400 insectatus

1077 2421 1129 2445 est.
1149 2416 1200 2444 Per
1218 2417 1360 2444 mulierem
1379 2417 1582 2444 nobilissimum
1604 2416 1705 2452 Joseph
1726 2419 1752 2444 in
1770 2425 1863 2445 carec-

1078 2469 1136 2489 rem
1163 2460 1243 2496 413
1268 2461 1362 2487 trusit.
1388 2459 1440 2487 Per
1467 2461 1607 2487 mulierem
1629 2460 1760 2487 Joannem
1779 2461 1863 2487 totius

1079 2507 1176 2534 mundi
1202 2507 1344 2534 lucernam
1369 2506 1461 2540 capite
1486 2506 1637 2532 truncavit.
1651 2505 1703 2532 Per
1717 2506 1862 2533 mulierem

1081 2553 1185 2581 nullum
1207 2560 1262 2579 non
1286 2552 1415 2587 jugulat:
1437 2559 1500 2578 nam
1526 2551 1624 2578 mulier
1650 2551 1794 2586 impudens
1815 2560 1864 2578 non

1081 2600 1147 2626 mitti
1162 2599 1259 2634 parcit.
1286 2597 1344 2625 Non
1363 2598 1463 2625 Levita:
1479 2597 1612 2624 rationem
1631 2597 1713 2625 habet
1727 2607 1734 2624 ε
1752 2606 1805 2624 non
1820 2605 1864 2624 sa—

1080 2645 1228 2675 cerdotem,
1246 2651 1300 2670 non
1316 2643 1476 2678 prophetam
1495 2648 1615 2669 veretur.
1635 2641 1658 2670 0
1676 2643 1774 2669 malum
1787 2643 1862 2669 omni

1081 2691 1153 2718 malo
1180 2689 1278 2725 pejus!
1305 2688 1428 2724 improba
1455 2687 1553 2714 mulier
1577 2691 1630 2720 est,
1647 2688 1688 2715 vel
1707 2688 1728 2715 si
1748 2688 1863 2722 permria

281 2800 294 2814 ⁸
312 2793 350 2821 Ex
367 2793 478 2820 ltomiiia
494 2792 519 2820 in
553 2792 757 2820 decollationem
795 2793 982 2825 Prwrursoris,
1016 2799 1076 2826 ql'a‘
1094 2796 1182 2820 exstat
1211 2795 1229 2818 t.
1249 2789 1292 2818 VH
1310 2790 1375 2818 edit.
1393 2790 1477 2817 Savil.
1499 2797 1525 2825 p.
1547 2789 1607 2821 liii},
1628 2788 1771 2822 dubia-quc
1799 2786 1864 2813 {idet

242 2833 293 2856 est.
