  <div class='ocr_page' id='page_1' title='image "/cluster/home/n/w/nwhite01/storage/ocr_20150623/95/njp.32101077772844/673.png"; bbox 0 0 2074 3115; ppageno 0'>
   <div class='ocr_carea' id='block_1_1' title="bbox 205 125 271 158">
    <p class='ocr_par' dir='ltr' id='par_1_1' title="bbox 205 125 271 158">
     <span class='ocr_line' id='line_1_1' title="bbox 205 125 271 158; baseline 0 0"><span class='ocrx_word' id='word_1_1' title='bbox 205 125 271 158; x_wconf 74' lang='lat'><strong>1327</strong></span> 
     </span>
    </p>
   </div>
   <div class='ocr_carea' id='block_1_2' title="bbox 798 116 1238 150">
    <p class='ocr_par' dir='ltr' id='par_1_2' title="bbox 798 116 1238 150">
     <span class='ocr_line' id='line_1_2' title="bbox 798 116 1238 150; baseline -0.005 0"><span class='ocrx_word' id='word_1_2' title='bbox 798 120 828 150; x_wconf 93' lang='lat' dir='ltr'><strong>S.</strong></span> <span class='ocrx_word' id='word_1_3' title='bbox 845 118 965 150; x_wconf 68' lang='lat' dir='ltr'><strong>JOANN</strong></span> <span class='ocrx_word' id='word_1_4' title='bbox 970 119 1006 149; x_wconf 85' lang='lat' dir='ltr'><strong>IS</strong></span> <span class='ocrx_word' id='word_1_5' title='bbox 1020 116 1238 149; x_wconf 72' lang='lat' dir='ltr'><strong>DAMASCENI</strong></span> 
     </span>
    </p>
   </div>
   <div class='ocr_carea' id='block_1_3' title="bbox 1769 116 1841 151">
    <p class='ocr_par' dir='ltr' id='par_1_3' title="bbox 1769 116 1841 151">
     <span class='ocr_line' id='line_1_3' title="bbox 1769 116 1841 151; baseline 0.014 -1"><span class='ocrx_word' id='word_1_6' title='bbox 1769 116 1841 151; x_wconf 74' lang='lat'><strong>1328</strong></span> 
     </span>
    </p>
   </div>
   <div class='ocr_carea' id='block_1_4' title="bbox 205 173 998 211">
    <p class='ocr_par' dir='ltr' id='par_1_4' title="bbox 205 176 991 211">
     <span class='ocr_line' id='line_1_4' title="bbox 205 176 991 211; baseline -0.01 -1"><span class='ocrx_word' id='word_1_7' title='bbox 205 180 388 210; x_wconf 73' lang='lat' dir='ltr'><strong>lahoret.’Sin</strong></span> <span class='ocrx_word' id='word_1_8' title='bbox 420 186 486 207; x_wconf 90' lang='lat' dir='ltr'><strong>vero</strong></span> <span class='ocrx_word' id='word_1_9' title='bbox 508 178 592 206; x_wconf 84' lang='lat' dir='ltr'><strong>etiam</strong></span> <span class='ocrx_word' id='word_1_10' title='bbox 617 176 704 205; x_wconf 83' lang='lat' dir='ltr'><strong>amuit</strong></span> <span class='ocrx_word' id='word_1_11' title='bbox 728 177 838 211; x_wconf 87' lang='lat' dir='ltr'><strong>opibus,</strong></span> <span class='ocrx_word' id='word_1_12' title='bbox 862 184 923 211; x_wconf 74' lang='lat' dir='ltr'><strong>qua:</strong></span> <span class='ocrx_word' id='word_1_13' title='bbox 940 176 991 203; x_wconf 88' lang='lat' dir='ltr'><strong>im-</strong></span> 
     </span>
    </p>
   </div>
   <div class='ocr_carea' id='block_1_5' title="bbox 1049 173 1840 211">
    <p class='ocr_par' dir='ltr' id='par_1_5' title="bbox 1049 173 1840 210">
     <span class='ocr_line' id='line_1_5' title="bbox 1049 173 1840 210; baseline 0.001 -9"><span class='ocrx_word' id='word_1_14' title='bbox 1049 177 1089 207; x_wconf 71' lang='grc' dir='ltr'><strong>ἳας</strong></span> <span class='ocrx_word' id='word_1_15' title='bbox 1102 175 1323 210; x_wconf 72' lang='grc' dir='ltr'>κολακευομένας</span> <span class='ocrx_word' id='word_1_16' title='bbox 1339 173 1522 210; x_wconf 60' lang='grc' dir='ltr'>ἡμεροῦσθαι,</span> <span class='ocrx_word' id='word_1_17' title='bbox 1540 173 1587 200; x_wconf 75' lang='grc' dir='ltr'><strong>καὶ</strong></span> <span class='ocrx_word' id='word_1_18' title='bbox 1600 173 1722 206; x_wconf 74' lang='grc' dir='ltr'>λέοντας,</span> <span class='ocrx_word' id='word_1_19' title='bbox 1735 175 1783 202; x_wconf 71' lang='grc' dir='ltr'><strong>καὶ</strong></span> <span class='ocrx_word' id='word_1_20' title='bbox 1800 176 1840 202; x_wconf 84' lang='grc' dir='ltr'><strong>τί·</strong></span> 
     </span>
    </p>
   </div>
   <div class='ocr_carea' id='block_1_6' title="bbox 206 222 995 264">
    <p class='ocr_par' dir='ltr' id='par_1_6' title="bbox 206 222 995 264">
     <span class='ocr_line' id='line_1_6' title="bbox 206 222 995 264; baseline -0.01 -8"><span class='ocrx_word' id='word_1_21' title='bbox 206 228 338 264; x_wconf 84' lang='lat' dir='ltr'><strong>probitati</strong></span> <span class='ocrx_word' id='word_1_22' title='bbox 358 227 448 262; x_wconf 83' lang='lat' dir='ltr'><strong>ipsius</strong></span> <span class='ocrx_word' id='word_1_23' title='bbox 464 224 590 253; x_wconf 89' lang='lat' dir='ltr'><strong>subsidio</strong></span> <span class='ocrx_word' id='word_1_24' title='bbox 613 224 680 257; x_wconf 86' lang='lat' dir='ltr'><strong>sint,</strong></span> <span class='ocrx_word' id='word_1_25' title='bbox 704 224 807 250; x_wconf 91' lang='lat' dir='ltr'><strong>malum</strong></span> <span class='ocrx_word' id='word_1_26' title='bbox 824 222 922 257; x_wconf 78' lang='lat' dir='ltr'><strong>duplex</strong></span> <span class='ocrx_word' id='word_1_27' title='bbox 942 228 995 254; x_wconf 75' lang='lat' dir='ltr'><strong>est.</strong></span> 
     </span>
    </p>
   </div>
   <div class='ocr_carea' id='block_1_7' title="bbox 207 267 995 305">
    <p class='ocr_par' dir='ltr' id='par_1_7' title="bbox 207 267 995 305">
     <span class='ocr_line' id='line_1_7' title="bbox 207 267 995 305; baseline -0.01 -3"><span class='ocrx_word' id='word_1_28' title='bbox 207 274 380 302; x_wconf 87' lang='lat' dir='ltr'><strong>intolerabile</strong></span> <span class='ocrx_word' id='word_1_29' title='bbox 405 271 506 299; x_wconf 81' lang='lat' dir='ltr'><strong>animal</strong></span> <span class='ocrx_word' id='word_1_30' title='bbox 525 274 553 298; x_wconf 87' lang='lat' dir='ltr'><strong>et</strong></span> <span class='ocrx_word' id='word_1_31' title='bbox 576 270 666 297; x_wconf 86' lang='lat' dir='ltr'><strong>bestia</strong></span> <span class='ocrx_word' id='word_1_32' title='bbox 691 277 753 305; x_wconf 74' lang='lat' dir='ltr'><strong>qua:</strong></span> <span class='ocrx_word' id='word_1_33' title='bbox 773 269 859 297; x_wconf 88' lang='lat' dir='ltr'><strong>nullis</strong></span> <span class='ocrx_word' id='word_1_34' title='bbox 886 267 995 295; x_wconf 83' lang='lat' dir='ltr'><strong>deliniri</strong></span> 
     </span>
    </p>
   </div>
   <div class='ocr_carea' id='block_1_8' title="bbox 206 313 996 355">
    <p class='ocr_par' dir='ltr' id='par_1_8' title="bbox 206 313 996 355">
     <span class='ocr_line' id='line_1_8' title="bbox 206 313 996 355; baseline -0.013 -6"><span class='ocrx_word' id='word_1_35' title='bbox 206 319 347 355; x_wconf 82' lang='lat' dir='ltr'><strong>obsequiis</strong></span> <span class='ocrx_word' id='word_1_36' title='bbox 359 318 456 353; x_wconf 89' lang='lat' dir='ltr'><strong>possit.</strong></span> <span class='ocrx_word' id='word_1_37' title='bbox 474 317 530 352; x_wconf 69' lang='grc' dir='ltr'>Εςο</span> <span class='ocrx_word' id='word_1_38' title='bbox 541 315 643 351; x_wconf 89' lang='lat' dir='ltr'><strong>quippe</strong></span> <span class='ocrx_word' id='word_1_39' title='bbox 655 315 769 350; x_wconf 89' lang='lat' dir='ltr'><strong>aspides</strong></span> <span class='ocrx_word' id='word_1_40' title='bbox 789 313 890 341; x_wconf 82' lang='lat' dir='ltr'><strong>blanda</strong></span> <span class='ocrx_word' id='word_1_41' title='bbox 912 320 996 340; x_wconf 88' lang='lat' dir='ltr'><strong>manu</strong></span> 
     </span>
    </p>
   </div>
   <div class='ocr_carea' id='block_1_9' title="bbox 207 360 998 394">
    <p class='ocr_par' dir='ltr' id='par_1_9' title="bbox 207 360 998 394">
     <span class='ocr_line' id='line_1_9' title="bbox 207 360 998 394; baseline -0.011 0"><span class='ocrx_word' id='word_1_42' title='bbox 207 366 348 394; x_wconf 86' lang='lat' dir='ltr'><strong>demulsas</strong></span> <span class='ocrx_word' id='word_1_43' title='bbox 375 370 572 392; x_wconf 88' lang='lat' dir='ltr'><strong>mansuescere</strong></span> <span class='ocrx_word' id='word_1_44' title='bbox 596 362 667 394; x_wconf 89' lang='lat' dir='ltr'><strong>scio,</strong></span> <span class='ocrx_word' id='word_1_45' title='bbox 688 362 793 394; x_wconf 85' lang='lat' dir='ltr'><strong>leones,</strong></span> <span class='ocrx_word' id='word_1_46' title='bbox 809 364 836 387; x_wconf 88' lang='lat' dir='ltr'><strong>et</strong></span> <span class='ocrx_word' id='word_1_47' title='bbox 856 360 955 394; x_wconf 80' lang='lat' dir='ltr'><strong>tigres,</strong></span> <span class='ocrx_word' id='word_1_48' title='bbox 971 363 998 386; x_wconf 91' lang='lat' dir='ltr'><strong>et</strong></span> 
     </span>
    </p>
   </div>
   <div class='ocr_carea' id='block_1_10' title="bbox 207 405 997 447">
    <p class='ocr_par' dir='ltr' id='par_1_10' title="bbox 207 405 997 447">
     <span class='ocr_line' id='line_1_10' title="bbox 207 405 997 447; baseline -0.01 -8"><span class='ocrx_word' id='word_1_49' title='bbox 207 411 312 447; x_wconf 81' lang='lat' dir='ltr'><strong>pardus</strong></span> <span class='ocrx_word' id='word_1_50' title='bbox 332 410 452 438; x_wconf 86' lang='lat' dir='ltr'><strong>eicurari</strong></span> <span class='ocrx_word' id='word_1_51' title='bbox 475 417 482 435; x_wconf 74' lang='grc' dir='ltr'>ι</span> <span class='ocrx_word' id='word_1_52' title='bbox 502 414 529 437; x_wconf 86' lang='lat' dir='ltr'><strong>at</strong></span> <span class='ocrx_word' id='word_1_53' title='bbox 543 408 642 436; x_wconf 86' lang='lat' dir='ltr'><strong>mulier</strong></span> <span class='ocrx_word' id='word_1_54' title='bbox 659 407 784 443; x_wconf 89' lang='lat' dir='ltr'><strong>improba</strong></span> <span class='ocrx_word' id='word_1_55' title='bbox 800 406 865 433; x_wconf 93' lang='lat' dir='ltr'><strong>dum</strong></span> <span class='ocrx_word' id='word_1_56' title='bbox 884 405 997 433; x_wconf 45' lang='lat' dir='ltr'><strong>lacessi.</strong></span> 
     </span>
    </p>
   </div>
   <div class='ocr_carea' id='block_1_11' title="bbox 207 451 996 492">
    <p class='ocr_par' dir='ltr' id='par_1_11' title="bbox 207 451 996 492">
     <span class='ocr_line' id='line_1_11' title="bbox 207 451 996 492; baseline -0.01 -7"><span class='ocrx_word' id='word_1_57' title='bbox 207 465 263 492; x_wconf 84' lang='lat' dir='ltr'><strong>tur,</strong></span> <span class='ocrx_word' id='word_1_58' title='bbox 283 457 372 490; x_wconf 83' lang='lat' dir='ltr'><strong>‘furit,</strong></span> <span class='ocrx_word' id='word_1_59' title='bbox 401 461 429 484; x_wconf 92' lang='lat' dir='ltr'><strong>ct</strong></span> <span class='ocrx_word' id='word_1_60' title='bbox 451 463 513 483; x_wconf 89' lang='lat' dir='ltr'><strong>cum</strong></span> <span class='ocrx_word' id='word_1_61' title='bbox 540 455 724 486; x_wconf 87' lang='lat' dir='ltr'><strong>demulcetur,</strong></span> <span class='ocrx_word' id='word_1_62' title='bbox 747 452 901 481; x_wconf 84' lang='lat' dir='ltr'><strong>insolescit.</strong></span> <span class='ocrx_word' id='word_1_63' title='bbox 916 451 996 484; x_wconf 83' lang='lat' dir='ltr'><strong>Quod</strong></span> 
     </span>
    </p>
   </div>
   <div class='ocr_carea' id='block_1_12' title="bbox 206 498 996 536">
    <p class='ocr_par' dir='ltr' id='par_1_12' title="bbox 206 498 996 536">
     <span class='ocr_line' id='line_1_12' title="bbox 206 498 996 536; baseline -0.011 -4"><span class='ocrx_word' id='word_1_64' title='bbox 206 505 229 532; x_wconf 85' lang='lat' dir='ltr'><strong>si</strong></span> <span class='ocrx_word' id='word_1_65' title='bbox 239 504 337 532; x_wconf 71' lang='lat' dir='ltr'><strong>&#39;virum</strong></span> <span class='ocrx_word' id='word_1_66' title='bbox 362 503 445 530; x_wconf 90' lang='lat' dir='ltr'><strong>habet</strong></span> <span class='ocrx_word' id='word_1_67' title='bbox 459 502 625 529; x_wconf 80' lang='lat' dir='ltr'><strong>auctoritate</strong></span> <span class='ocrx_word' id='word_1_68' title='bbox 646 500 811 536; x_wconf 83' lang='lat' dir='ltr'><strong>pollentem.</strong></span> <span class='ocrx_word' id='word_1_69' title='bbox 829 498 876 525; x_wconf 87' lang='lat' dir='ltr'><strong>ditt</strong></span> <span class='ocrx_word' id='word_1_70' title='bbox 898 502 996 524; x_wconf 89' lang='lat' dir='ltr'><strong>noctu-</strong></span> 
     </span>
    </p>
   </div>
   <div class='ocr_carea' id='block_1_13' title="bbox 206 544 996 586">
    <p class='ocr_par' dir='ltr' id='par_1_13' title="bbox 206 544 996 586">
     <span class='ocr_line' id='line_1_13' title="bbox 206 544 996 586; baseline -0.008 -10"><span class='ocrx_word' id='word_1_71' title='bbox 206 557 260 586; x_wconf 84' lang='lat' dir='ltr'><strong>q&#39;ue</strong></span> <span class='ocrx_word' id='word_1_72' title='bbox 284 550 460 578; x_wconf 80' lang='lat' dir='ltr'><strong>sermonibus</strong></span> <span class='ocrx_word' id='word_1_73' title='bbox 482 555 544 575; x_wconf 89' lang='lat' dir='ltr'><strong>eum</strong></span> <span class='ocrx_word' id='word_1_74' title='bbox 571 546 751 582; x_wconf 76' lang='lat' dir='ltr'><strong>impellentlo,</strong></span> <span class='ocrx_word' id='word_1_75' title='bbox 771 545 805 573; x_wconf 86' lang='lat' dir='ltr'><strong>ad</strong></span> <span class='ocrx_word' id='word_1_76' title='bbox 830 544 996 573; x_wconf 84' lang='lat' dir='ltr'><strong>insidiosam</strong></span> 
     </span>
    </p>
   </div>
   <div class='ocr_carea' id='block_1_14' title="bbox 207 589 995 629">
    <p class='ocr_par' dir='ltr' id='par_1_14' title="bbox 207 589 995 629">
     <span class='ocr_line' id='line_1_14' title="bbox 207 589 995 629; baseline -0.01 -5"><span class='ocrx_word' id='word_1_77' title='bbox 207 596 309 624; x_wconf 74' lang='lat' dir='ltr'><strong>ezedem</strong></span> <span class='ocrx_word' id='word_1_78' title='bbox 335 596 422 626; x_wconf 82' lang='lat' dir='ltr'><strong>acuit,</strong></span> <span class='ocrx_word' id='word_1_79' title='bbox 439 592 672 629; x_wconf 83' lang='lat' dir='ltr'><strong>quemadmodum</strong></span> <span class='ocrx_word' id='word_1_80' title='bbox 695 590 831 619; x_wconf 84' lang='lat' dir='ltr'><strong>llerodias</strong></span> <span class='ocrx_word' id='word_1_81' title='bbox 845 589 995 617; x_wconf 81' lang='lat' dir='ltr'><strong>Herodem.</strong></span> 
     </span>
    </p>
   </div>
   <div class='ocr_carea' id='block_1_15' title="bbox 208 634 996 674">
    <p class='ocr_par' dir='ltr' id='par_1_15' title="bbox 208 634 996 674">
     <span class='ocr_line' id='line_1_15' title="bbox 208 634 996 674; baseline -0.011 -5"><span class='ocrx_word' id='word_1_82' title='bbox 208 642 257 669; x_wconf 80' lang='lat' dir='ltr'><strong>Sin</strong></span> <span class='ocrx_word' id='word_1_83' title='bbox 273 648 371 668; x_wconf 85' lang='lat' dir='ltr'><strong>rursus</strong></span> <span class='ocrx_word' id='word_1_84' title='bbox 385 645 543 674; x_wconf 63' lang='lat' dir='ltr'><strong>&quot;pauperem</strong></span> <span class='ocrx_word' id='word_1_85' title='bbox 570 636 699 664; x_wconf 85' lang='lat' dir='ltr'><strong>maritum</strong></span> <span class='ocrx_word' id='word_1_86' title='bbox 720 635 812 668; x_wconf 83' lang='lat' dir='ltr'><strong>habet,</strong></span> <span class='ocrx_word' id='word_1_87' title='bbox 839 634 873 661; x_wconf 82' lang='lat' dir='ltr'><strong>ad</strong></span> <span class='ocrx_word' id='word_1_88' title='bbox 889 635 946 662; x_wconf 91' lang='lat' dir='ltr'><strong>iras</strong></span> <span class='ocrx_word' id='word_1_89' title='bbox 962 634 996 660; x_wconf 88' lang='lat' dir='ltr'><strong>il-</strong></span> 
     </span>
    </p>
   </div>
   <div class='ocr_carea' id='block_1_16' title="bbox 207 680 996 722">
    <p class='ocr_par' dir='ltr' id='par_1_16' title="bbox 207 680 996 722">
     <span class='ocr_line' id='line_1_16' title="bbox 207 680 996 722; baseline -0.011 -7"><span class='ocrx_word' id='word_1_90' title='bbox 207 689 263 715; x_wconf 88' lang='lat' dir='ltr'><strong>ltnn</strong></span> <span class='ocrx_word' id='word_1_91' title='bbox 277 691 304 714; x_wconf 84' lang='lat' dir='ltr'><strong>et</strong></span> <span class='ocrx_word' id='word_1_92' title='bbox 317 693 425 722; x_wconf 72' lang='lat' dir='ltr'><strong>pugnas</strong></span> <span class='ocrx_word' id='word_1_93' title='bbox 439 683 552 712; x_wconf 74' lang='lat' dir='ltr'><strong>excitat.</strong></span> <span class='ocrx_word' id='word_1_94' title='bbox 565 681 619 709; x_wconf 82' lang='lat' dir='ltr'><strong>‘Sin</strong></span> <span class='ocrx_word' id='word_1_95' title='bbox 634 681 746 709; x_wconf 92' lang='lat' dir='ltr'><strong>demum</strong></span> <span class='ocrx_word' id='word_1_96' title='bbox 764 681 846 708; x_wconf 88' lang='lat' dir='ltr'><strong>vidua</strong></span> <span class='ocrx_word' id='word_1_97' title='bbox 863 684 918 713; x_wconf 88' lang='lat' dir='ltr'><strong>est,</strong></span> <span class='ocrx_word' id='word_1_98' title='bbox 934 680 996 715; x_wconf 87' lang='lat' dir='ltr'><strong>ipsa</strong></span> 
     </span>
    </p>
   </div>
   <div class='ocr_carea' id='block_1_17' title="bbox 206 726 995 770">
    <p class='ocr_par' dir='ltr' id='par_1_17' title="bbox 206 726 995 770">
     <span class='ocr_line' id='line_1_17' title="bbox 206 726 995 770; baseline -0.01 -9"><span class='ocrx_word' id='word_1_99' title='bbox 206 742 257 770; x_wconf 79' lang='lat' dir='ltr'><strong>per</strong></span> <span class='ocrx_word' id='word_1_100' title='bbox 271 741 301 761; x_wconf 89' lang='lat' dir='ltr'><strong>se</strong></span> <span class='ocrx_word' id='word_1_101' title='bbox 318 739 414 759; x_wconf 86' lang='lat' dir='ltr'><strong>omnes</strong></span> <span class='ocrx_word' id='word_1_102' title='bbox 438 733 612 766; x_wconf 76' lang='lat' dir='ltr'><strong>aspernatur.</strong></span> <span class='ocrx_word' id='word_1_103' title='bbox 636 727 730 763; x_wconf 80' lang='lat' dir='ltr'><strong>Neque</strong></span> <span class='ocrx_word' id='word_1_104' title='bbox 751 728 824 755; x_wconf 88' lang='lat' dir='ltr'><strong>enim</strong></span> <span class='ocrx_word' id='word_1_105' title='bbox 849 726 897 754; x_wconf 83' lang='lat' dir='ltr'><strong>Dei</strong></span> <span class='ocrx_word' id='word_1_106' title='bbox 921 731 995 753; x_wconf 77' lang='lat' dir='ltr'><strong>metu</strong></span> 
     </span>
    </p>
   </div>
   <div class='ocr_carea' id='block_1_18' title="bbox 206 771 995 815">
    <p class='ocr_par' dir='ltr' id='par_1_18' title="bbox 206 771 995 815">
     <span class='ocr_line' id='line_1_18' title="bbox 206 771 995 815; baseline -0.013 -8"><span class='ocrx_word' id='word_1_107' title='bbox 206 781 328 815; x_wconf 76' lang='lat' dir='ltr'><strong>linguam</strong></span> <span class='ocrx_word' id='word_1_108' title='bbox 349 779 450 811; x_wconf 82' lang='lat' dir='ltr'><strong>frenat,</strong></span> <span class='ocrx_word' id='word_1_109' title='bbox 469 783 558 811; x_wconf 88' lang='lat' dir='ltr'><strong>neque</strong></span> <span class='ocrx_word' id='word_1_110' title='bbox 581 775 616 802; x_wconf 86' lang='lat' dir='ltr'><strong>ad</strong></span> <span class='ocrx_word' id='word_1_111' title='bbox 636 774 763 802; x_wconf 83' lang='lat' dir='ltr'><strong>futurum</strong></span> <span class='ocrx_word' id='word_1_112' title='bbox 790 771 911 800; x_wconf 85' lang='lat' dir='ltr'><strong>tribunal</strong></span> <span class='ocrx_word' id='word_1_113' title='bbox 927 779 995 798; x_wconf 85' lang='lat' dir='ltr'><strong>cutt-</strong></span> 
     </span>
    </p>
   </div>
   <div class='ocr_carea' id='block_1_19' title="bbox 202 817 996 862">
    <p class='ocr_par' dir='ltr' id='par_1_19' title="bbox 202 817 996 862">
     <span class='ocr_line' id='line_1_19' title="bbox 202 817 996 862; baseline -0.013 -8"><span class='ocrx_word' id='word_1_114' title='bbox 202 826 389 862; x_wconf 83' lang='lat' dir='ltr'><strong>jicitoculos,</strong></span> <span class='ocrx_word' id='word_1_115' title='bbox 416 823 548 851; x_wconf 79' lang='lat' dir='ltr'><strong>amicitia:</strong></span> <span class='ocrx_word' id='word_1_116' title='bbox 569 822 643 856; x_wconf 77' lang='lat' dir='ltr'><strong>leges</strong></span> <span class='ocrx_word' id='word_1_117' title='bbox 667 820 768 848; x_wconf 89' lang='lat' dir='ltr'><strong>nescit.</strong></span> <span class='ocrx_word' id='word_1_118' title='bbox 794 818 878 846; x_wconf 80' lang='lat' dir='ltr'><strong>Nihili</strong></span> <span class='ocrx_word' id='word_1_119' title='bbox 901 817 996 853; x_wconf 87' lang='lat' dir='ltr'><strong>pendit</strong></span> 
     </span>
    </p>
   </div>
   <div class='ocr_carea' id='block_1_20' title="bbox 206 858 1032 909">
    <p class='ocr_par' dir='ltr' id='par_1_20' title="bbox 206 858 1032 909">
     <span class='ocr_line' id='line_1_20' title="bbox 206 858 1032 909; baseline -0.013 -8"><span class='ocrx_word' id='word_1_120' title='bbox 206 873 332 909; x_wconf 89' lang='lat' dir='ltr'><strong>itnproba</strong></span> <span class='ocrx_word' id='word_1_121' title='bbox 348 871 446 899; x_wconf 76' lang='lat' dir='ltr'><strong>mulier</strong></span> <span class='ocrx_word' id='word_1_122' title='bbox 463 870 552 897; x_wconf 84' lang='lat' dir='ltr'><strong>virum</strong></span> <span class='ocrx_word' id='word_1_123' title='bbox 567 874 648 896; x_wconf 91' lang='lat' dir='ltr'><strong>suum</strong></span> <span class='ocrx_word' id='word_1_124' title='bbox 663 867 744 894; x_wconf 86' lang='lat' dir='ltr'><strong>morti</strong></span> <span class='ocrx_word' id='word_1_125' title='bbox 760 864 879 893; x_wconf 84' lang='lat' dir='ltr'><strong>tradere.</strong></span> <span class='ocrx_word' id='word_1_126' title='bbox 896 864 993 891; x_wconf 82' lang='lat' dir='ltr'><strong>Eniut-</strong></span> <span class='ocrx_word' id='word_1_127' title='bbox 1010 858 1032 888; x_wconf 85' lang='grc' dir='ltr'><strong>Β</strong></span> 
     </span>
    </p>
   </div>
   <div class='ocr_carea' id='block_1_21' title="bbox 206 907 994 953">
    <p class='ocr_par' dir='ltr' id='par_1_21' title="bbox 206 907 994 953">
     <span class='ocr_line' id='line_1_21' title="bbox 206 907 994 953; baseline -0.015 -7"><span class='ocrx_word' id='word_1_128' title='bbox 206 907 271 947; x_wconf 72' lang='lat' dir='ltr'><strong>vero</strong></span> <span class='ocrx_word' id='word_1_129' title='bbox 291 918 399 953; x_wconf 84' lang='lat' dir='ltr'><strong>justum</strong></span> <span class='ocrx_word' id='word_1_130' title='bbox 425 916 501 943; x_wconf 91' lang='lat' dir='ltr'><strong>illum</strong></span> <span class='ocrx_word' id='word_1_131' title='bbox 516 913 569 941; x_wconf 74' lang='lat' dir='ltr'><strong>Joh</strong></span> <span class='ocrx_word' id='word_1_132' title='bbox 592 919 662 940; x_wconf 68' lang='lat' dir='ltr'><strong>uxor</strong></span> <span class='ocrx_word' id='word_1_133' title='bbox 677 919 727 938; x_wconf 93' lang='lat' dir='ltr'><strong>sua</strong></span> <span class='ocrx_word' id='word_1_134' title='bbox 744 910 772 937; x_wconf 90' lang='lat' dir='ltr'><strong>in</strong></span> <span class='ocrx_word' id='word_1_135' title='bbox 789 916 885 937; x_wconf 90' lang='lat' dir='ltr'><strong>necem</strong></span> <span class='ocrx_word' id='word_1_136' title='bbox 903 907 994 943; x_wconf 89' lang='lat' dir='ltr'><strong>conji-</strong></span> 
     </span>
    </p>
   </div>
   <div class='ocr_carea' id='block_1_22' title="bbox 205 954 995 997">
    <p class='ocr_par' dir='ltr' id='par_1_22' title="bbox 205 954 995 997">
     <span class='ocr_line' id='line_1_22' title="bbox 205 954 995 997; baseline -0.016 -4"><span class='ocrx_word' id='word_1_137' title='bbox 205 965 306 997; x_wconf 83' lang='lat' dir='ltr'><strong>ciebat,</strong></span> <span class='ocrx_word' id='word_1_138' title='bbox 323 971 385 991; x_wconf 89' lang='lat' dir='ltr'><strong>cum</strong></span> <span class='ocrx_word' id='word_1_139' title='bbox 404 963 442 989; x_wconf 89' lang='lat' dir='ltr'><strong>ita</strong></span> <span class='ocrx_word' id='word_1_140' title='bbox 457 960 648 996; x_wconf 81' lang='lat' dir='ltr'><strong>loquebatur:</strong></span> <span class='ocrx_word' id='word_1_141' title='bbox 675 957 725 984; x_wconf 87' lang='lat' dir='ltr'><strong>Dic</strong></span> <span class='ocrx_word' id='word_1_142' title='bbox 740 955 846 983; x_wconf 77' lang='lat' dir='ltr'><strong>verbum</strong></span> <span class='ocrx_word' id='word_1_143' title='bbox 860 954 995 991; x_wconf 84' lang='lat' dir='ltr'><strong>quoddam</strong></span> 
     </span>
    </p>
   </div>
   <div class='ocr_carea' id='block_1_23' title="bbox 206 1001 994 1046">
    <p class='ocr_par' dir='ltr' id='par_1_23' title="bbox 206 1001 994 1046">
     <span class='ocr_line' id='line_1_23' title="bbox 206 1001 994 1046; baseline -0.014 -8"><span class='ocrx_word' id='word_1_144' title='bbox 206 1012 316 1046; x_wconf 79' lang='lat' dir='ltr'><strong>impium</strong></span> <span class='ocrx_word' id='word_1_145' title='bbox 329 1010 455 1037; x_wconf 63' lang='lat' dir='ltr'><strong>adversus</strong></span> <span class='ocrx_word' id='word_1_146' title='bbox 474 1007 627 1037; x_wconf 77' lang='lat' dir='ltr'><strong>Dominum,</strong></span> <span class='ocrx_word' id='word_1_147' title='bbox 642 1009 667 1031; x_wconf 78' lang='lat' dir='ltr'><strong>et</strong></span> <span class='ocrx_word' id='word_1_148' title='bbox 691 1001 875 1037; x_wconf 67' lang='lat' dir='ltr'><strong>ntorererb</strong></span> <span class='ocrx_word' id='word_1_149' title='bbox 890 1009 920 1033; x_wconf 90' lang='grc' dir='ltr'><strong>ιι,</strong></span> <span class='ocrx_word' id='word_1_150' title='bbox 948 1001 994 1037; x_wconf 84' lang='grc'><strong>9).</strong></span> 
     </span>
    </p>
   </div>
   <div class='ocr_carea' id='block_1_24' title="bbox 205 1048 996 1094">
    <p class='ocr_par' dir='ltr' id='par_1_24' title="bbox 205 1048 996 1094">
     <span class='ocr_line' id='line_1_24' title="bbox 205 1048 996 1094; baseline -0.016 -8"><span class='ocrx_word' id='word_1_151' title='bbox 205 1059 228 1086; x_wconf 86' lang='lat'>0</span> <span class='ocrx_word' id='word_1_152' title='bbox 240 1057 401 1094; x_wconf 75' lang='lat' dir='ltr'><strong>flagitiosum</strong></span> <span class='ocrx_word' id='word_1_153' title='bbox 417 1054 554 1082; x_wconf 79' lang='lat' dir='ltr'><strong>indolem!</strong></span> <span class='ocrx_word' id='word_1_154' title='bbox 569 1051 591 1080; x_wconf 93' lang='lat'><strong>0</strong></span> <span class='ocrx_word' id='word_1_155' title='bbox 607 1051 741 1079; x_wconf 81' lang='lat' dir='ltr'><strong>nefariam</strong></span> <span class='ocrx_word' id='word_1_156' title='bbox 760 1049 843 1076; x_wconf 87' lang='lat' dir='ltr'><strong>animi</strong></span> <span class='ocrx_word' id='word_1_157' title='bbox 856 1048 996 1076; x_wconf 87' lang='lat' dir='ltr'><strong>inductio-</strong></span> 
     </span>
    </p>
   </div>
   <div class='ocr_carea' id='block_1_25' title="bbox 207 1093 997 1132">
    <p class='ocr_par' dir='ltr' id='par_1_25' title="bbox 207 1093 997 1132">
     <span class='ocr_line' id='line_1_25' title="bbox 207 1093 997 1132; baseline -0.016 -1"><span class='ocrx_word' id='word_1_158' title='bbox 207 1113 269 1132; x_wconf 91' lang='lat' dir='ltr'><strong>nem</strong></span> <span class='ocrx_word' id='word_1_159' title='bbox 286 1105 293 1130; x_wconf 75' lang='grc' dir='ltr'><strong>ί</strong></span> <span class='ocrx_word' id='word_1_160' title='bbox 313 1102 392 1129; x_wconf 83' lang='lat' dir='ltr'><strong>Nulla</strong></span> <span class='ocrx_word' id='word_1_161' title='bbox 409 1098 602 1128; x_wconf 86' lang='lat' dir='ltr'><strong>misericordia</strong></span> <span class='ocrx_word' id='word_1_162' title='bbox 626 1099 761 1124; x_wconf 88' lang='lat' dir='ltr'><strong>commota</strong></span> <span class='ocrx_word' id='word_1_163' title='bbox 784 1093 846 1127; x_wconf 89' lang='lat' dir='ltr'><strong>fuit,</strong></span> <span class='ocrx_word' id='word_1_164' title='bbox 862 1100 925 1120; x_wconf 88' lang='lat' dir='ltr'><strong>cum</strong></span> <span class='ocrx_word' id='word_1_165' title='bbox 940 1100 997 1119; x_wconf 86' lang='lat' dir='ltr'><strong>ma-</strong></span> 
     </span>
    </p>
   </div>
   <div class='ocr_carea' id='block_1_26' title="bbox 206 1139 995 1179">
    <p class='ocr_par' dir='ltr' id='par_1_26' title="bbox 206 1139 995 1179">
     <span class='ocr_line' id='line_1_26' title="bbox 206 1139 995 1179; baseline -0.014 -2"><span class='ocrx_word' id='word_1_166' title='bbox 206 1150 252 1177; x_wconf 87' lang='lat' dir='ltr'><strong>riti</strong></span> <span class='ocrx_word' id='word_1_167' title='bbox 266 1149 309 1177; x_wconf 90' lang='lat' dir='ltr'><strong>sui</strong></span> <span class='ocrx_word' id='word_1_168' title='bbox 330 1149 436 1175; x_wconf 82' lang='lat' dir='ltr'><strong>viscera</strong></span> <span class='ocrx_word' id='word_1_169' title='bbox 453 1145 568 1174; x_wconf 91' lang='lat' dir='ltr'><strong>fervidis</strong></span> <span class='ocrx_word' id='word_1_170' title='bbox 594 1142 717 1179; x_wconf 84' lang='lat' dir='ltr'><strong>pustulis</strong></span> <span class='ocrx_word' id='word_1_171' title='bbox 738 1141 814 1169; x_wconf 87' lang='lat' dir='ltr'><strong>velut</strong></span> <span class='ocrx_word' id='word_1_172' title='bbox 833 1139 995 1167; x_wconf 85' lang='lat' dir='ltr'><strong>ardentibus</strong></span> 
     </span>
    </p>
   </div>
   <div class='ocr_carea' id='block_1_27' title="bbox 205 1191 995 1233">
    <p class='ocr_par' dir='ltr' id='par_1_27' title="bbox 205 1191 995 1233">
     <span class='ocr_line' id='line_1_27' title="bbox 205 1191 995 1233; baseline -0.018 -9"><span class='ocrx_word' id='word_1_173' title='bbox 205 1195 370 1231; x_wconf 83' lang='lat' dir='ltr'><strong>quihusdam</strong></span> <span class='ocrx_word' id='word_1_174' title='bbox 396 1191 566 1233; x_wconf 63' lang='lat' dir='ltr'><strong>carbonibus</strong></span> <span class='ocrx_word' id='word_1_175' title='bbox 589 1193 699 1221; x_wconf 80' lang='lat' dir='ltr'><strong>exusta,</strong></span> <span class='ocrx_word' id='word_1_176' title='bbox 724 1193 879 1220; x_wconf 85' lang='lat' dir='ltr'><strong>carnesque</strong></span> <span class='ocrx_word' id='word_1_177' title='bbox 898 1192 995 1211; x_wconf 87' lang='lat' dir='ltr'><strong>omnes</strong></span> 
     </span>
    </p>
   </div>
   <div class='ocr_carea' id='block_1_28' title="bbox 206 1230 994 1278">
    <p class='ocr_par' dir='ltr' id='par_1_28' title="bbox 206 1230 994 1278">
     <span class='ocr_line' id='line_1_28' title="bbox 206 1230 994 1278; baseline -0.018 -8"><span class='ocrx_word' id='word_1_178' title='bbox 206 1243 296 1278; x_wconf 86' lang='lat' dir='ltr'><strong>ipsius</strong></span> <span class='ocrx_word' id='word_1_179' title='bbox 310 1230 453 1274; x_wconf 77' lang='lat' dir='ltr'><strong>correptas</strong></span> <span class='ocrx_word' id='word_1_180' title='bbox 465 1236 607 1265; x_wconf 84' lang='lat' dir='ltr'><strong>vermibus</strong></span> <span class='ocrx_word' id='word_1_181' title='bbox 623 1234 702 1262; x_wconf 82' lang='lat' dir='ltr'><strong>vidit.</strong></span> <span class='ocrx_word' id='word_1_182' title='bbox 719 1233 759 1260; x_wconf 81' lang='lat' dir='ltr'><strong>Ad</strong></span> <span class='ocrx_word' id='word_1_183' title='bbox 774 1230 994 1260; x_wconf 82' lang='lat' dir='ltr'><strong>misericordiam</strong></span> 
     </span>
    </p>
   </div>
   <div class='ocr_carea' id='block_1_29' title="bbox 206 1277 996 1316">
    <p class='ocr_par' dir='ltr' id='par_1_29' title="bbox 206 1277 996 1316">
     <span class='ocr_line' id='line_1_29' title="bbox 206 1277 996 1316; baseline -0.018 0"><span class='ocrx_word' id='word_1_184' title='bbox 206 1288 306 1316; x_wconf 84' lang='lat' dir='ltr'><strong>inﬂexa</strong></span> <span class='ocrx_word' id='word_1_185' title='bbox 333 1293 387 1313; x_wconf 90' lang='lat' dir='ltr'><strong>non</strong></span> <span class='ocrx_word' id='word_1_186' title='bbox 412 1288 465 1316; x_wconf 86' lang='lat' dir='ltr'><strong>est,</strong></span> <span class='ocrx_word' id='word_1_187' title='bbox 493 1290 554 1310; x_wconf 80' lang='lat' dir='ltr'><strong>eum</strong></span> <span class='ocrx_word' id='word_1_188' title='bbox 571 1288 634 1309; x_wconf 91' lang='lat' dir='ltr'><strong>eum</strong></span> <span class='ocrx_word' id='word_1_189' title='bbox 660 1285 747 1307; x_wconf 84' lang='lat' dir='ltr'><strong>totum</strong></span> <span class='ocrx_word' id='word_1_190' title='bbox 772 1279 800 1305; x_wconf 92' lang='lat' dir='ltr'><strong>in</strong></span> <span class='ocrx_word' id='word_1_191' title='bbox 817 1285 847 1305; x_wconf 92' lang='lat' dir='ltr'><strong>se</strong></span> <span class='ocrx_word' id='word_1_192' title='bbox 863 1277 996 1305; x_wconf 85' lang='lat' dir='ltr'><strong>convolu-</strong></span> 
     </span>
    </p>
   </div>
   <div class='ocr_carea' id='block_1_30' title="bbox 207 1324 996 1366">
    <p class='ocr_par' dir='ltr' id='par_1_30' title="bbox 207 1324 996 1366">
     <span class='ocr_line' id='line_1_30' title="bbox 207 1324 996 1366; baseline -0.016 -5"><span class='ocrx_word' id='word_1_193' title='bbox 207 1340 276 1366; x_wconf 90' lang='lat' dir='ltr'><strong>tum,</strong></span> <span class='ocrx_word' id='word_1_194' title='bbox 306 1332 547 1363; x_wconf 86' lang='lat' dir='ltr'><strong>fatiscentemquc,</strong></span> <span class='ocrx_word' id='word_1_195' title='bbox 571 1331 598 1354; x_wconf 89' lang='lat' dir='ltr'><strong>et</strong></span> <span class='ocrx_word' id='word_1_196' title='bbox 625 1333 728 1360; x_wconf 70' lang='lat' dir='ltr'><strong>angore</strong></span> <span class='ocrx_word' id='word_1_197' title='bbox 756 1324 925 1354; x_wconf 88' lang='lat' dir='ltr'><strong>confectum,</strong></span> <span class='ocrx_word' id='word_1_198' title='bbox 964 1329 996 1349; x_wconf 92' lang='lat' dir='ltr'><strong>ac</strong></span> 
     </span>
    </p>
   </div>
   <div class='ocr_carea' id='block_1_31' title="bbox 206 1370 996 1409">
    <p class='ocr_par' dir='ltr' id='par_1_31' title="bbox 206 1370 996 1409">
     <span class='ocr_line' id='line_1_31' title="bbox 206 1370 996 1409; baseline -0.016 -1"><span class='ocrx_word' id='word_1_199' title='bbox 206 1380 355 1409; x_wconf 76' lang='lat' dir='ltr'><strong>continuos</strong></span> <span class='ocrx_word' id='word_1_200' title='bbox 380 1376 482 1404; x_wconf 88' lang='lat' dir='ltr'><strong>halitus</strong></span> <span class='ocrx_word' id='word_1_201' title='bbox 506 1382 539 1402; x_wconf 74' lang='lat' dir='ltr'><strong>ex</strong></span> <span class='ocrx_word' id='word_1_202' title='bbox 556 1374 612 1401; x_wconf 89' lang='lat' dir='ltr'><strong>imo</strong></span> <span class='ocrx_word' id='word_1_203' title='bbox 636 1377 749 1407; x_wconf 88' lang='lat' dir='ltr'><strong>pectore</strong></span> <span class='ocrx_word' id='word_1_204' title='bbox 769 1370 856 1398; x_wconf 89' lang='lat' dir='ltr'><strong>hianti</strong></span> <span class='ocrx_word' id='word_1_205' title='bbox 874 1377 921 1397; x_wconf 91' lang='lat' dir='ltr'><strong>ore</strong></span> <span class='ocrx_word' id='word_1_206' title='bbox 938 1373 996 1395; x_wconf 81' lang='lat' dir='ltr'><strong>tra-</strong></span> 
     </span>
    </p>
   </div>
   <div class='ocr_carea' id='block_1_32' title="bbox 208 1414 996 1457">
    <p class='ocr_par' dir='ltr' id='par_1_32' title="bbox 208 1414 996 1457">
     <span class='ocr_line' id='line_1_32' title="bbox 208 1414 996 1457; baseline -0.016 -4"><span class='ocrx_word' id='word_1_207' title='bbox 208 1427 317 1453; x_wconf 87' lang='lat' dir='ltr'><strong>hentem</strong></span> <span class='ocrx_word' id='word_1_208' title='bbox 337 1421 494 1457; x_wconf 84' lang='lat' dir='ltr'><strong>conspexit.</strong></span> <span class='ocrx_word' id='word_1_209' title='bbox 518 1419 576 1446; x_wconf 85' lang='lat' dir='ltr'><strong>Non</strong></span> <span class='ocrx_word' id='word_1_210' title='bbox 588 1417 717 1457; x_wconf 81' lang='lat' dir='ltr'><strong>emollita</strong></span> <span class='ocrx_word' id='word_1_211' title='bbox 736 1420 779 1444; x_wconf 92' lang='lat' dir='ltr'><strong>est</strong></span> <span class='ocrx_word' id='word_1_212' title='bbox 794 1416 827 1442; x_wconf 90' lang='lat' dir='ltr'><strong>ad</strong></span> <span class='ocrx_word' id='word_1_213' title='bbox 849 1414 996 1443; x_wconf 83' lang='lat' dir='ltr'><strong>commise-</strong></span> 
     </span>
    </p>
   </div>
   <div class='ocr_carea' id='block_1_33' title="bbox 209 1461 996 1504">
    <p class='ocr_par' dir='ltr' id='par_1_33' title="bbox 209 1461 996 1504">
     <span class='ocr_line' id='line_1_33' title="bbox 209 1461 996 1504; baseline -0.017 -4"><span class='ocrx_word' id='word_1_214' title='bbox 209 1473 355 1504; x_wconf 89' lang='lat' dir='ltr'><strong>rationem,</strong></span> <span class='ocrx_word' id='word_1_215' title='bbox 377 1476 443 1496; x_wconf 90' lang='lat' dir='ltr'><strong>cum</strong></span> <span class='ocrx_word' id='word_1_216' title='bbox 463 1474 527 1495; x_wconf 87' lang='lat' dir='ltr'><strong>eum</strong></span> <span class='ocrx_word' id='word_1_217' title='bbox 550 1465 597 1501; x_wconf 91' lang='lat' dir='ltr'><strong>qui</strong></span> <span class='ocrx_word' id='word_1_218' title='bbox 621 1471 743 1501; x_wconf 85' lang='lat' dir='ltr'><strong>purpura</strong></span> <span class='ocrx_word' id='word_1_219' title='bbox 765 1461 904 1497; x_wconf 88' lang='lat' dir='ltr'><strong>qttondatn</strong></span> <span class='ocrx_word' id='word_1_220' title='bbox 923 1461 996 1496; x_wconf 78' lang='lat' dir='ltr'><strong>regia</strong></span> 
     </span>
    </p>
   </div>
   <div class='ocr_carea' id='block_1_34' title="bbox 207 1508 1032 1559">
    <p class='ocr_par' dir='ltr' id='par_1_34' title="bbox 207 1508 1032 1559">
     <span class='ocr_line' id='line_1_34' title="bbox 207 1508 1032 1559; baseline -0.017 -12"><span class='ocrx_word' id='word_1_221' title='bbox 207 1518 387 1548; x_wconf 83' lang='lat' dir='ltr'><strong>induebatur,</strong></span> <span class='ocrx_word' id='word_1_222' title='bbox 404 1521 472 1542; x_wconf 88' lang='lat' dir='ltr'><strong>tunc</strong></span> <span class='ocrx_word' id='word_1_223' title='bbox 498 1517 556 1541; x_wconf 89' lang='lat' dir='ltr'><strong>toto</strong></span> <span class='ocrx_word' id='word_1_224' title='bbox 574 1518 692 1547; x_wconf 92' lang='lat' dir='ltr'><strong>corpore</strong></span> <span class='ocrx_word' id='word_1_225' title='bbox 707 1510 811 1538; x_wconf 90' lang='lat' dir='ltr'><strong>nudum</strong></span> <span class='ocrx_word' id='word_1_226' title='bbox 827 1509 855 1536; x_wconf 88' lang='lat' dir='ltr'><strong>in</strong></span> <span class='ocrx_word' id='word_1_227' title='bbox 877 1508 997 1544; x_wconf 87' lang='lat' dir='ltr'><strong>sterqui-</strong></span> <span class='ocrx_word' id='word_1_228' title='bbox 1010 1529 1032 1559; x_wconf 62' lang='grc' dir='ltr'>α</span> 
     </span>
    </p>
   </div>
   <div class='ocr_carea' id='block_1_35' title="bbox 207 1554 996 1593">
    <p class='ocr_par' dir='ltr' id='par_1_35' title="bbox 207 1554 996 1593">
     <span class='ocr_line' id='line_1_35' title="bbox 207 1554 996 1593; baseline -0.016 0"><span class='ocrx_word' id='word_1_229' title='bbox 207 1565 276 1593; x_wconf 72' lang='grc' dir='ltr'><strong>Ηιιὶο</strong></span> <span class='ocrx_word' id='word_1_230' title='bbox 300 1563 415 1590; x_wconf 86' lang='lat' dir='ltr'><strong>videret.</strong></span> <span class='ocrx_word' id='word_1_231' title='bbox 443 1560 555 1588; x_wconf 89' lang='lat' dir='ltr'><strong>Minime</strong></span> <span class='ocrx_word' id='word_1_232' title='bbox 583 1556 729 1586; x_wconf 88' lang='lat' dir='ltr'><strong>recordata</strong></span> <span class='ocrx_word' id='word_1_233' title='bbox 756 1560 800 1583; x_wconf 90' lang='lat' dir='ltr'><strong>est</strong></span> <span class='ocrx_word' id='word_1_234' title='bbox 821 1554 923 1582; x_wconf 87' lang='lat' dir='ltr'><strong>veteris</strong></span> <span class='ocrx_word' id='word_1_235' title='bbox 939 1561 996 1581; x_wconf 76' lang='lat' dir='ltr'><strong>sua:</strong></span> 
     </span>
    </p>
   </div>
   <div class='ocr_carea' id='block_1_36' title="bbox 207 1604 996 1640">
    <p class='ocr_par' dir='ltr' id='par_1_36' title="bbox 207 1604 996 1640">
     <span class='ocr_line' id='line_1_36' title="bbox 207 1604 996 1640; baseline -0.019 0"><span class='ocrx_word' id='word_1_236' title='bbox 207 1620 270 1640; x_wconf 82' lang='lat' dir='ltr'><strong>eum</strong></span> <span class='ocrx_word' id='word_1_237' title='bbox 293 1618 326 1638; x_wconf 87' lang='lat' dir='ltr'><strong>eo</strong></span> <span class='ocrx_word' id='word_1_238' title='bbox 350 1606 578 1637; x_wconf 88' lang='lat' dir='ltr'><strong>consuetudinis,</strong></span> <span class='ocrx_word' id='word_1_239' title='bbox 611 1608 771 1639; x_wconf 87' lang='lat' dir='ltr'><strong>quantaqtte</strong></span> <span class='ocrx_word' id='word_1_240' title='bbox 795 1604 908 1636; x_wconf 87' lang='lat' dir='ltr'><strong>propter</strong></span> <span class='ocrx_word' id='word_1_241' title='bbox 933 1607 996 1627; x_wconf 89' lang='lat' dir='ltr'><strong>eum</strong></span> 
     </span>
    </p>
   </div>
   <div class='ocr_carea' id='block_1_37' title="bbox 207 1645 996 1693">
    <p class='ocr_par' dir='ltr' id='par_1_37' title="bbox 207 1645 996 1693">
     <span class='ocr_line' id='line_1_37' title="bbox 207 1645 996 1693; baseline -0.018 -8"><span class='ocrx_word' id='word_1_242' title='bbox 207 1657 305 1693; x_wconf 67' lang='lat' dir='ltr'><strong>gloria,</strong></span> <span class='ocrx_word' id='word_1_243' title='bbox 332 1654 501 1691; x_wconf 84' lang='lat' dir='ltr'><strong>quantisque</strong></span> <span class='ocrx_word' id='word_1_244' title='bbox 525 1651 625 1686; x_wconf 88' lang='lat' dir='ltr'><strong>opibus</strong></span> <span class='ocrx_word' id='word_1_245' title='bbox 655 1649 805 1676; x_wconf 83' lang='lat' dir='ltr'><strong>floruisset.</strong></span> <span class='ocrx_word' id='word_1_246' title='bbox 821 1646 892 1680; x_wconf 87' lang='lat' dir='ltr'><strong>Quid</strong></span> <span class='ocrx_word' id='word_1_247' title='bbox 908 1645 996 1673; x_wconf 79' lang='lat' dir='ltr'><strong>vero?</strong></span> 
     </span>
    </p>
   </div>
   <div class='ocr_carea' id='block_1_38' title="bbox 209 1693 995 1734">
    <p class='ocr_par' dir='ltr' id='par_1_38' title="bbox 209 1693 995 1734">
     <span class='ocr_line' id='line_1_38' title="bbox 209 1693 995 1734; baseline -0.019 -3"><span class='ocrx_word' id='word_1_248' title='bbox 209 1704 257 1731; x_wconf 72' lang='lat' dir='ltr'><strong>Dic</strong></span> <span class='ocrx_word' id='word_1_249' title='bbox 280 1701 389 1729; x_wconf 77' lang='lat' dir='ltr'><strong>rerbum</strong></span> <span class='ocrx_word' id='word_1_250' title='bbox 412 1698 547 1734; x_wconf 79' lang='lat' dir='ltr'><strong>quoddam</strong></span> <span class='ocrx_word' id='word_1_251' title='bbox 569 1696 697 1723; x_wconf 75' lang='lat' dir='ltr'><strong>adversus</strong></span> <span class='ocrx_word' id='word_1_252' title='bbox 722 1693 874 1723; x_wconf 78' lang='lat' dir='ltr'><strong>Dominum,</strong></span> <span class='ocrx_word' id='word_1_253' title='bbox 898 1695 923 1718; x_wconf 84' lang='lat' dir='ltr'><strong>et</strong></span> <span class='ocrx_word' id='word_1_254' title='bbox 938 1699 995 1717; x_wconf 87' lang='lat' dir='ltr'><strong>mo-</strong></span> 
     </span>
    </p>
   </div>
   <div class='ocr_carea' id='block_1_39' title="bbox 208 1736 998 1781">
    <p class='ocr_par' dir='ltr' id='par_1_39' title="bbox 208 1736 998 1781">
     <span class='ocr_line' id='line_1_39' title="bbox 208 1736 998 1781; baseline -0.019 -4"><span class='ocrx_word' id='word_1_255' title='bbox 208 1757 276 1777; x_wconf 78' lang='lat' dir='ltr'><strong>rere.</strong></span> <span class='ocrx_word' id='word_1_256' title='bbox 309 1745 439 1781; x_wconf 81' lang='lat' dir='ltr'><strong>Nunquid</strong></span> <span class='ocrx_word' id='word_1_257' title='bbox 465 1744 514 1771; x_wconf 92' lang='lat' dir='ltr'><strong>tibi</strong></span> <span class='ocrx_word' id='word_1_258' title='bbox 544 1749 608 1769; x_wconf 87' lang='lat' dir='ltr'><strong>cum</strong></span> <span class='ocrx_word' id='word_1_259' title='bbox 640 1740 738 1767; x_wconf 90' lang='lat' dir='ltr'><strong>morbo</strong></span> <span class='ocrx_word' id='word_1_260' title='bbox 764 1737 917 1769; x_wconf 87' lang='lat' dir='ltr'><strong>laborares,</strong></span> <span class='ocrx_word' id='word_1_261' title='bbox 943 1736 998 1763; x_wconf 87' lang='lat' dir='ltr'><strong>tale</strong></span> 
     </span>
    </p>
   </div>
   <div class='ocr_carea' id='block_1_40' title="bbox 208 1782 998 1831">
    <p class='ocr_par' dir='ltr' id='par_1_40' title="bbox 208 1782 998 1831">
     <span class='ocr_line' id='line_1_40' title="bbox 208 1782 998 1831; baseline -0.019 -8"><span class='ocrx_word' id='word_1_262' title='bbox 208 1793 350 1831; x_wconf 77' lang='lat' dir='ltr'><strong>quidpiam</strong></span> <span class='ocrx_word' id='word_1_263' title='bbox 372 1797 493 1826; x_wconf 86' lang='lat' dir='ltr'><strong>unquam</strong></span> <span class='ocrx_word' id='word_1_264' title='bbox 518 1788 680 1824; x_wconf 88' lang='lat' dir='ltr'><strong>prolocutus</strong></span> <span class='ocrx_word' id='word_1_265' title='bbox 702 1785 763 1813; x_wconf 80' lang='lat' dir='ltr'><strong>est?</strong></span> <span class='ocrx_word' id='word_1_266' title='bbox 792 1783 889 1811; x_wconf 82' lang='lat' dir='ltr'><strong>Nonne</strong></span> <span class='ocrx_word' id='word_1_267' title='bbox 906 1782 998 1817; x_wconf 89' lang='lat' dir='ltr'><strong>potius</strong></span> 
     </span>
    </p>
   </div>
   <div class='ocr_carea' id='block_1_41' title="bbox 210 1830 995 1877">
    <p class='ocr_par' dir='ltr' id='par_1_41' title="bbox 210 1830 995 1877">
     <span class='ocr_line' id='line_1_41' title="bbox 210 1830 995 1877; baseline -0.022 -7"><span class='ocrx_word' id='word_1_268' title='bbox 210 1830 261 1870; x_wconf 87' lang='lat' dir='ltr'><strong>hoc</strong></span> <span class='ocrx_word' id='word_1_269' title='bbox 275 1841 341 1877; x_wconf 76' lang='lat' dir='ltr'><strong>egit,</strong></span> <span class='ocrx_word' id='word_1_270' title='bbox 358 1839 399 1867; x_wconf 93' lang='lat' dir='ltr'><strong>uti</strong></span> <span class='ocrx_word' id='word_1_271' title='bbox 423 1836 556 1874; x_wconf 88' lang='lat' dir='ltr'><strong>precibus</strong></span> <span class='ocrx_word' id='word_1_272' title='bbox 576 1834 686 1870; x_wconf 90' lang='lat' dir='ltr'><strong>piisque</strong></span> <span class='ocrx_word' id='word_1_273' title='bbox 711 1830 906 1867; x_wconf 79' lang='lat' dir='ltr'><strong>largitionibns</strong></span> <span class='ocrx_word' id='word_1_274' title='bbox 923 1835 995 1855; x_wconf 91' lang='lat' dir='ltr'><strong>mor-</strong></span> 
     </span>
    </p>
   </div>
   <div class='ocr_carea' id='block_1_42' title="bbox 208 1874 997 1917">
    <p class='ocr_par' dir='ltr' id='par_1_42' title="bbox 208 1874 997 1917">
     <span class='ocr_line' id='line_1_42' title="bbox 208 1874 997 1917; baseline -0.023 0"><span class='ocrx_word' id='word_1_275' title='bbox 208 1891 274 1917; x_wconf 86' lang='lat' dir='ltr'><strong>bum</strong></span> <span class='ocrx_word' id='word_1_276' title='bbox 294 1874 434 1915; x_wconf 73' lang='lat' dir='ltr'><strong>dilueret?</strong></span> <span class='ocrx_word' id='word_1_277' title='bbox 453 1882 590 1911; x_wconf 84' lang='lat' dir='ltr'><strong>Nimirum</strong></span> <span class='ocrx_word' id='word_1_278' title='bbox 612 1881 664 1916; x_wconf 88' lang='lat' dir='ltr'><strong>ipsi</strong></span> <span class='ocrx_word' id='word_1_279' title='bbox 686 1886 740 1906; x_wconf 87' lang='lat' dir='ltr'><strong>non</strong></span> <span class='ocrx_word' id='word_1_280' title='bbox 768 1875 921 1905; x_wconf 83' lang='lat' dir='ltr'><strong>sulliciebat</strong></span> <span class='ocrx_word' id='word_1_281' title='bbox 944 1874 997 1901; x_wconf 89' lang='lat' dir='ltr'><strong>im-</strong></span> 
     </span>
    </p>
   </div>
   <div class='ocr_carea' id='block_1_43' title="bbox 209 1921 998 1966">
    <p class='ocr_par' dir='ltr' id='par_1_43' title="bbox 209 1921 998 1966">
     <span class='ocr_line' id='line_1_43' title="bbox 209 1921 998 1966; baseline -0.023 -3"><span class='ocrx_word' id='word_1_282' title='bbox 209 1936 294 1963; x_wconf 71' lang='lat' dir='ltr'><strong>missa</strong></span> <span class='ocrx_word' id='word_1_283' title='bbox 309 1933 343 1961; x_wconf 89' lang='lat' dir='ltr'><strong>ad</strong></span> <span class='ocrx_word' id='word_1_284' title='bbox 360 1930 472 1966; x_wconf 84' lang='lat' dir='ltr'><strong>aliquod</strong></span> <span class='ocrx_word' id='word_1_285' title='bbox 494 1933 603 1964; x_wconf 90' lang='lat' dir='ltr'><strong>tempus</strong></span> <span class='ocrx_word' id='word_1_286' title='bbox 626 1929 786 1962; x_wconf 83' lang='lat' dir='ltr'><strong>paupertas,</strong></span> <span class='ocrx_word' id='word_1_287' title='bbox 810 1921 863 1950; x_wconf 86' lang='lat' dir='ltr'><strong>nisi</strong></span> <span class='ocrx_word' id='word_1_288' title='bbox 883 1925 911 1948; x_wconf 94' lang='lat' dir='ltr'><strong>tu</strong></span> <span class='ocrx_word' id='word_1_289' title='bbox 928 1928 998 1955; x_wconf 78' lang='lat' dir='ltr'><strong>quo-</strong></span> 
     </span>
    </p>
   </div>
   <div class='ocr_carea' id='block_1_44' title="bbox 209 1967 997 2018">
    <p class='ocr_par' dir='ltr' id='par_1_44' title="bbox 209 1967 997 2018">
     <span class='ocr_line' id='line_1_44' title="bbox 209 1967 997 2018; baseline -0.022 -8"><span class='ocrx_word' id='word_1_290' title='bbox 209 1990 263 2018; x_wconf 86' lang='lat' dir='ltr'><strong>que</strong></span> <span class='ocrx_word' id='word_1_291' title='bbox 285 1979 485 2016; x_wconf 87' lang='lat' dir='ltr'><strong>sempiternum</strong></span> <span class='ocrx_word' id='word_1_292' title='bbox 505 1976 532 2004; x_wconf 89' lang='lat' dir='ltr'><strong>ei</strong></span> <span class='ocrx_word' id='word_1_293' title='bbox 559 1974 714 2003; x_wconf 83' lang='lat' dir='ltr'><strong>cruciatum</strong></span> <span class='ocrx_word' id='word_1_294' title='bbox 734 1979 782 2007; x_wconf 87' lang='lat' dir='ltr'><strong>per</strong></span> <span class='ocrx_word' id='word_1_295' title='bbox 799 1967 997 2004; x_wconf 85' lang='lat' dir='ltr'><strong>blasphemiam</strong></span> 
     </span>
    </p>
   </div>
   <div class='ocr_carea' id='block_1_45' title="bbox 210 2016 997 2057">
    <p class='ocr_par' dir='ltr' id='par_1_45' title="bbox 210 2016 997 2057">
     <span class='ocr_line' id='line_1_45' title="bbox 210 2016 997 2057; baseline -0.022 0"><span class='ocrx_word' id='word_1_296' title='bbox 210 2034 378 2057; x_wconf 65' lang='lat' dir='ltr'><strong>arcesseres.</strong></span> <span class='ocrx_word' id='word_1_297' title='bbox 405 2025 447 2052; x_wconf 82' lang='lat' dir='ltr'><strong>An</strong></span> <span class='ocrx_word' id='word_1_298' title='bbox 469 2023 561 2051; x_wconf 86' lang='lat' dir='ltr'><strong>nescis</strong></span> <span class='ocrx_word' id='word_1_299' title='bbox 584 2028 666 2049; x_wconf 90' lang='lat' dir='ltr'><strong>omne</strong></span> <span class='ocrx_word' id='word_1_300' title='bbox 689 2022 833 2055; x_wconf 84' lang='lat' dir='ltr'><strong>peccatum</strong></span> <span class='ocrx_word' id='word_1_301' title='bbox 849 2016 997 2044; x_wconf 90' lang='lat' dir='ltr'><strong>remissum</strong></span> 
     </span>
    </p>
   </div>
   <div class='ocr_carea' id='block_1_46' title="bbox 211 2061 997 2104">
    <p class='ocr_par' dir='ltr' id='par_1_46' title="bbox 211 2061 997 2104">
     <span class='ocr_line' id='line_1_46' title="bbox 211 2061 997 2104; baseline -0.019 -3"><span class='ocrx_word' id='word_1_302' title='bbox 211 2076 245 2103; x_wconf 90' lang='lat' dir='ltr'><strong>iri</strong></span> <span class='ocrx_word' id='word_1_303' title='bbox 273 2072 450 2104; x_wconf 85' lang='lat' dir='ltr'><strong>hominibus;</strong></span> <span class='ocrx_word' id='word_1_304' title='bbox 480 2067 678 2104; x_wconf 87' lang='lat' dir='ltr'><strong>blasphemiam</strong></span> <span class='ocrx_word' id='word_1_305' title='bbox 706 2068 798 2092; x_wconf 88' lang='lat' dir='ltr'><strong>autem</strong></span> <span class='ocrx_word' id='word_1_306' title='bbox 822 2063 850 2090; x_wconf 92' lang='lat' dir='ltr'><strong>in</strong></span> <span class='ocrx_word' id='word_1_307' title='bbox 864 2061 997 2096; x_wconf 89' lang='lat' dir='ltr'><strong>Spiritum</strong></span> 
     </span>
    </p>
   </div>
   <div class='ocr_carea' id='block_1_47' title="bbox 204 2108 1000 2150">
    <p class='ocr_par' dir='ltr' id='par_1_47' title="bbox 204 2108 1000 2150">
     <span class='ocr_line' id='line_1_47' title="bbox 204 2108 1000 2150; baseline -0.023 0"><span class='ocrx_word' id='word_1_308' title='bbox 204 2124 339 2150; x_wconf 79' lang='lat' dir='ltr'><strong>sanctum</strong></span> <span class='ocrx_word' id='word_1_309' title='bbox 362 2116 558 2146; x_wconf 85' lang='lat' dir='ltr'><strong>remittendam</strong></span> <span class='ocrx_word' id='word_1_310' title='bbox 584 2121 638 2142; x_wconf 93' lang='lat' dir='ltr'><strong>non</strong></span> <span class='ocrx_word' id='word_1_311' title='bbox 665 2119 738 2144; x_wconf 81' lang='lat' dir='ltr'><strong>esse,</strong></span> <span class='ocrx_word' id='word_1_312' title='bbox 762 2117 812 2137; x_wconf 90' lang='lat' dir='ltr'><strong>nec</strong></span> <span class='ocrx_word' id='word_1_313' title='bbox 831 2109 858 2136; x_wconf 92' lang='lat' dir='ltr'><strong>in</strong></span> <span class='ocrx_word' id='word_1_314' title='bbox 881 2108 933 2135; x_wconf 91' lang='lat' dir='ltr'><strong>hoc</strong></span> <span class='ocrx_word' id='word_1_315' title='bbox 951 2114 1000 2133; x_wconf 68' lang='lat'><strong>:1!)-</strong></span> 
     </span>
    </p>
   </div>
   <div class='ocr_carea' id='block_1_48' title="bbox 211 2152 998 2200">
    <p class='ocr_par' dir='ltr' id='par_1_48' title="bbox 211 2152 998 2200">
     <span class='ocr_line' id='line_1_48' title="bbox 211 2152 998 2200; baseline -0.023 -5"><span class='ocrx_word' id='word_1_316' title='bbox 211 2167 287 2200; x_wconf 83' lang='lat' dir='ltr'><strong>culo,</strong></span> <span class='ocrx_word' id='word_1_317' title='bbox 303 2172 354 2193; x_wconf 89' lang='lat' dir='ltr'><strong>nec</strong></span> <span class='ocrx_word' id='word_1_318' title='bbox 383 2164 411 2191; x_wconf 86' lang='lat' dir='ltr'><strong>in</strong></span> <span class='ocrx_word' id='word_1_319' title='bbox 429 2161 542 2190; x_wconf 83' lang='lat' dir='ltr'><strong>futuro?</strong></span> <span class='ocrx_word' id='word_1_320' title='bbox 558 2160 605 2188; x_wconf 80' lang='lat' dir='ltr'><strong>Vis</strong></span> <span class='ocrx_word' id='word_1_321' title='bbox 633 2158 714 2185; x_wconf 88' lang='lat' dir='ltr'><strong>aliam</strong></span> <span class='ocrx_word' id='word_1_322' title='bbox 739 2161 850 2190; x_wconf 90' lang='lat' dir='ltr'><strong>quoque</strong></span> <span class='ocrx_word' id='word_1_323' title='bbox 870 2152 936 2180; x_wconf 89' lang='lat' dir='ltr'><strong>huic</strong></span> <span class='ocrx_word' id='word_1_324' title='bbox 952 2159 998 2187; x_wconf 82' lang='lat' dir='ltr'><strong>pa-</strong></span> 
     </span>
    </p>
   </div>
   <div class='ocr_carea' id='block_1_49' title="bbox 211 2197 998 2246">
    <p class='ocr_par' dir='ltr' id='par_1_49' title="bbox 211 2197 998 2246">
     <span class='ocr_line' id='line_1_49' title="bbox 211 2197 998 2246; baseline -0.022 -6"><span class='ocrx_word' id='word_1_325' title='bbox 211 2220 269 2240; x_wconf 85' lang='lat' dir='ltr'><strong>rem</strong></span> <span class='ocrx_word' id='word_1_326' title='bbox 279 2197 494 2246; x_wconf 76' lang='lat' dir='ltr'><strong>improbitatem</strong></span> <span class='ocrx_word' id='word_1_327' title='bbox 510 2205 623 2234; x_wconf 83' lang='lat' dir='ltr'><strong>videre?</strong></span> <span class='ocrx_word' id='word_1_328' title='bbox 638 2203 712 2235; x_wconf 87' lang='lat' dir='ltr'><strong>vide,</strong></span> <span class='ocrx_word' id='word_1_329' title='bbox 732 2207 837 2236; x_wconf 58' lang='lat' dir='ltr'><strong>quaeso,</strong></span> <span class='ocrx_word' id='word_1_330' title='bbox 861 2197 998 2225; x_wconf 81' lang='lat' dir='ltr'><strong>Dalidam.</strong></span> 
     </span>
    </p>
   </div>
   <div class='ocr_carea' id='block_1_50' title="bbox 211 2243 999 2292">
    <p class='ocr_par' dir='ltr' id='par_1_50' title="bbox 211 2243 999 2292">
     <span class='ocr_line' id='line_1_50' title="bbox 211 2243 999 2292; baseline -0.022 -6"><span class='ocrx_word' id='word_1_331' title='bbox 211 2259 259 2286; x_wconf 84' lang='lat' dir='ltr'><strong>illa</strong></span> <span class='ocrx_word' id='word_1_332' title='bbox 275 2243 413 2292; x_wconf 76' lang='lat' dir='ltr'><strong>siquidem</strong></span> <span class='ocrx_word' id='word_1_333' title='bbox 440 2253 585 2281; x_wconf 89' lang='lat' dir='ltr'><strong>detonsum</strong></span> <span class='ocrx_word' id='word_1_334' title='bbox 611 2250 772 2278; x_wconf 89' lang='lat' dir='ltr'><strong>Samsouem</strong></span> <span class='ocrx_word' id='word_1_335' title='bbox 794 2244 933 2280; x_wconf 86' lang='lat' dir='ltr'><strong>allophilis</strong></span> <span class='ocrx_word' id='word_1_336' title='bbox 945 2243 999 2270; x_wconf 87' lang='lat' dir='ltr'><strong>de—</strong></span> 
     </span>
    </p>
   </div>
   <div class='ocr_carea' id='block_1_51' title="bbox 210 2292 999 2337">
    <p class='ocr_par' dir='ltr' id='par_1_51' title="bbox 210 2292 999 2337">
     <span class='ocr_line' id='line_1_51' title="bbox 210 2292 999 2337; baseline -0.022 -5"><span class='ocrx_word' id='word_1_337' title='bbox 210 2304 299 2337; x_wconf 80' lang='lat' dir='ltr'><strong>didit;</strong></span> <span class='ocrx_word' id='word_1_338' title='bbox 326 2302 435 2332; x_wconf 89' lang='lat' dir='ltr'><strong>virum,</strong></span> <span class='ocrx_word' id='word_1_339' title='bbox 461 2299 588 2333; x_wconf 87' lang='lat' dir='ltr'><strong>inquam,</strong></span> <span class='ocrx_word' id='word_1_340' title='bbox 613 2302 705 2327; x_wconf 83' lang='lat' dir='ltr'><strong>suum,</strong></span> <span class='ocrx_word' id='word_1_341' title='bbox 729 2292 875 2328; x_wconf 80' lang='lat' dir='ltr'><strong>conjugem</strong></span> <span class='ocrx_word' id='word_1_342' title='bbox 900 2297 999 2322; x_wconf 88' lang='lat' dir='ltr'><strong>suunt,</strong></span> 
     </span>
    </p>
   </div>
   <div class='ocr_carea' id='block_1_52' title="bbox 210 2336 1000 2388">
    <p class='ocr_par' dir='ltr' id='par_1_52' title="bbox 210 2336 1000 2388">
     <span class='ocr_line' id='line_1_52' title="bbox 210 2336 1000 2388; baseline -0.023 -8"><span class='ocrx_word' id='word_1_343' title='bbox 210 2336 296 2388; x_wconf 81' lang='lat' dir='ltr'><strong>quem</strong></span> <span class='ocrx_word' id='word_1_344' title='bbox 317 2348 438 2380; x_wconf 83' lang='lat' dir='ltr'><strong>fovebat,</strong></span> <span class='ocrx_word' id='word_1_345' title='bbox 465 2352 548 2381; x_wconf 85' lang='lat' dir='ltr'><strong>quem</strong></span> <span class='ocrx_word' id='word_1_346' title='bbox 572 2342 722 2374; x_wconf 88' lang='lat' dir='ltr'><strong>mulcebat,</strong></span> <span class='ocrx_word' id='word_1_347' title='bbox 749 2347 830 2377; x_wconf 87' lang='lat' dir='ltr'><strong>quem</strong></span> <span class='ocrx_word' id='word_1_348' title='bbox 859 2336 1000 2365; x_wconf 89' lang='lat' dir='ltr'><strong>blanditiis</strong></span> 
     </span>
    </p>
   </div>
   <div class='ocr_carea' id='block_1_53' title="bbox 211 2382 999 2429">
    <p class='ocr_par' dir='ltr' id='par_1_53' title="bbox 211 2382 999 2429">
     <span class='ocr_line' id='line_1_53' title="bbox 211 2382 999 2429; baseline -0.024 -3"><span class='ocrx_word' id='word_1_349' title='bbox 211 2382 373 2426; x_wconf 82' lang='lat' dir='ltr'><strong>deliniebat.</strong></span> <span class='ocrx_word' id='word_1_350' title='bbox 400 2399 482 2429; x_wconf 87' lang='lat' dir='ltr'><strong>quem</strong></span> <span class='ocrx_word' id='word_1_351' title='bbox 508 2397 592 2425; x_wconf 86' lang='lat' dir='ltr'><strong>supra</strong></span> <span class='ocrx_word' id='word_1_352' title='bbox 613 2388 734 2423; x_wconf 82' lang='lat' dir='ltr'><strong>seipsam</strong></span> <span class='ocrx_word' id='word_1_353' title='bbox 750 2391 845 2413; x_wconf 82' lang='lat' dir='ltr'><strong>amare</strong></span> <span class='ocrx_word' id='word_1_354' title='bbox 865 2391 895 2411; x_wconf 87' lang='lat' dir='ltr'><strong>se</strong></span> <span class='ocrx_word' id='word_1_355' title='bbox 913 2382 999 2417; x_wconf 79' lang='lat' dir='ltr'><strong>[lnge-</strong></span> 
     </span>
    </p>
   </div>
   <div class='ocr_carea' id='block_1_54' title="bbox 211 2428 998 2478">
    <p class='ocr_par' dir='ltr' id='par_1_54' title="bbox 211 2428 998 2478">
     <span class='ocr_line' id='line_1_54' title="bbox 211 2428 998 2478; baseline -0.024 -5"><span class='ocrx_word' id='word_1_356' title='bbox 211 2445 259 2474; x_wconf 79' lang='lat' dir='ltr'><strong>bat</strong></span> <span class='ocrx_word' id='word_1_357' title='bbox 275 2449 380 2478; x_wconf 76' lang='lat' dir='ltr'><strong>:quem</strong></span> <span class='ocrx_word' id='word_1_358' title='bbox 398 2428 457 2467; x_wconf 81' lang='lat' dir='ltr'><strong>heri</strong></span> <span class='ocrx_word' id='word_1_359' title='bbox 471 2437 583 2473; x_wconf 87' lang='lat' dir='ltr'><strong>quidem</strong></span> <span class='ocrx_word' id='word_1_360' title='bbox 612 2434 735 2466; x_wconf 84' lang='lat' dir='ltr'><strong>amabat,</strong></span> <span class='ocrx_word' id='word_1_361' title='bbox 764 2430 876 2459; x_wconf 89' lang='lat' dir='ltr'><strong>fallebat</strong></span> <span class='ocrx_word' id='word_1_362' title='bbox 892 2428 973 2456; x_wconf 87' lang='lat' dir='ltr'><strong>hodie</strong></span> <span class='ocrx_word' id='word_1_363' title='bbox 993 2437 998 2454; x_wconf 90' lang='lat'><strong>:</strong></span> 
     </span>
    </p>
   </div>
   <div class='ocr_carea' id='block_1_55' title="bbox 210 2473 1000 2526">
    <p class='ocr_par' dir='ltr' id='par_1_55' title="bbox 210 2473 1000 2526">
     <span class='ocr_line' id='line_1_55' title="bbox 210 2473 1000 2526; baseline -0.024 -8"><span class='ocrx_word' id='word_1_364' title='bbox 210 2473 380 2526; x_wconf 51' lang='lat' dir='ltr'><strong>quem-beri</strong></span> <span class='ocrx_word' id='word_1_365' title='bbox 405 2485 495 2513; x_wconf 79' lang='lat' dir='ltr'><strong>amico</strong></span> <span class='ocrx_word' id='word_1_366' title='bbox 524 2482 617 2510; x_wconf 84' lang='lat' dir='ltr'><strong>animo</strong></span> <span class='ocrx_word' id='word_1_367' title='bbox 642 2477 891 2512; x_wconf 84' lang='lat' dir='ltr'><strong>complectebatur.</strong></span> <span class='ocrx_word' id='word_1_368' title='bbox 917 2473 1000 2501; x_wconf 88' lang='lat' dir='ltr'><strong>hodie</strong></span> 
     </span>
    </p>
   </div>
   <div class='ocr_carea' id='block_1_56' title="bbox 212 2518 1001 2572">
    <p class='ocr_par' dir='ltr' id='par_1_56' title="bbox 212 2518 1001 2572">
     <span class='ocr_line' id='line_1_56' title="bbox 212 2518 1001 2572; baseline -0.025 -7"><span class='ocrx_word' id='word_1_369' title='bbox 212 2518 341 2572; x_wconf 56' lang='lat' dir='ltr'><strong>sepulcro</strong></span> <span class='ocrx_word' id='word_1_370' title='bbox 355 2532 448 2560; x_wconf 84' lang='lat' dir='ltr'><strong>tradit.</strong></span> <span class='ocrx_word' id='word_1_371' title='bbox 463 2531 496 2557; x_wconf 81' lang='lat' dir='ltr'><strong>At</strong></span> <span class='ocrx_word' id='word_1_372' title='bbox 512 2529 585 2556; x_wconf 85' lang='lat' dir='ltr'><strong>forte</strong></span> <span class='ocrx_word' id='word_1_373' title='bbox 600 2530 713 2561; x_wconf 77' lang='lat' dir='ltr'><strong>aspectu</strong></span> <span class='ocrx_word' id='word_1_374' title='bbox 724 2524 842 2551; x_wconf 89' lang='lat' dir='ltr'><strong>decorus</strong></span> <span class='ocrx_word' id='word_1_375' title='bbox 859 2528 913 2548; x_wconf 88' lang='lat' dir='ltr'><strong>non</strong></span> <span class='ocrx_word' id='word_1_376' title='bbox 926 2518 1001 2547; x_wconf 74' lang='lat' dir='ltr'><strong>erat?</strong></span> 
     </span>
    </p>
   </div>
   <div class='ocr_carea' id='block_1_57' title="bbox 212 2565 1002 2618">
    <p class='ocr_par' dir='ltr' id='par_1_57' title="bbox 212 2565 1002 2618">
     <span class='ocr_line' id='line_1_57' title="bbox 212 2565 1002 2618; baseline -0.027 -6"><span class='ocrx_word' id='word_1_377' title='bbox 212 2565 314 2618; x_wconf 73' lang='lat' dir='ltr'><strong>Eequis</strong></span> <span class='ocrx_word' id='word_1_378' title='bbox 341 2585 408 2607; x_wconf 82' lang='lat' dir='ltr'><strong>vero</strong></span> <span class='ocrx_word' id='word_1_379' title='bbox 435 2577 513 2604; x_wconf 90' lang='lat' dir='ltr'><strong>illum</strong></span> <span class='ocrx_word' id='word_1_380' title='bbox 540 2571 747 2609; x_wconf 87' lang='lat' dir='ltr'><strong>pulchritudine</strong></span> <span class='ocrx_word' id='word_1_381' title='bbox 775 2573 842 2596; x_wconf 85' lang='lat' dir='ltr'><strong>tunc</strong></span> <span class='ocrx_word' id='word_1_382' title='bbox 871 2565 1002 2601; x_wconf 85' lang='lat' dir='ltr'><strong>temporis</strong></span> 
     </span>
    </p>
   </div>
   <div class='ocr_carea' id='block_1_58' title="bbox 212 2612 1002 2659">
    <p class='ocr_par' dir='ltr' id='par_1_58' title="bbox 212 2612 1002 2659">
     <span class='ocr_line' id='line_1_58' title="bbox 212 2612 1002 2659; baseline -0.024 -2"><span class='ocrx_word' id='word_1_383' title='bbox 212 2612 406 2656; x_wconf 68' lang='lat' dir='ltr'><strong>antecellebat,</strong></span> <span class='ocrx_word' id='word_1_384' title='bbox 423 2622 470 2659; x_wconf 91' lang='lat' dir='ltr'><strong>qui</strong></span> <span class='ocrx_word' id='word_1_385' title='bbox 487 2625 591 2656; x_wconf 88' lang='lat' dir='ltr'><strong>septem</strong></span> <span class='ocrx_word' id='word_1_386' title='bbox 615 2618 771 2649; x_wconf 89' lang='lat' dir='ltr'><strong>cincinnos,</strong></span> <span class='ocrx_word' id='word_1_387' title='bbox 796 2614 900 2650; x_wconf 88' lang='lat' dir='ltr'><strong>quibus</strong></span> <span class='ocrx_word' id='word_1_388' title='bbox 916 2612 1002 2647; x_wconf 81' lang='lat' dir='ltr'><strong>Septi-</strong></span> 
     </span>
    </p>
   </div>
   <div class='ocr_carea' id='block_1_59' title="bbox 214 2659 1002 2707">
    <p class='ocr_par' dir='ltr' id='par_1_59' title="bbox 214 2659 1002 2707">
     <span class='ocr_line' id='line_1_59' title="bbox 214 2659 1002 2707; baseline -0.022 -6"><span class='ocrx_word' id='word_1_389' title='bbox 214 2674 310 2700; x_wconf 82' lang='lat' dir='ltr'><strong>formis</strong></span> <span class='ocrx_word' id='word_1_390' title='bbox 325 2671 414 2707; x_wconf 75' lang='lat' dir='ltr'><strong>gratia</strong></span> <span class='ocrx_word' id='word_1_391' title='bbox 428 2666 660 2698; x_wconf 86' lang='lat' dir='ltr'><strong>aduntbrabatur,</strong></span> <span class='ocrx_word' id='word_1_392' title='bbox 684 2663 776 2699; x_wconf 86' lang='lat' dir='ltr'><strong>capite</strong></span> <span class='ocrx_word' id='word_1_393' title='bbox 788 2659 930 2697; x_wconf 68' lang='lat' dir='ltr'><strong>gestaret?</strong></span> <span class='ocrx_word' id='word_1_394' title='bbox 948 2660 1002 2685; x_wconf 82' lang='lat' dir='ltr'><strong>An-</strong></span> 
     </span>
    </p>
   </div>
   <div class='ocr_carea' id='block_1_60' title="bbox 214 2705 1003 2744">
    <p class='ocr_par' dir='ltr' id='par_1_60' title="bbox 214 2705 1003 2744">
     <span class='ocr_line' id='line_1_60' title="bbox 214 2705 1003 2744; baseline -0.018 0"><span class='ocrx_word' id='word_1_395' title='bbox 214 2725 268 2744; x_wconf 78' lang='lat' dir='ltr'><strong>non</strong></span> <span class='ocrx_word' id='word_1_396' title='bbox 282 2705 361 2744; x_wconf 72' lang='lat' dir='ltr'><strong>fortis</strong></span> <span class='ocrx_word' id='word_1_397' title='bbox 375 2720 402 2742; x_wconf 92' lang='lat' dir='ltr'><strong>et</strong></span> <span class='ocrx_word' id='word_1_398' title='bbox 416 2720 548 2742; x_wconf 85' lang='lat' dir='ltr'><strong>strenuus</strong></span> <span class='ocrx_word' id='word_1_399' title='bbox 559 2716 629 2743; x_wconf 84' lang='lat' dir='ltr'><strong>erat,</strong></span> <span class='ocrx_word' id='word_1_400' title='bbox 647 2710 695 2744; x_wconf 93' lang='lat' dir='ltr'><strong>qui</strong></span> <span class='ocrx_word' id='word_1_401' title='bbox 723 2709 843 2740; x_wconf 87' lang='lat' dir='ltr'><strong>leonem,</strong></span> <span class='ocrx_word' id='word_1_402' title='bbox 865 2706 930 2733; x_wconf 92' lang='lat' dir='ltr'><strong>dum</strong></span> <span class='ocrx_word' id='word_1_403' title='bbox 952 2705 1003 2731; x_wconf 86' lang='lat' dir='ltr'><strong>iter</strong></span> 
     </span>
    </p>
   </div>
   <div class='ocr_carea' id='block_1_61' title="bbox 214 2751 1002 2798">
    <p class='ocr_par' dir='ltr' id='par_1_61' title="bbox 214 2751 1002 2798">
     <span class='ocr_line' id='line_1_61' title="bbox 214 2751 1002 2798; baseline -0.018 -6"><span class='ocrx_word' id='word_1_404' title='bbox 214 2767 317 2798; x_wconf 65' lang='lat' dir='ltr'><strong>ageret,</strong></span> <span class='ocrx_word' id='word_1_405' title='bbox 341 2763 420 2790; x_wconf 88' lang='lat' dir='ltr'><strong>solus</strong></span> <span class='ocrx_word' id='word_1_406' title='bbox 453 2762 513 2796; x_wconf 89' lang='lat' dir='ltr'><strong>ipse</strong></span> <span class='ocrx_word' id='word_1_407' title='bbox 545 2758 760 2793; x_wconf 79' lang='lat' dir='ltr'><strong>strangulassct,</strong></span> <span class='ocrx_word' id='word_1_408' title='bbox 788 2761 816 2783; x_wconf 90' lang='lat' dir='ltr'><strong>et</strong></span> <span class='ocrx_word' id='word_1_409' title='bbox 842 2762 897 2782; x_wconf 90' lang='lat' dir='ltr'><strong>una</strong></span> <span class='ocrx_word' id='word_1_410' title='bbox 931 2751 1002 2780; x_wconf 82' lang='lat' dir='ltr'><strong>asini</strong></span> 
     </span>
    </p>
   </div>
   <div class='ocr_carea' id='block_1_62' title="bbox 214 2799 1003 2841">
    <p class='ocr_par' dir='ltr' id='par_1_62' title="bbox 214 2799 1003 2841">
     <span class='ocr_line' id='line_1_62' title="bbox 214 2799 1003 2841; baseline -0.013 -7"><span class='ocrx_word' id='word_1_411' title='bbox 214 2808 326 2835; x_wconf 75' lang='lat' dir='ltr'><strong>maxilla</strong></span> <span class='ocrx_word' id='word_1_412' title='bbox 352 2807 426 2833; x_wconf 85' lang='lat' dir='ltr'><strong>mille</strong></span> <span class='ocrx_word' id='word_1_413' title='bbox 455 2805 611 2841; x_wconf 85' lang='lat' dir='ltr'><strong>allophylos</strong></span> <span class='ocrx_word' id='word_1_414' title='bbox 636 2801 859 2839; x_wconf 66' lang='lat' dir='ltr'><strong>prostravisse”</strong></span> <span class='ocrx_word' id='word_1_415' title='bbox 885 2799 959 2832; x_wconf 82' lang='lat' dir='ltr'><strong>Quin</strong></span> <span class='ocrx_word' id='word_1_416' title='bbox 976 2802 1003 2824; x_wconf 86' lang='lat' dir='ltr'><strong>et</strong></span> 
     </span>
    </p>
   </div>
   <div class='ocr_carea' id='block_1_63' title="bbox 214 2846 1002 2882">
    <p class='ocr_par' dir='ltr' id='par_1_63' title="bbox 214 2846 1002 2882">
     <span class='ocr_line' id='line_1_63' title="bbox 214 2846 1002 2882; baseline -0.01 -3"><span class='ocrx_word' id='word_1_417' title='bbox 214 2856 326 2880; x_wconf 72' lang='lat' dir='ltr'><strong>sanctus</strong></span> <span class='ocrx_word' id='word_1_418' title='bbox 349 2856 419 2879; x_wconf 76' lang='lat' dir='ltr'><strong>erat.</strong></span> <span class='ocrx_word' id='word_1_419' title='bbox 444 2851 529 2878; x_wconf 86' lang='lat' dir='ltr'><strong>Tanta</strong></span> <span class='ocrx_word' id='word_1_420' title='bbox 548 2850 623 2878; x_wconf 86' lang='lat' dir='ltr'><strong>enim</strong></span> <span class='ocrx_word' id='word_1_421' title='bbox 644 2849 791 2877; x_wconf 87' lang='lat' dir='ltr'><strong>sanctitate</strong></span> <span class='ocrx_word' id='word_1_422' title='bbox 816 2846 948 2882; x_wconf 82' lang='lat' dir='ltr'><strong>pollebat,</strong></span> <span class='ocrx_word' id='word_1_423' title='bbox 974 2849 1002 2871; x_wconf 93' lang='lat' dir='ltr'><strong>ut</strong></span> 
     </span>
    </p>
   </div>
   <div class='ocr_carea' id='block_1_64' title="bbox 1047 220 1838 257">
    <p class='ocr_par' dir='ltr' id='par_1_64' title="bbox 1047 220 1838 257">
     <span class='ocr_line' id='line_1_64' title="bbox 1047 220 1838 257; baseline -0.001 -9"><span class='ocrx_word' id='word_1_424' title='bbox 1047 231 1134 257; x_wconf 78' lang='grc' dir='ltr'>γρεις,</span> <span class='ocrx_word' id='word_1_425' title='bbox 1151 222 1198 249; x_wconf 75' lang='grc' dir='ltr'>καὶ</span> <span class='ocrx_word' id='word_1_426' title='bbox 1217 221 1365 257; x_wconf 76' lang='grc' dir='ltr'><strong>παρδάλεις</strong></span> <span class='ocrx_word' id='word_1_427' title='bbox 1387 220 1621 255; x_wconf 71' lang='grc' dir='ltr'>τιθασσευομένας</span> <span class='ocrx_word' id='word_1_428' title='bbox 1650 220 1838 255; x_wconf 77' lang='grc' dir='ltr'>πραῢνεσθαι-</span> 
     </span>
    </p>
   </div>
   <div class='ocr_carea' id='block_1_65' title="bbox 1047 266 1840 308">
    <p class='ocr_par' dir='ltr' id='par_1_65' title="bbox 1047 266 1840 308">
     <span class='ocr_line' id='line_1_65' title="bbox 1047 266 1840 308; baseline -0.001 -14"><span class='ocrx_word' id='word_1_429' title='bbox 1047 269 1115 303; x_wconf 83' lang='grc' dir='ltr'>γυνὴ</span> <span class='ocrx_word' id='word_1_430' title='bbox 1131 268 1158 294; x_wconf 78' lang='grc' dir='ltr'><strong>δὲ</strong></span> <span class='ocrx_word' id='word_1_431' title='bbox 1175 268 1288 308; x_wconf 44' lang='grc' dir='ltr'><strong>πονηρὰΧ</strong></span> <span class='ocrx_word' id='word_1_432' title='bbox 1302 268 1349 294; x_wconf 77' lang='grc' dir='ltr'><strong>καὶ</strong></span> <span class='ocrx_word' id='word_1_433' title='bbox 1366 266 1532 303; x_wconf 79' lang='grc' dir='ltr'><strong>ὑὸριζομένη</strong></span> <span class='ocrx_word' id='word_1_434' title='bbox 1546 266 1681 300; x_wconf 81' lang='grc' dir='ltr'>μαίνεται,</span> <span class='ocrx_word' id='word_1_435' title='bbox 1699 267 1745 292; x_wconf 74' lang='grc' dir='ltr'><strong>καὶ</strong></span> <span class='ocrx_word' id='word_1_436' title='bbox 1759 267 1840 293; x_wconf 83' lang='grc' dir='ltr'>κολα-</span> 
     </span>
    </p>
   </div>
   <div class='ocr_carea' id='block_1_66' title="bbox 1048 312 1840 350">
    <p class='ocr_par' dir='ltr' id='par_1_66' title="bbox 1048 312 1840 350">
     <span class='ocr_line' id='line_1_66' title="bbox 1048 312 1840 350; baseline -0.003 -9"><span class='ocrx_word' id='word_1_437' title='bbox 1048 315 1182 350; x_wconf 81' lang='grc' dir='ltr'>κευομένη</span> <span class='ocrx_word' id='word_1_438' title='bbox 1194 314 1348 350; x_wconf 75' lang='grc' dir='ltr'>ἐπαίρεται.</span> <span class='ocrx_word' id='word_1_439' title='bbox 1364 313 1422 340; x_wconf 78' lang='grc' dir='ltr'>Κᾶν</span> <span class='ocrx_word' id='word_1_440' title='bbox 1433 313 1481 348; x_wconf 77' lang='grc' dir='ltr'>ἔχῃ</span> <span class='ocrx_word' id='word_1_441' title='bbox 1492 313 1577 348; x_wconf 81' lang='grc' dir='ltr'>ἄνδρα</span> <span class='ocrx_word' id='word_1_442' title='bbox 1588 313 1717 347; x_wconf 77' lang='grc' dir='ltr'>ἄρχοντα,</span> <span class='ocrx_word' id='word_1_443' title='bbox 1732 312 1840 349; x_wconf 80' lang='grc' dir='ltr'><strong>νύκτωρ</strong></span> 
     </span>
    </p>
   </div>
   <div class='ocr_carea' id='block_1_67' title="bbox 1046 359 1839 396">
    <p class='ocr_par' dir='ltr' id='par_1_67' title="bbox 1046 359 1839 396">
     <span class='ocr_line' id='line_1_67' title="bbox 1046 359 1839 396; baseline -0.003 -9"><span class='ocrx_word' id='word_1_444' title='bbox 1046 370 1076 387; x_wconf 81' lang='grc' dir='ltr'><strong>τε</strong></span> <span class='ocrx_word' id='word_1_445' title='bbox 1091 361 1137 388; x_wconf 68' lang='grc' dir='ltr'>καὶ</span> <span class='ocrx_word' id='word_1_446' title='bbox 1153 361 1211 396; x_wconf 76' lang='grc' dir='ltr'>μεθ’</span> <span class='ocrx_word' id='word_1_447' title='bbox 1224 360 1331 396; x_wconf 78' lang='grc' dir='ltr'><strong>ἡμέραν</strong></span> <span class='ocrx_word' id='word_1_448' title='bbox 1354 361 1409 391; x_wconf 84' lang='grc' dir='ltr'>τοῖς</span> <span class='ocrx_word' id='word_1_449' title='bbox 1431 360 1522 394; x_wconf 83' lang='grc' dir='ltr'>λόγοις</span> <span class='ocrx_word' id='word_1_450' title='bbox 1537 359 1619 386; x_wconf 71' lang='grc' dir='ltr'>αὐτὸν</span> <span class='ocrx_word' id='word_1_451' title='bbox 1631 359 1839 394; x_wconf 73' lang='grc' dir='ltr'><strong>ἐκμοχλεύουσαι</strong></span> 
     </span>
    </p>
   </div>
   <div class='ocr_carea' id='block_1_68' title="bbox 1048 405 1837 443">
    <p class='ocr_par' dir='ltr' id='par_1_68' title="bbox 1048 405 1837 443">
     <span class='ocr_line' id='line_1_68' title="bbox 1048 405 1837 443; baseline -0.004 -9"><span class='ocrx_word' id='word_1_452' title='bbox 1048 407 1115 443; x_wconf 70' lang='grc' dir='ltr'><strong>πρὸς</strong></span> <span class='ocrx_word' id='word_1_453' title='bbox 1130 407 1285 442; x_wconf 76' lang='grc' dir='ltr'>δολοφονίαν</span> <span class='ocrx_word' id='word_1_454' title='bbox 1299 406 1399 439; x_wconf 78' lang='grc' dir='ltr'>ὀξύνει,</span> <span class='ocrx_word' id='word_1_455' title='bbox 1423 406 1461 437; x_wconf 83' lang='grc' dir='ltr'><strong>ὠς</strong></span> <span class='ocrx_word' id='word_1_456' title='bbox 1482 405 1618 441; x_wconf 76' lang='grc' dir='ltr'><strong>Ἡρωδιὰς</strong></span> <span class='ocrx_word' id='word_1_457' title='bbox 1640 405 1686 432; x_wconf 68' lang='grc' dir='ltr'><strong>τὸν</strong></span> <span class='ocrx_word' id='word_1_458' title='bbox 1703 405 1837 441; x_wconf 80' lang='grc' dir='ltr'><strong>Ἡρώδην.</strong></span> 
     </span>
    </p>
   </div>
   <div class='ocr_carea' id='block_1_69' title="bbox 1048 451 1840 489">
    <p class='ocr_par' dir='ltr' id='par_1_69' title="bbox 1048 451 1840 489">
     <span class='ocr_line' id='line_1_69' title="bbox 1048 451 1840 489; baseline -0.003 -9"><span class='ocrx_word' id='word_1_459' title='bbox 1048 454 1107 481; x_wconf 79' lang='grc' dir='ltr'><strong>Κᾶν</strong></span> <span class='ocrx_word' id='word_1_460' title='bbox 1123 453 1228 489; x_wconf 78' lang='grc' dir='ltr'>πένητα</span> <span class='ocrx_word' id='word_1_461' title='bbox 1245 453 1293 489; x_wconf 75' lang='grc' dir='ltr'><strong>ἔχῃ</strong></span> <span class='ocrx_word' id='word_1_462' title='bbox 1310 453 1355 480; x_wconf 81' lang='grc' dir='ltr'>τὸν</span> <span class='ocrx_word' id='word_1_463' title='bbox 1372 452 1457 488; x_wconf 81' lang='grc' dir='ltr'>ἄνδρα</span> <span class='ocrx_word' id='word_1_464' title='bbox 1483 452 1551 488; x_wconf 76' lang='grc' dir='ltr'>πρὸς</span> <span class='ocrx_word' id='word_1_465' title='bbox 1569 452 1656 488; x_wconf 75' lang='grc' dir='ltr'>ὀργὰς</span> <span class='ocrx_word' id='word_1_466' title='bbox 1676 451 1723 478; x_wconf 80' lang='grc' dir='ltr'>καὶ</span> <span class='ocrx_word' id='word_1_467' title='bbox 1749 452 1840 487; x_wconf 79' lang='grc' dir='ltr'>μάχας</span> 
     </span>
    </p>
   </div>
   <div class='ocr_carea' id='block_1_70' title="bbox 1047 497 1839 534">
    <p class='ocr_par' dir='ltr' id='par_1_70' title="bbox 1047 497 1839 534">
     <span class='ocr_line' id='line_1_70' title="bbox 1047 497 1839 534; baseline -0.004 -8"><span class='ocrx_word' id='word_1_468' title='bbox 1047 500 1129 526; x_wconf 72' lang='grc' dir='ltr'>αὑτὸν</span> <span class='ocrx_word' id='word_1_469' title='bbox 1143 500 1285 534; x_wconf 80' lang='grc' dir='ltr'><strong>διεγείρει·</strong></span> <span class='ocrx_word' id='word_1_470' title='bbox 1303 499 1355 526; x_wconf 81' lang='grc' dir='ltr'>κᾶν</span> <span class='ocrx_word' id='word_1_471' title='bbox 1367 499 1442 534; x_wconf 83' lang='grc' dir='ltr'>χήρα</span> <span class='ocrx_word' id='word_1_472' title='bbox 1457 499 1589 533; x_wconf 81' lang='grc' dir='ltr'>τυγχάνῃ,</span> <span class='ocrx_word' id='word_1_473' title='bbox 1606 497 1676 533; x_wconf 75' lang='grc' dir='ltr'>αὕτη</span> <span class='ocrx_word' id='word_1_474' title='bbox 1693 498 1725 524; x_wconf 78' lang='grc' dir='ltr'><strong>δι’</strong></span> <span class='ocrx_word' id='word_1_475' title='bbox 1739 498 1839 533; x_wconf 73' lang='grc' dir='ltr'><strong>ἑαυτῆς</strong></span> 
     </span>
    </p>
   </div>
   <div class='ocr_carea' id='block_1_71' title="bbox 1047 543 1838 581">
    <p class='ocr_par' dir='ltr' id='par_1_71' title="bbox 1047 543 1838 581">
     <span class='ocr_line' id='line_1_71' title="bbox 1047 543 1838 581; baseline -0.003 -9"><span class='ocrx_word' id='word_1_476' title='bbox 1047 546 1110 578; x_wconf 73' lang='grc' dir='ltr'>τοὺς</span> <span class='ocrx_word' id='word_1_477' title='bbox 1124 545 1228 577; x_wconf 81' lang='grc' dir='ltr'><strong>πάντας</strong></span> <span class='ocrx_word' id='word_1_478' title='bbox 1245 545 1384 581; x_wconf 74' lang='grc' dir='ltr'><strong>ἀτιμάζει.</strong></span> <span class='ocrx_word' id='word_1_479' title='bbox 1401 544 1479 579; x_wconf 73' lang='grc' dir='ltr'><strong>Φόϐῳ</strong></span> <span class='ocrx_word' id='word_1_480' title='bbox 1492 544 1545 579; x_wconf 72' lang='grc' dir='ltr'>γὰρ</span> <span class='ocrx_word' id='word_1_481' title='bbox 1556 543 1625 570; x_wconf 77' lang='grc' dir='ltr'><strong>Θεοῦ</strong></span> <span class='ocrx_word' id='word_1_482' title='bbox 1637 544 1668 570; x_wconf 77' lang='grc' dir='ltr'><strong>οὐ</strong></span> <span class='ocrx_word' id='word_1_483' title='bbox 1683 543 1838 579; x_wconf 76' lang='grc' dir='ltr'>χαλινοῦ-ται</span> 
     </span>
    </p>
   </div>
   <div class='ocr_carea' id='block_1_72' title="bbox 1047 590 1839 627">
    <p class='ocr_par' dir='ltr' id='par_1_72' title="bbox 1047 590 1839 627">
     <span class='ocr_line' id='line_1_72' title="bbox 1047 590 1839 627; baseline -0.003 -9"><span class='ocrx_word' id='word_1_484' title='bbox 1047 592 1096 627; x_wconf 79' lang='grc' dir='ltr'><strong>τὴν</strong></span> <span class='ocrx_word' id='word_1_485' title='bbox 1110 591 1253 626; x_wconf 86' lang='grc' dir='ltr'>γλῶσσαν·</span> <span class='ocrx_word' id='word_1_486' title='bbox 1270 591 1320 617; x_wconf 76' lang='grc' dir='ltr'><strong>οὐκ</strong></span> <span class='ocrx_word' id='word_1_487' title='bbox 1341 591 1380 622; x_wconf 87' lang='grc' dir='ltr'><strong>εἰς</strong></span> <span class='ocrx_word' id='word_1_488' title='bbox 1392 590 1423 616; x_wconf 79' lang='grc' dir='ltr'><strong>τὸ</strong></span> <span class='ocrx_word' id='word_1_489' title='bbox 1447 590 1543 625; x_wconf 77' lang='grc' dir='ltr'><strong>μέλλον</strong></span> <span class='ocrx_word' id='word_1_490' title='bbox 1563 590 1706 626; x_wconf 70' lang='grc' dir='ltr'><strong>κριτήριον</strong></span> <span class='ocrx_word' id='word_1_491' title='bbox 1722 590 1839 616; x_wconf 78' lang='grc' dir='ltr'><strong>ἀποσλέ-</strong></span> 
     </span>
    </p>
   </div>
   <div class='ocr_carea' id='block_1_73' title="bbox 1048 636 1839 672">
    <p class='ocr_par' dir='ltr' id='par_1_73' title="bbox 1048 636 1839 672">
     <span class='ocr_line' id='line_1_73' title="bbox 1048 636 1839 672; baseline -0.003 -8"><span class='ocrx_word' id='word_1_492' title='bbox 1048 646 1109 664; x_wconf 80' lang='grc' dir='ltr'><strong>πει⁶</strong></span> <span class='ocrx_word' id='word_1_493' title='bbox 1125 638 1154 664; x_wconf 84' lang='grc' dir='ltr'><strong>οὺ</strong></span> <span class='ocrx_word' id='word_1_494' title='bbox 1176 638 1267 672; x_wconf 78' lang='grc' dir='ltr'>φιλίας</span> <span class='ocrx_word' id='word_1_495' title='bbox 1280 636 1350 663; x_wconf 77' lang='grc' dir='ltr'>οἶδεν</span> <span class='ocrx_word' id='word_1_496' title='bbox 1363 636 1474 672; x_wconf 79' lang='grc' dir='ltr'>θεσμόν.</span> <span class='ocrx_word' id='word_1_497' title='bbox 1492 636 1575 663; x_wconf 76' lang='grc' dir='ltr'><strong>Οὐδέν</strong></span> <span class='ocrx_word' id='word_1_498' title='bbox 1591 637 1648 663; x_wconf 81' lang='grc' dir='ltr'>ἐστι</span> <span class='ocrx_word' id='word_1_499' title='bbox 1664 637 1775 670; x_wconf 76' lang='grc' dir='ltr'>γυναικὶ</span> <span class='ocrx_word' id='word_1_500' title='bbox 1790 645 1839 662; x_wconf 80' lang='grc' dir='ltr'><strong>πο-</strong></span> 
     </span>
    </p>
   </div>
   <div class='ocr_carea' id='block_1_74' title="bbox 1047 682 1840 720">
    <p class='ocr_par' dir='ltr' id='par_1_74' title="bbox 1047 682 1840 720">
     <span class='ocr_line' id='line_1_74' title="bbox 1047 682 1840 720; baseline -0.001 -10"><span class='ocrx_word' id='word_1_501' title='bbox 1047 685 1118 720; x_wconf 83' lang='grc' dir='ltr'><strong>νηρᾷ</strong></span> <span class='ocrx_word' id='word_1_502' title='bbox 1132 684 1178 711; x_wconf 76' lang='grc' dir='ltr'>τὸν</span> <span class='ocrx_word' id='word_1_503' title='bbox 1190 684 1255 710; x_wconf 79' lang='grc' dir='ltr'>ἴδιον</span> <span class='ocrx_word' id='word_1_504' title='bbox 1271 683 1356 718; x_wconf 83' lang='grc' dir='ltr'>ἄνδρα</span> <span class='ocrx_word' id='word_1_505' title='bbox 1371 683 1540 719; x_wconf 79' lang='grc' dir='ltr'>παραδοῦναι</span> <span class='ocrx_word' id='word_1_506' title='bbox 1556 683 1595 714; x_wconf 86' lang='grc' dir='ltr'>εἰς</span> <span class='ocrx_word' id='word_1_507' title='bbox 1611 682 1737 709; x_wconf 76' lang='grc' dir='ltr'>θάνατον.</span> <span class='ocrx_word' id='word_1_508' title='bbox 1761 682 1840 718; x_wconf 81' lang='grc' dir='ltr'><strong>Ἀμέ-</strong></span> 
     </span>
    </p>
   </div>
   <div class='ocr_carea' id='block_1_75' title="bbox 1047 728 1840 764">
    <p class='ocr_par' dir='ltr' id='par_1_75' title="bbox 1047 728 1840 764">
     <span class='ocr_line' id='line_1_75' title="bbox 1047 728 1840 764; baseline -0.001 -8"><span class='ocrx_word' id='word_1_509' title='bbox 1047 730 1088 756; x_wconf 88' lang='grc' dir='ltr'><strong>λει</strong></span> <span class='ocrx_word' id='word_1_510' title='bbox 1113 729 1177 764; x_wconf 74' lang='grc' dir='ltr'>γοῦν</span> <span class='ocrx_word' id='word_1_511' title='bbox 1195 730 1240 756; x_wconf 75' lang='grc' dir='ltr'>τὸν</span> <span class='ocrx_word' id='word_1_512' title='bbox 1260 730 1364 756; x_wconf 85' lang='grc' dir='ltr'>δίκαιον</span> <span class='ocrx_word' id='word_1_513' title='bbox 1380 729 1440 755; x_wconf 76' lang='grc' dir='ltr'><strong>Ἰὼϐ</strong></span> <span class='ocrx_word' id='word_1_514' title='bbox 1453 729 1470 764; x_wconf 80' lang='grc' dir='ltr'>ἡ</span> <span class='ocrx_word' id='word_1_515' title='bbox 1491 729 1543 763; x_wconf 64' lang='grc' dir='ltr'>ἰδία</span> <span class='ocrx_word' id='word_1_516' title='bbox 1557 728 1625 764; x_wconf 80' lang='grc' dir='ltr'>γυνὴ</span> <span class='ocrx_word' id='word_1_517' title='bbox 1641 728 1709 763; x_wconf 75' lang='grc' dir='ltr'>πρὸς</span> <span class='ocrx_word' id='word_1_518' title='bbox 1726 728 1840 755; x_wconf 82' lang='grc' dir='ltr'>θάνατον</span> 
     </span>
    </p>
   </div>
   <div class='ocr_carea' id='block_1_76' title="bbox 1047 773 1840 811">
    <p class='ocr_par' dir='ltr' id='par_1_76' title="bbox 1047 773 1840 811">
     <span class='ocr_line' id='line_1_76' title="bbox 1047 773 1840 811; baseline -0.003 -8"><span class='ocrx_word' id='word_1_519' title='bbox 1047 776 1210 811; x_wconf 72' lang='grc' dir='ltr'><strong>παρεδίδου,</strong></span> <span class='ocrx_word' id='word_1_520' title='bbox 1231 775 1364 809; x_wconf 72' lang='grc' dir='ltr'>λέγουσαο</span> <span class='ocrx_word' id='word_1_521' title='bbox 1378 773 1472 801; x_wconf 75' lang='grc' dir='ltr'><strong>Εἷπόν</strong></span> <span class='ocrx_word' id='word_1_522' title='bbox 1499 783 1526 801; x_wconf 87' lang='grc' dir='ltr'><strong>τι</strong></span> <span class='ocrx_word' id='word_1_523' title='bbox 1549 774 1631 809; x_wconf 74' lang='grc' dir='ltr'>ῥῆμα</span> <span class='ocrx_word' id='word_1_524' title='bbox 1650 774 1840 809; x_wconf 66' lang='grc' dir='ltr'>,ϐλάσφημον</span> 
     </span>
    </p>
   </div>
   <div class='ocr_carea' id='block_1_77' title="bbox 1048 820 1838 857">
    <p class='ocr_par' dir='ltr' id='par_1_77' title="bbox 1048 820 1838 857">
     <span class='ocr_line' id='line_1_77' title="bbox 1048 820 1838 857; baseline -0.003 -8"><span class='ocrx_word' id='word_1_525' title='bbox 1048 822 1123 857; x_wconf 80' lang='grc' dir='ltr'><strong>πρὸς</strong></span> <span class='ocrx_word' id='word_1_526' title='bbox 1131 823 1250 856; x_wconf 72' lang='grc' dir='ltr'><strong>Κύριον,</strong></span> <span class='ocrx_word' id='word_1_527' title='bbox 1268 821 1318 848; x_wconf 77' lang='grc' dir='ltr'><strong>καὶ</strong></span> <span class='ocrx_word' id='word_1_528' title='bbox 1340 821 1478 847; x_wconf 79' lang='grc' dir='ltr'>τελεύτα.</span> <span class='ocrx_word' id='word_1_529' title='bbox 1507 821 1540 846; x_wconf 86' lang='grc' dir='ltr'><strong>Ὢ</strong></span> <span class='ocrx_word' id='word_1_530' title='bbox 1555 821 1662 855; x_wconf 76' lang='grc' dir='ltr'>φύσεως</span> <span class='ocrx_word' id='word_1_531' title='bbox 1680 820 1838 855; x_wconf 74' lang='grc' dir='ltr'>μοχθηρᾶςί</span> 
     </span>
    </p>
   </div>
   <div class='ocr_carea' id='block_1_78' title="bbox 1046 866 1838 905">
    <p class='ocr_par' dir='ltr' id='par_1_78' title="bbox 1046 866 1838 905">
     <span class='ocr_line' id='line_1_78' title="bbox 1046 866 1838 905; baseline -0.004 -10"><span class='ocrx_word' id='word_1_532' title='bbox 1046 868 1069 895; x_wconf 82' lang='grc' dir='ltr'>ὦ</span> <span class='ocrx_word' id='word_1_533' title='bbox 1092 868 1283 905; x_wconf 77' lang='grc' dir='ltr'>προαιρέσεως</span> <span class='ocrx_word' id='word_1_534' title='bbox 1305 866 1435 898; x_wconf 73' lang='grc' dir='ltr'>ἀνοσίαςί</span> <span class='ocrx_word' id='word_1_535' title='bbox 1467 867 1517 893; x_wconf 83' lang='grc' dir='ltr'>οὑκ</span> <span class='ocrx_word' id='word_1_536' title='bbox 1547 866 1660 901; x_wconf 68' lang='grc' dir='ltr'>ἠλέησεν</span> <span class='ocrx_word' id='word_1_537' title='bbox 1679 866 1771 892; x_wconf 79' lang='grc' dir='ltr'>ίδοῦσα</span> <span class='ocrx_word' id='word_1_538' title='bbox 1791 866 1838 893; x_wconf 77' lang='grc' dir='ltr'>τοῦ</span> 
     </span>
    </p>
   </div>
   <div class='ocr_carea' id='block_1_79' title="bbox 1049 912 1839 949">
    <p class='ocr_par' dir='ltr' id='par_1_79' title="bbox 1049 912 1839 949">
     <span class='ocr_line' id='line_1_79' title="bbox 1049 912 1839 949; baseline -0.004 -8"><span class='ocrx_word' id='word_1_539' title='bbox 1049 915 1114 942; x_wconf 82' lang='grc' dir='ltr'>ίδίοιι</span> <span class='ocrx_word' id='word_1_540' title='bbox 1128 914 1225 949; x_wconf 80' lang='grc' dir='ltr'>ἀνδρὸς</span> <span class='ocrx_word' id='word_1_541' title='bbox 1242 913 1277 940; x_wconf 65' lang='grc' dir='ltr'><strong>’τὰ</strong></span> <span class='ocrx_word' id='word_1_542' title='bbox 1293 913 1436 947; x_wconf 80' lang='grc' dir='ltr'>σπλάγχνα</span> <span class='ocrx_word' id='word_1_543' title='bbox 1450 912 1501 938; x_wconf 78' lang='grc' dir='ltr'><strong>ὑπὸ</strong></span> <span class='ocrx_word' id='word_1_544' title='bbox 1516 913 1570 939; x_wconf 81' lang='grc' dir='ltr'>τῶν</span> <span class='ocrx_word' id='word_1_545' title='bbox 1587 912 1760 944; x_wconf 79' lang='grc' dir='ltr'>ἀναζεουσῶν</span> <span class='ocrx_word' id='word_1_546' title='bbox 1774 913 1839 947; x_wconf 71' lang='grc' dir='ltr'>φλυ-</span> 
     </span>
    </p>
   </div>
   <div class='ocr_carea' id='block_1_80' title="bbox 1046 957 1839 995">
    <p class='ocr_par' dir='ltr' id='par_1_80' title="bbox 1046 957 1839 995">
     <span class='ocr_line' id='line_1_80' title="bbox 1046 957 1839 995; baseline -0.004 -8"><span class='ocrx_word' id='word_1_547' title='bbox 1046 961 1157 992; x_wconf 79' lang='grc' dir='ltr'>κτίδων,</span> <span class='ocrx_word' id='word_1_548' title='bbox 1175 960 1270 995; x_wconf 78' lang='grc' dir='ltr'>ὥσπερ</span> <span class='ocrx_word' id='word_1_549' title='bbox 1285 959 1337 985; x_wconf 74' lang='grc' dir='ltr'><strong>ὑπὸ</strong></span> <span class='ocrx_word' id='word_1_550' title='bbox 1351 959 1496 994; x_wconf 72' lang='grc' dir='ltr'>ἀνθράκων</span> <span class='ocrx_word' id='word_1_551' title='bbox 1515 957 1739 993; x_wconf 78' lang='grc' dir='ltr'>σπινθηροϐὁλων</span> <span class='ocrx_word' id='word_1_552' title='bbox 1764 958 1839 985; x_wconf 83' lang='grc' dir='ltr'>καιό-</span> 
     </span>
    </p>
   </div>
   <div class='ocr_carea' id='block_1_81' title="bbox 1048 1003 1838 1041">
    <p class='ocr_par' dir='ltr' id='par_1_81' title="bbox 1048 1003 1838 1041">
     <span class='ocr_line' id='line_1_81' title="bbox 1048 1003 1838 1041; baseline -0.004 -8"><span class='ocrx_word' id='word_1_553' title='bbox 1048 1015 1128 1041; x_wconf 83' lang='grc' dir='ltr'>μενα,</span> <span class='ocrx_word' id='word_1_554' title='bbox 1140 1006 1187 1032; x_wconf 65' lang='grc' dir='ltr'>καὶ</span> <span class='ocrx_word' id='word_1_555' title='bbox 1198 1005 1262 1036; x_wconf 78' lang='grc' dir='ltr'>ὅλας</span> <span class='ocrx_word' id='word_1_556' title='bbox 1277 1005 1325 1036; x_wconf 78' lang='grc' dir='ltr'>τὰς</span> <span class='ocrx_word' id='word_1_557' title='bbox 1339 1004 1443 1040; x_wconf 76' lang='grc' dir='ltr'>σάρκας</span> <span class='ocrx_word' id='word_1_558' title='bbox 1454 1004 1536 1030; x_wconf 75' lang='grc' dir='ltr'>αὑτοῦ</span> <span class='ocrx_word' id='word_1_559' title='bbox 1550 1005 1606 1035; x_wconf 91' lang='grc' dir='ltr'>τοῖς</span> <span class='ocrx_word' id='word_1_560' title='bbox 1617 1003 1738 1039; x_wconf 83' lang='grc' dir='ltr'>σκώληξι</span> <span class='ocrx_word' id='word_1_561' title='bbox 1749 1012 1838 1031; x_wconf 86' lang='grc' dir='ltr'>συνει-</span> 
     </span>
    </p>
   </div>
   <div class='ocr_carea' id='block_1_82' title="bbox 1046 1047 1838 1085">
    <p class='ocr_par' dir='ltr' id='par_1_82' title="bbox 1046 1047 1838 1085">
     <span class='ocr_line' id='line_1_82' title="bbox 1046 1047 1838 1085; baseline -0.001 -9"><span class='ocrx_word' id='word_1_562' title='bbox 1046 1050 1199 1085; x_wconf 75' lang='grc' dir='ltr'>λημμένας.</span> <span class='ocrx_word' id='word_1_563' title='bbox 1215 1050 1251 1076; x_wconf 77' lang='grc' dir='ltr'>Οὐ</span> <span class='ocrx_word' id='word_1_564' title='bbox 1271 1049 1453 1084; x_wconf 68' lang='grc' dir='ltr'>κατεκάμφοη</span> <span class='ocrx_word' id='word_1_565' title='bbox 1467 1050 1535 1084; x_wconf 69' lang='grc' dir='ltr'>πρὸς</span> <span class='ocrx_word' id='word_1_566' title='bbox 1548 1047 1640 1076; x_wconf 75' lang='grc' dir='ltr'>οἶκτον</span> <span class='ocrx_word' id='word_1_567' title='bbox 1654 1070 1661 1082; x_wconf 88' lang='grc'>,</span> <span class='ocrx_word' id='word_1_568' title='bbox 1679 1049 1771 1076; x_wconf 76' lang='grc' dir='ltr'>[δοῦσα</span> <span class='ocrx_word' id='word_1_569' title='bbox 1788 1050 1838 1076; x_wconf 76' lang='grc' dir='ltr'><strong>αὑ-</strong></span> 
     </span>
    </p>
   </div>
   <div class='ocr_carea' id='block_1_83' title="bbox 1046 1094 1838 1129">
    <p class='ocr_par' dir='ltr' id='par_1_83' title="bbox 1046 1094 1838 1129">
     <span class='ocr_line' id='line_1_83' title="bbox 1046 1094 1838 1129; baseline -0.001 -7"><span class='ocrx_word' id='word_1_570' title='bbox 1046 1096 1103 1128; x_wconf 80' lang='grc' dir='ltr'>τὸν,</span> <span class='ocrx_word' id='word_1_571' title='bbox 1124 1095 1185 1122; x_wconf 78' lang='grc' dir='ltr'>ὅλον</span> <span class='ocrx_word' id='word_1_572' title='bbox 1204 1095 1238 1122; x_wconf 85' lang='grc' dir='ltr'><strong>δι’</strong></span> <span class='ocrx_word' id='word_1_573' title='bbox 1262 1095 1324 1121; x_wconf 79' lang='grc' dir='ltr'>ὅλου</span> <span class='ocrx_word' id='word_1_574' title='bbox 1341 1094 1516 1129; x_wconf 70' lang='grc' dir='ltr'>ἑλισσόμενον</span> <span class='ocrx_word' id='word_1_575' title='bbox 1536 1094 1583 1121; x_wconf 79' lang='grc' dir='ltr'><strong>καὶ</strong></span> <span class='ocrx_word' id='word_1_576' title='bbox 1608 1094 1748 1129; x_wconf 82' lang='grc' dir='ltr'>κάμνοντα</span> <span class='ocrx_word' id='word_1_577' title='bbox 1761 1115 1767 1126; x_wconf 85' lang='grc'>,</span> <span class='ocrx_word' id='word_1_578' title='bbox 1791 1094 1838 1121; x_wconf 75' lang='grc' dir='ltr'>καὶ</span> 
     </span>
    </p>
   </div>
   <div class='ocr_carea' id='block_1_84' title="bbox 1047 1140 1838 1177">
    <p class='ocr_par' dir='ltr' id='par_1_84' title="bbox 1047 1140 1838 1177">
     <span class='ocr_line' id='line_1_84' title="bbox 1047 1140 1838 1177; baseline -0.004 -8"><span class='ocrx_word' id='word_1_579' title='bbox 1047 1142 1220 1177; x_wconf 81' lang='grc' dir='ltr'>ἀγωνιῶντα,</span> <span class='ocrx_word' id='word_1_580' title='bbox 1242 1142 1289 1168; x_wconf 72' lang='grc' dir='ltr'>καὶ</span> <span class='ocrx_word' id='word_1_581' title='bbox 1306 1141 1404 1176; x_wconf 84' lang='grc' dir='ltr'>συνεχῆ</span> <span class='ocrx_word' id='word_1_582' title='bbox 1431 1140 1559 1176; x_wconf 80' lang='grc' dir='ltr'><strong>ἄσθματα</strong></span> <span class='ocrx_word' id='word_1_583' title='bbox 1580 1141 1611 1167; x_wconf 75' lang='grc' dir='ltr'><strong>ἐκ</strong></span> <span class='ocrx_word' id='word_1_584' title='bbox 1634 1140 1755 1174; x_wconf 77' lang='grc' dir='ltr'>λαγόνων</span> <span class='ocrx_word' id='word_1_585' title='bbox 1772 1140 1838 1176; x_wconf 66' lang='grc' dir='ltr'>μετὰ</span> 
     </span>
    </p>
   </div>
   <div class='ocr_carea' id='block_1_85' title="bbox 1047 1187 1838 1225">
    <p class='ocr_par' dir='ltr' id='par_1_85' title="bbox 1047 1187 1838 1225">
     <span class='ocr_line' id='line_1_85' title="bbox 1047 1187 1838 1225; baseline -0.005 -9"><span class='ocrx_word' id='word_1_586' title='bbox 1047 1190 1129 1216; x_wconf 76' lang='grc' dir='ltr'>πόνου</span> <span class='ocrx_word' id='word_1_587' title='bbox 1152 1189 1279 1225; x_wconf 82' lang='grc' dir='ltr'><strong>κεχηνότι</strong></span> <span class='ocrx_word' id='word_1_588' title='bbox 1294 1188 1333 1223; x_wconf 82' lang='grc' dir='ltr'><strong>τῷ</strong></span> <span class='ocrx_word' id='word_1_589' title='bbox 1351 1188 1465 1223; x_wconf 82' lang='grc' dir='ltr'>στόματι</span> <span class='ocrx_word' id='word_1_590' title='bbox 1481 1187 1608 1222; x_wconf 76' lang='grc' dir='ltr'>φέροντα.</span> <span class='ocrx_word' id='word_1_591' title='bbox 1624 1188 1681 1214; x_wconf 85' lang='grc' dir='ltr'>Οὐκ</span> <span class='ocrx_word' id='word_1_592' title='bbox 1696 1187 1838 1222; x_wconf 81' lang='grc' dir='ltr'>ἑμειλίχθη</span> 
     </span>
    </p>
   </div>
   <div class='ocr_carea' id='block_1_86' title="bbox 1047 1233 1837 1271">
    <p class='ocr_par' dir='ltr' id='par_1_86' title="bbox 1047 1233 1837 1271">
     <span class='ocr_line' id='line_1_86' title="bbox 1047 1233 1837 1271; baseline -0.004 -9"><span class='ocrx_word' id='word_1_593' title='bbox 1047 1236 1116 1271; x_wconf 77' lang='grc' dir='ltr'>πρὸς</span> <span class='ocrx_word' id='word_1_594' title='bbox 1140 1235 1354 1270; x_wconf 68' lang='grc' dir='ltr'>εὐσπλαγχνίαν,</span> <span class='ocrx_word' id='word_1_595' title='bbox 1383 1234 1477 1270; x_wconf 79' lang='grc' dir='ltr'>ὁρῶσα</span> <span class='ocrx_word' id='word_1_596' title='bbox 1509 1234 1554 1261; x_wconf 70' lang='grc' dir='ltr'>τόν</span> <span class='ocrx_word' id='word_1_597' title='bbox 1572 1241 1636 1260; x_wconf 83' lang='grc' dir='ltr'>ποτε</span> <span class='ocrx_word' id='word_1_598' title='bbox 1656 1233 1685 1260; x_wconf 78' lang='grc' dir='ltr'><strong>ἐν</strong></span> <span class='ocrx_word' id='word_1_599' title='bbox 1712 1233 1837 1268; x_wconf 84' lang='grc' dir='ltr'><strong>βασιλικῇ</strong></span> 
     </span>
    </p>
   </div>
   <div class='ocr_carea' id='block_1_87' title="bbox 1048 1279 1839 1317">
    <p class='ocr_par' dir='ltr' id='par_1_87' title="bbox 1048 1279 1839 1317">
     <span class='ocr_line' id='line_1_87' title="bbox 1048 1279 1839 1317; baseline -0.004 -9"><span class='ocrx_word' id='word_1_600' title='bbox 1048 1282 1206 1317; x_wconf 72' lang='grc' dir='ltr'><strong>πορφυρίδι,</strong></span> <span class='ocrx_word' id='word_1_601' title='bbox 1219 1281 1280 1308; x_wconf 85' lang='grc' dir='ltr'>τότε</span> <span class='ocrx_word' id='word_1_602' title='bbox 1297 1281 1344 1307; x_wconf 67' lang='grc' dir='ltr'><strong>ἐπὶ</strong></span> <span class='ocrx_word' id='word_1_603' title='bbox 1360 1280 1478 1315; x_wconf 80' lang='grc' dir='ltr'>κοπρίας</span> <span class='ocrx_word' id='word_1_604' title='bbox 1505 1280 1642 1315; x_wconf 81' lang='grc' dir='ltr'>κείμενον,</span> <span class='ocrx_word' id='word_1_605' title='bbox 1659 1279 1839 1314; x_wconf 74' lang='grc' dir='ltr'>γεγυμνωμέ-</span> 
     </span>
    </p>
   </div>
   <div class='ocr_carea' id='block_1_88' title="bbox 1047 1326 1839 1363">
    <p class='ocr_par' dir='ltr' id='par_1_88' title="bbox 1047 1326 1839 1363">
     <span class='ocr_line' id='line_1_88' title="bbox 1047 1326 1839 1363; baseline -0.005 -7"><span class='ocrx_word' id='word_1_606' title='bbox 1047 1338 1091 1356; x_wconf 91' lang='grc' dir='ltr'>νον</span> <span class='ocrx_word' id='word_1_607' title='bbox 1106 1328 1144 1363; x_wconf 86' lang='grc' dir='ltr'><strong>τῷ</strong></span> <span class='ocrx_word' id='word_1_608' title='bbox 1160 1327 1278 1363; x_wconf 81' lang='grc' dir='ltr'>σώματι.</span> <span class='ocrx_word' id='word_1_609' title='bbox 1295 1327 1350 1353; x_wconf 73' lang='grc' dir='ltr'><strong>Καὶ</strong></span> <span class='ocrx_word' id='word_1_610' title='bbox 1365 1327 1415 1353; x_wconf 84' lang='grc' dir='ltr'><strong>οὐκ</strong></span> <span class='ocrx_word' id='word_1_611' title='bbox 1435 1326 1624 1362; x_wconf 80' lang='grc' dir='ltr'><strong>ἐμνημόνευσε</strong></span> <span class='ocrx_word' id='word_1_612' title='bbox 1639 1326 1690 1361; x_wconf 78' lang='grc' dir='ltr'>τῆς</span> <span class='ocrx_word' id='word_1_613' title='bbox 1704 1326 1771 1360; x_wconf 79' lang='grc' dir='ltr'>πρὸς</span> <span class='ocrx_word' id='word_1_614' title='bbox 1790 1326 1839 1352; x_wconf 73' lang='grc' dir='ltr'><strong>αὐ-</strong></span> 
     </span>
    </p>
   </div>
   <div class='ocr_carea' id='block_1_89' title="bbox 1047 1371 1841 1410">
    <p class='ocr_par' dir='ltr' id='par_1_89' title="bbox 1047 1371 1841 1410">
     <span class='ocr_line' id='line_1_89' title="bbox 1047 1371 1841 1410; baseline -0.004 -10"><span class='ocrx_word' id='word_1_615' title='bbox 1047 1374 1093 1401; x_wconf 69' lang='grc' dir='ltr'>τὸν</span> <span class='ocrx_word' id='word_1_616' title='bbox 1106 1374 1222 1410; x_wconf 71' lang='grc' dir='ltr'>ἀρχαίας</span> <span class='ocrx_word' id='word_1_617' title='bbox 1249 1372 1404 1408; x_wconf 79' lang='grc' dir='ltr'>συνηῧείας,</span> <span class='ocrx_word' id='word_1_618' title='bbox 1421 1373 1467 1398; x_wconf 77' lang='grc' dir='ltr'>καὶ</span> <span class='ocrx_word' id='word_1_619' title='bbox 1484 1371 1544 1398; x_wconf 74' lang='grc' dir='ltr'><strong>οὐδὲ</strong></span> <span class='ocrx_word' id='word_1_620' title='bbox 1560 1372 1610 1398; x_wconf 75' lang='grc' dir='ltr'>ὅσα</span> <span class='ocrx_word' id='word_1_621' title='bbox 1622 1371 1656 1397; x_wconf 85' lang='grc' dir='ltr'><strong>δι’</strong></span> <span class='ocrx_word' id='word_1_622' title='bbox 1673 1371 1755 1397; x_wconf 74' lang='grc' dir='ltr'>αὑτὸν</span> <span class='ocrx_word' id='word_1_623' title='bbox 1781 1371 1841 1397; x_wconf 78' lang='grc' dir='ltr'><strong>ὲπῐ-</strong></span> 
     </span>
    </p>
   </div>
   <div class='ocr_carea' id='block_1_90' title="bbox 1048 1416 1841 1454">
    <p class='ocr_par' dir='ltr' id='par_1_90' title="bbox 1048 1416 1841 1454">
     <span class='ocr_line' id='line_1_90' title="bbox 1048 1416 1841 1454; baseline -0.005 -7"><span class='ocrx_word' id='word_1_624' title='bbox 1048 1420 1110 1453; x_wconf 78' lang='grc' dir='ltr'><strong>δοξα</strong></span> <span class='ocrx_word' id='word_1_625' title='bbox 1124 1420 1195 1446; x_wconf 76' lang='grc' dir='ltr'>καλὰ</span> <span class='ocrx_word' id='word_1_626' title='bbox 1213 1419 1338 1454; x_wconf 74' lang='grc' dir='ltr'><strong>ἤνθησεν.</strong></span> <span class='ocrx_word' id='word_1_627' title='bbox 1360 1418 1440 1445; x_wconf 79' lang='grc' dir='ltr'>’Λλλὰ</span> <span class='ocrx_word' id='word_1_628' title='bbox 1455 1419 1497 1450; x_wconf 85' lang='grc' dir='ltr'><strong>τί;</strong></span> <span class='ocrx_word' id='word_1_629' title='bbox 1518 1416 1614 1445; x_wconf 74' lang='grc' dir='ltr'><strong>Εἶπόν</strong></span> <span class='ocrx_word' id='word_1_630' title='bbox 1632 1426 1658 1443; x_wconf 79' lang='grc' dir='ltr'><strong>τι</strong></span> <span class='ocrx_word' id='word_1_631' title='bbox 1671 1417 1754 1451; x_wconf 72' lang='grc' dir='ltr'>ῥῆμα</span> <span class='ocrx_word' id='word_1_632' title='bbox 1766 1417 1841 1451; x_wconf 76' lang='grc' dir='ltr'><strong>πρὸς</strong></span> 
     </span>
    </p>
   </div>
   <div class='ocr_carea' id='block_1_91' title="bbox 1049 1461 1841 1500">
    <p class='ocr_par' dir='ltr' id='par_1_91' title="bbox 1049 1461 1841 1500">
     <span class='ocr_line' id='line_1_91' title="bbox 1049 1461 1841 1500; baseline -0.006 -7"><span class='ocrx_word' id='word_1_633' title='bbox 1049 1467 1168 1500; x_wconf 78' lang='grc' dir='ltr'><strong>Κύριον,</strong></span> <span class='ocrx_word' id='word_1_634' title='bbox 1182 1465 1231 1491; x_wconf 74' lang='grc' dir='ltr'><strong>καὶ</strong></span> <span class='ocrx_word' id='word_1_635' title='bbox 1245 1465 1380 1491; x_wconf 73' lang='grc' dir='ltr'>τελεύτα.</span> <span class='ocrx_word' id='word_1_636' title='bbox 1404 1461 1477 1498; x_wconf 74' lang='grc' dir='ltr'><strong>Ἀρά</strong></span> <span class='ocrx_word' id='word_1_637' title='bbox 1505 1463 1547 1489; x_wconf 84' lang='grc' dir='ltr'>σοί</span> <span class='ocrx_word' id='word_1_638' title='bbox 1570 1471 1635 1489; x_wconf 84' lang='grc' dir='ltr'>ποτε</span> <span class='ocrx_word' id='word_1_639' title='bbox 1659 1463 1841 1498; x_wconf 51' lang='lat' dir='ltr'><strong>apem-.on</strong></span> 
     </span>
    </p>
   </div>
   <div class='ocr_carea' id='block_1_92' title="bbox 1048 1507 1842 1544">
    <p class='ocr_par' dir='ltr' id='par_1_92' title="bbox 1048 1507 1842 1544">
     <span class='ocr_line' id='line_1_92' title="bbox 1048 1507 1842 1544; baseline -0.004 -7"><span class='ocrx_word' id='word_1_640' title='bbox 1048 1511 1169 1537; x_wconf 83' lang='grc' dir='ltr'>τοιοῦτον</span> <span class='ocrx_word' id='word_1_641' title='bbox 1188 1509 1357 1544; x_wconf 70' lang='grc' dir='ltr'>ἐφθέγξατο;</span> <span class='ocrx_word' id='word_1_642' title='bbox 1378 1509 1433 1535; x_wconf 75' lang='grc' dir='ltr'><strong>Καὶ</strong></span> <span class='ocrx_word' id='word_1_643' title='bbox 1447 1508 1507 1543; x_wconf 75' lang='grc' dir='ltr'>οὐχὶ</span> <span class='ocrx_word' id='word_1_644' title='bbox 1521 1509 1617 1543; x_wconf 76' lang='grc' dir='ltr'>εὐχαῖς</span> <span class='ocrx_word' id='word_1_645' title='bbox 1630 1507 1679 1543; x_wconf 85' lang='grc' dir='ltr'>τὴν</span> <span class='ocrx_word' id='word_1_646' title='bbox 1694 1508 1770 1535; x_wconf 79' lang='grc' dir='ltr'>νόσον</span> <span class='ocrx_word' id='word_1_647' title='bbox 1790 1508 1842 1534; x_wconf 83' lang='grc' dir='ltr'><strong>ἀπ-</strong></span> 
     </span>
    </p>
   </div>
   <div class='ocr_carea' id='block_1_93' title="bbox 1051 1553 1840 1592">
    <p class='ocr_par' dir='ltr' id='par_1_93' title="bbox 1051 1553 1840 1592">
     <span class='ocr_line' id='line_1_93' title="bbox 1051 1553 1840 1592; baseline -0.005 -9"><span class='ocrx_word' id='word_1_648' title='bbox 1051 1557 1185 1592; x_wconf 75' lang='grc' dir='ltr'>έσμηξενς</span> <span class='ocrx_word' id='word_1_649' title='bbox 1203 1556 1259 1582; x_wconf 87' lang='grc' dir='ltr'>Οὑκ</span> <span class='ocrx_word' id='word_1_650' title='bbox 1271 1556 1351 1591; x_wconf 78' lang='grc' dir='ltr'>ἢρκει</span> <span class='ocrx_word' id='word_1_651' title='bbox 1367 1554 1422 1590; x_wconf 76' lang='grc' dir='ltr'><strong>γὰρ</strong></span> <span class='ocrx_word' id='word_1_652' title='bbox 1442 1553 1516 1589; x_wconf 78' lang='grc' dir='ltr'>αὐτῷ</span> <span class='ocrx_word' id='word_1_653' title='bbox 1529 1555 1546 1589; x_wconf 85' lang='grc' dir='ltr'><strong>ἡ</strong></span> <span class='ocrx_word' id='word_1_654' title='bbox 1562 1553 1631 1589; x_wconf 71' lang='grc' dir='ltr'>πρὸς</span> <span class='ocrx_word' id='word_1_655' title='bbox 1644 1553 1740 1588; x_wconf 79' lang='grc' dir='ltr'>καιρὸν</span> <span class='ocrx_word' id='word_1_656' title='bbox 1750 1553 1840 1585; x_wconf 82' lang='grc' dir='ltr'>πενία,</span> 
     </span>
    </p>
   </div>
   <div class='ocr_carea' id='block_1_94' title="bbox 1051 1599 1842 1635">
    <p class='ocr_par' dir='ltr' id='par_1_94' title="bbox 1051 1599 1842 1635">
     <span class='ocr_line' id='line_1_94' title="bbox 1051 1599 1842 1635; baseline -0.005 -7"><span class='ocrx_word' id='word_1_657' title='bbox 1051 1601 1118 1629; x_wconf 78' lang='grc' dir='ltr'>ἀλλὰ</span> <span class='ocrx_word' id='word_1_658' title='bbox 1134 1602 1182 1628; x_wconf 72' lang='grc' dir='ltr'>καὶ</span> <span class='ocrx_word' id='word_1_659' title='bbox 1204 1600 1313 1628; x_wconf 79' lang='grc' dir='ltr'>αίὼνιον</span> <span class='ocrx_word' id='word_1_660' title='bbox 1328 1600 1404 1635; x_wconf 85' lang='grc' dir='ltr'><strong>αὐτῴ</strong></span> <span class='ocrx_word' id='word_1_661' title='bbox 1420 1599 1562 1635; x_wconf 78' lang='grc' dir='ltr'>προξενεῖς</span> <span class='ocrx_word' id='word_1_662' title='bbox 1586 1599 1631 1626; x_wconf 75' lang='grc' dir='ltr'><strong>διὰ</strong></span> <span class='ocrx_word' id='word_1_663' title='bbox 1650 1600 1699 1635; x_wconf 82' lang='grc' dir='ltr'>τῆς</span> <span class='ocrx_word' id='word_1_664' title='bbox 1719 1599 1842 1634; x_wconf 81' lang='grc' dir='ltr'><strong>βλασφη-</strong></span> 
     </span>
    </p>
   </div>
   <div class='ocr_carea' id='block_1_95' title="bbox 1053 1645 1842 1684">
    <p class='ocr_par' dir='ltr' id='par_1_95' title="bbox 1053 1645 1842 1684">
     <span class='ocr_line' id='line_1_95' title="bbox 1053 1645 1842 1684; baseline -0.005 -9"><span class='ocrx_word' id='word_1_665' title='bbox 1053 1649 1118 1684; x_wconf 85' lang='grc' dir='ltr'>μίας</span> <span class='ocrx_word' id='word_1_666' title='bbox 1129 1648 1179 1683; x_wconf 83' lang='grc' dir='ltr'><strong>τὴν</strong></span> <span class='ocrx_word' id='word_1_667' title='bbox 1195 1647 1326 1680; x_wconf 80' lang='grc' dir='ltr'>κόλασιν;</span> <span class='ocrx_word' id='word_1_668' title='bbox 1343 1647 1377 1673; x_wconf 88' lang='lat' dir='ltr'><strong>&quot;H</strong></span> <span class='ocrx_word' id='word_1_669' title='bbox 1392 1647 1442 1673; x_wconf 72' lang='grc' dir='ltr'><strong>οὐκ</strong></span> <span class='ocrx_word' id='word_1_670' title='bbox 1463 1645 1550 1677; x_wconf 80' lang='grc' dir='ltr'>οἶδας,</span> <span class='ocrx_word' id='word_1_671' title='bbox 1569 1646 1609 1672; x_wconf 81' lang='grc' dir='ltr'>ὃτι</span> <span class='ocrx_word' id='word_1_672' title='bbox 1626 1646 1702 1672; x_wconf 82' lang='grc' dir='ltr'>πᾶσα</span> <span class='ocrx_word' id='word_1_673' title='bbox 1719 1645 1842 1680; x_wconf 81' lang='grc' dir='ltr'>ἁμαρτία</span> 
     </span>
    </p>
   </div>
   <div class='ocr_carea' id='block_1_96' title="bbox 1050 1691 1844 1729">
    <p class='ocr_par' dir='ltr' id='par_1_96' title="bbox 1050 1691 1844 1729">
     <span class='ocr_line' id='line_1_96' title="bbox 1050 1691 1844 1729; baseline -0.006 -7"><span class='ocrx_word' id='word_1_674' title='bbox 1050 1695 1220 1729; x_wconf 77' lang='grc' dir='ltr'>ἀφεθήσεται</span> <span class='ocrx_word' id='word_1_675' title='bbox 1232 1695 1289 1725; x_wconf 86' lang='grc' dir='ltr'>τοῖς</span> <span class='ocrx_word' id='word_1_676' title='bbox 1304 1693 1498 1728; x_wconf 73' lang='grc' dir='ltr'>ἀνθρώποις,ἡ</span> <span class='ocrx_word' id='word_1_677' title='bbox 1513 1692 1542 1719; x_wconf 76' lang='grc' dir='ltr'><strong>δὲ</strong></span> <span class='ocrx_word' id='word_1_678' title='bbox 1564 1691 1635 1718; x_wconf 83' lang='grc' dir='ltr'>κατὰ</span> <span class='ocrx_word' id='word_1_679' title='bbox 1653 1691 1702 1718; x_wconf 83' lang='grc' dir='ltr'>τοῦ</span> <span class='ocrx_word' id='word_1_680' title='bbox 1718 1691 1844 1726; x_wconf 83' lang='grc' dir='ltr'>Πνεύμα-</span> 
     </span>
    </p>
   </div>
   <div class='ocr_carea' id='block_1_97' title="bbox 1051 1725 1862 1776">
    <p class='ocr_par' dir='ltr' id='par_1_97' title="bbox 1051 1725 1862 1776">
     <span class='ocr_line' id='line_1_97' title="bbox 1051 1725 1862 1776; baseline -0.006 -8"><span class='ocrx_word' id='word_1_681' title='bbox 1051 1751 1097 1774; x_wconf 85' lang='grc' dir='ltr'>τος</span> <span class='ocrx_word' id='word_1_682' title='bbox 1110 1725 1270 1776; x_wconf 74' lang='grc' dir='ltr'>βλασφημία</span> <span class='ocrx_word' id='word_1_683' title='bbox 1294 1740 1343 1766; x_wconf 74' lang='grc' dir='ltr'>οὐκ</span> <span class='ocrx_word' id='word_1_684' title='bbox 1357 1725 1545 1774; x_wconf 43' lang='grc' dir='ltr'>’ἀφεθήσεταῃ</span> <span class='ocrx_word' id='word_1_685' title='bbox 1575 1738 1637 1765; x_wconf 77' lang='grc' dir='ltr'>οὗτε</span> <span class='ocrx_word' id='word_1_686' title='bbox 1653 1738 1682 1764; x_wconf 81' lang='grc' dir='ltr'>ὲν</span> <span class='ocrx_word' id='word_1_687' title='bbox 1706 1737 1745 1773; x_wconf 86' lang='grc' dir='ltr'><strong>τῷ</strong></span> <span class='ocrx_word' id='word_1_688' title='bbox 1763 1725 1840 1763; x_wconf 74' lang='grc' dir='ltr'>αἰῶνι</span> <span class='ocrx_word' id='word_1_689' title='bbox 1854 1725 1862 1729; x_wconf 27' lang='grc' dir='ltr'><strong>ί</strong></span> 
     </span>
    </p>
   </div>
   <div class='ocr_carea' id='block_1_98' title="bbox 1051 1782 1843 1822">
    <p class='ocr_par' dir='ltr' id='par_1_98' title="bbox 1051 1782 1843 1822">
     <span class='ocr_line' id='line_1_98' title="bbox 1051 1782 1843 1822; baseline -0.008 -9"><span class='ocrx_word' id='word_1_690' title='bbox 1051 1788 1147 1822; x_wconf 83' lang='grc' dir='ltr'>τούτῳ,</span> <span class='ocrx_word' id='word_1_691' title='bbox 1162 1786 1223 1813; x_wconf 74' lang='grc' dir='ltr'>οὔτε</span> <span class='ocrx_word' id='word_1_692' title='bbox 1239 1786 1268 1811; x_wconf 79' lang='grc' dir='ltr'><strong>ἐν</strong></span> <span class='ocrx_word' id='word_1_693' title='bbox 1284 1785 1323 1820; x_wconf 80' lang='grc' dir='ltr'>τῷ</span> <span class='ocrx_word' id='word_1_694' title='bbox 1337 1784 1478 1820; x_wconf 81' lang='grc' dir='ltr'>μέλλοντι;</span> <span class='ocrx_word' id='word_1_695' title='bbox 1499 1783 1594 1815; x_wconf 78' lang='grc' dir='ltr'>Θέλεις</span> <span class='ocrx_word' id='word_1_696' title='bbox 1615 1783 1679 1809; x_wconf 83' lang='grc' dir='ltr'>ίδεῖν</span> <span class='ocrx_word' id='word_1_697' title='bbox 1699 1783 1745 1809; x_wconf 74' lang='grc' dir='ltr'>καὶ</span> <span class='ocrx_word' id='word_1_698' title='bbox 1760 1782 1843 1817; x_wconf 84' lang='grc' dir='ltr'>ἄλλην</span> 
     </span>
    </p>
   </div>
   <div class='ocr_carea' id='block_1_99' title="bbox 1051 1826 1842 1867">
    <p class='ocr_par' dir='ltr' id='par_1_99' title="bbox 1051 1826 1842 1867">
     <span class='ocr_line' id='line_1_99' title="bbox 1051 1826 1842 1867; baseline -0.009 -8"><span class='ocrx_word' id='word_1_699' title='bbox 1051 1833 1100 1867; x_wconf 80' lang='grc' dir='ltr'>τῆς</span> <span class='ocrx_word' id='word_1_700' title='bbox 1117 1831 1249 1866; x_wconf 77' lang='grc' dir='ltr'><strong>πονηρίας</strong></span> <span class='ocrx_word' id='word_1_701' title='bbox 1265 1829 1368 1865; x_wconf 80' lang='grc' dir='ltr'>ταύτης</span> <span class='ocrx_word' id='word_1_702' title='bbox 1379 1828 1513 1864; x_wconf 79' lang='grc' dir='ltr'>ὁμόζυγον</span> <span class='ocrx_word' id='word_1_703' title='bbox 1526 1837 1532 1860; x_wconf 84' lang='grc'><strong>;</strong></span> <span class='ocrx_word' id='word_1_704' title='bbox 1552 1828 1590 1854; x_wconf 77' lang='grc' dir='ltr'><strong>ἴδε</strong></span> <span class='ocrx_word' id='word_1_705' title='bbox 1614 1835 1658 1863; x_wconf 82' lang='grc' dir='ltr'><strong>μοι</strong></span> <span class='ocrx_word' id='word_1_706' title='bbox 1670 1827 1717 1853; x_wconf 79' lang='grc' dir='ltr'>καὶ</span> <span class='ocrx_word' id='word_1_707' title='bbox 1728 1826 1777 1861; x_wconf 84' lang='grc' dir='ltr'>τὴν</span> <span class='ocrx_word' id='word_1_708' title='bbox 1790 1828 1842 1853; x_wconf 82' lang='grc' dir='ltr'><strong>Δα-</strong></span> 
     </span>
    </p>
   </div>
   <div class='ocr_carea' id='block_1_100' title="bbox 1052 1873 1843 1912">
    <p class='ocr_par' dir='ltr' id='par_1_100' title="bbox 1052 1873 1843 1912">
     <span class='ocr_line' id='line_1_100' title="bbox 1052 1873 1843 1912; baseline -0.008 -7"><span class='ocrx_word' id='word_1_709' title='bbox 1052 1879 1138 1906; x_wconf 78' lang='grc' dir='ltr'>λιδάν.</span> <span class='ocrx_word' id='word_1_710' title='bbox 1162 1878 1217 1904; x_wconf 74' lang='grc' dir='ltr'><strong>Καὶ</strong></span> <span class='ocrx_word' id='word_1_711' title='bbox 1236 1876 1291 1912; x_wconf 76' lang='grc' dir='ltr'>γὰρ</span> <span class='ocrx_word' id='word_1_712' title='bbox 1312 1876 1405 1911; x_wconf 77' lang='grc' dir='ltr'>ἐκείνη</span> <span class='ocrx_word' id='word_1_713' title='bbox 1420 1875 1467 1901; x_wconf 78' lang='grc' dir='ltr'><strong>τὸν</strong></span> <span class='ocrx_word' id='word_1_714' title='bbox 1482 1873 1602 1910; x_wconf 77' lang='grc' dir='ltr'>Σαμψὼν</span> <span class='ocrx_word' id='word_1_715' title='bbox 1623 1873 1670 1900; x_wconf 76' lang='grc' dir='ltr'>τὸν</span> <span class='ocrx_word' id='word_1_716' title='bbox 1688 1873 1843 1908; x_wconf 83' lang='grc' dir='ltr'><strong>ἀνδρειότα-</strong></span> 
     </span>
    </p>
   </div>
   <div class='ocr_carea' id='block_1_101' title="bbox 1052 1919 1843 1959">
    <p class='ocr_par' dir='ltr' id='par_1_101' title="bbox 1052 1919 1843 1959">
     <span class='ocr_line' id='line_1_101' title="bbox 1052 1919 1843 1959; baseline -0.008 -8"><span class='ocrx_word' id='word_1_717' title='bbox 1052 1934 1096 1951; x_wconf 81' lang='grc' dir='ltr'>τον</span> <span class='ocrx_word' id='word_1_718' title='bbox 1110 1924 1194 1959; x_wconf 79' lang='grc' dir='ltr'>ἄνδρα</span> <span class='ocrx_word' id='word_1_719' title='bbox 1207 1923 1357 1958; x_wconf 75' lang='grc' dir='ltr'>ξυρήσασα,</span> <span class='ocrx_word' id='word_1_720' title='bbox 1370 1923 1426 1953; x_wconf 74' lang='grc' dir='ltr'>τοῖς</span> <span class='ocrx_word' id='word_1_721' title='bbox 1444 1920 1605 1955; x_wconf 69' lang='grc' dir='ltr'>ἀλλοφύλοις</span> <span class='ocrx_word' id='word_1_722' title='bbox 1629 1919 1782 1954; x_wconf 79' lang='grc' dir='ltr'>παρέδωκε,</span> <span class='ocrx_word' id='word_1_723' title='bbox 1798 1919 1843 1945; x_wconf 61' lang='grc' dir='ltr'><strong>τὴν</strong></span> 
     </span>
    </p>
   </div>
   <div class='ocr_carea' id='block_1_102' title="bbox 1053 1964 1842 2005">
    <p class='ocr_par' dir='ltr' id='par_1_102' title="bbox 1053 1964 1842 2005">
     <span class='ocr_line' id='line_1_102' title="bbox 1053 1964 1842 2005; baseline -0.008 -8"><span class='ocrx_word' id='word_1_724' title='bbox 1053 1972 1117 1997; x_wconf 78' lang='grc' dir='ltr'>ἴδιον</span> <span class='ocrx_word' id='word_1_725' title='bbox 1134 1970 1228 2005; x_wconf 78' lang='grc' dir='ltr'><strong>ἄνδρα,</strong></span> <span class='ocrx_word' id='word_1_726' title='bbox 1244 1970 1291 1996; x_wconf 78' lang='grc' dir='ltr'><strong>τὸν</strong></span> <span class='ocrx_word' id='word_1_727' title='bbox 1306 1968 1372 1995; x_wconf 75' lang='grc' dir='ltr'>ἴδιον</span> <span class='ocrx_word' id='word_1_728' title='bbox 1393 1967 1530 1999; x_wconf 71' lang='grc' dir='ltr'>σύνευνον,</span> <span class='ocrx_word' id='word_1_729' title='bbox 1544 1966 1573 1992; x_wconf 79' lang='grc' dir='ltr'><strong>ὃν</strong></span> <span class='ocrx_word' id='word_1_730' title='bbox 1589 1965 1717 1998; x_wconf 75' lang='grc' dir='ltr'>ἕθαλπεν,</span> <span class='ocrx_word' id='word_1_731' title='bbox 1730 1965 1758 1992; x_wconf 68' lang='grc' dir='ltr'><strong>ὃν</strong></span> <span class='ocrx_word' id='word_1_732' title='bbox 1773 1964 1842 1992; x_wconf 85' lang='grc' dir='ltr'><strong>ἐοώ-</strong></span> 
     </span>
    </p>
   </div>
   <div class='ocr_carea' id='block_1_103' title="bbox 1052 2012 1842 2050">
    <p class='ocr_par' dir='ltr' id='par_1_103' title="bbox 1052 2012 1842 2050">
     <span class='ocr_line' id='line_1_103' title="bbox 1052 2012 1842 2050; baseline -0.008 -6"><span class='ocrx_word' id='word_1_733' title='bbox 1052 2026 1146 2050; x_wconf 80' lang='grc' dir='ltr'>πευεν,</span> <span class='ocrx_word' id='word_1_734' title='bbox 1161 2016 1190 2043; x_wconf 77' lang='grc' dir='ltr'>ὃν</span> <span class='ocrx_word' id='word_1_735' title='bbox 1208 2015 1381 2048; x_wconf 74' lang='grc' dir='ltr'>ἐκολάκευεν,</span> <span class='ocrx_word' id='word_1_736' title='bbox 1393 2014 1422 2041; x_wconf 83' lang='grc' dir='ltr'><strong>ὅν</strong></span> <span class='ocrx_word' id='word_1_737' title='bbox 1438 2014 1509 2049; x_wconf 80' lang='grc' dir='ltr'>ὑπὲρ</span> <span class='ocrx_word' id='word_1_738' title='bbox 1533 2013 1633 2048; x_wconf 80' lang='grc' dir='ltr'>ἑαυτὴν</span> <span class='ocrx_word' id='word_1_739' title='bbox 1654 2013 1765 2048; x_wconf 72' lang='grc' dir='ltr'>ἀγαπᾷν</span> <span class='ocrx_word' id='word_1_740' title='bbox 1791 2012 1842 2038; x_wconf 80' lang='grc' dir='ltr'><strong>ὐπ-</strong></span> 
     </span>
    </p>
   </div>
   <div class='ocr_carea' id='block_1_104' title="bbox 1053 2058 1841 2099">
    <p class='ocr_par' dir='ltr' id='par_1_104' title="bbox 1053 2058 1841 2099">
     <span class='ocr_line' id='line_1_104' title="bbox 1053 2058 1841 2099; baseline -0.008 -9"><span class='ocrx_word' id='word_1_741' title='bbox 1053 2064 1180 2099; x_wconf 78' lang='grc' dir='ltr'>ικρίνατο</span> <span class='ocrx_word' id='word_1_742' title='bbox 1192 2071 1199 2079; x_wconf 81' lang='grc' dir='ltr'><strong>ο</strong></span> <span class='ocrx_word' id='word_1_743' title='bbox 1216 2062 1245 2088; x_wconf 73' lang='grc' dir='ltr'>ὃν</span> <span class='ocrx_word' id='word_1_744' title='bbox 1263 2061 1327 2096; x_wconf 73' lang='grc' dir='ltr'>χθὲς</span> <span class='ocrx_word' id='word_1_745' title='bbox 1343 2060 1450 2096; x_wconf 81' lang='grc' dir='ltr'>ἠγάπα,</span> <span class='ocrx_word' id='word_1_746' title='bbox 1470 2060 1592 2095; x_wconf 76' lang='grc' dir='ltr'><strong>σήμερον</strong></span> <span class='ocrx_word' id='word_1_747' title='bbox 1611 2059 1720 2094; x_wconf 73' lang='grc' dir='ltr'><strong>ἠπάτα·</strong></span> <span class='ocrx_word' id='word_1_748' title='bbox 1738 2058 1767 2085; x_wconf 79' lang='grc' dir='ltr'><strong>ὃν</strong></span> <span class='ocrx_word' id='word_1_749' title='bbox 1779 2058 1841 2093; x_wconf 74' lang='grc' dir='ltr'>χθὲς</span> 
     </span>
    </p>
   </div>
   <div class='ocr_carea' id='block_1_105' title="bbox 1053 2104 1841 2142">
    <p class='ocr_par' dir='ltr' id='par_1_105' title="bbox 1053 2104 1841 2142">
     <span class='ocr_line' id='line_1_105' title="bbox 1053 2104 1841 2142; baseline -0.009 -5"><span class='ocrx_word' id='word_1_750' title='bbox 1053 2110 1169 2137; x_wconf 80' lang='grc' dir='ltr'>ἕθαλπεν</span> <span class='ocrx_word' id='word_1_751' title='bbox 1186 2107 1332 2142; x_wconf 81' lang='grc' dir='ltr'>ἀγαπῶσα,</span> <span class='ocrx_word' id='word_1_752' title='bbox 1354 2107 1474 2141; x_wconf 83' lang='grc' dir='ltr'><strong>σήμερον</strong></span> <span class='ocrx_word' id='word_1_753' title='bbox 1488 2105 1607 2131; x_wconf 69' lang='grc' dir='ltr'>ἔθαπτεν</span> <span class='ocrx_word' id='word_1_754' title='bbox 1624 2104 1766 2131; x_wconf 81' lang='grc' dir='ltr'><strong>ἅπατῶσα.</strong></span> <span class='ocrx_word' id='word_1_755' title='bbox 1787 2104 1841 2130; x_wconf 82' lang='grc' dir='ltr'><strong>Καὶ</strong></span> 
     </span>
    </p>
   </div>
   <div class='ocr_carea' id='block_1_106' title="bbox 1055 2150 1850 2192">
    <p class='ocr_par' dir='ltr' id='par_1_106' title="bbox 1055 2150 1850 2192">
     <span class='ocr_line' id='line_1_106' title="bbox 1055 2150 1850 2192; baseline -0.008 -10"><span class='ocrx_word' id='word_1_756' title='bbox 1055 2156 1108 2192; x_wconf 82' lang='grc' dir='ltr'><strong>μὴν</strong></span> <span class='ocrx_word' id='word_1_757' title='bbox 1132 2156 1182 2181; x_wconf 71' lang='grc' dir='ltr'><strong>οὐκ</strong></span> <span class='ocrx_word' id='word_1_758' title='bbox 1206 2153 1240 2190; x_wconf 74' lang='grc' dir='ltr'>ἦν</span> <span class='ocrx_word' id='word_1_759' title='bbox 1253 2154 1355 2189; x_wconf 81' lang='grc' dir='ltr'>ὡραῖος</span> <span class='ocrx_word' id='word_1_760' title='bbox 1367 2161 1374 2186; x_wconf 86' lang='grc'>;</span> <span class='ocrx_word' id='word_1_761' title='bbox 1397 2152 1445 2179; x_wconf 73' lang='grc' dir='ltr'>καὶ</span> <span class='ocrx_word' id='word_1_762' title='bbox 1454 2152 1496 2184; x_wconf 81' lang='grc' dir='ltr'>τίς</span> <span class='ocrx_word' id='word_1_763' title='bbox 1509 2150 1591 2178; x_wconf 80' lang='grc' dir='ltr'>αὑτοῦ</span> <span class='ocrx_word' id='word_1_764' title='bbox 1602 2151 1767 2186; x_wconf 82' lang='grc' dir='ltr'>ὼραιότερος</span> <span class='ocrx_word' id='word_1_765' title='bbox 1782 2154 1850 2177; x_wconf 77' lang='grc' dir='ltr'>κατ’</span> 
     </span>
    </p>
   </div>
   <div class='ocr_carea' id='block_1_107' title="bbox 1017 2197 1842 2238">
    <p class='ocr_par' dir='ltr' id='par_1_107' title="bbox 1017 2197 1842 2238">
     <span class='ocr_line' id='line_1_107' title="bbox 1017 2197 1842 2238; baseline -0.011 -7"><span class='ocrx_word' id='word_1_766' title='bbox 1017 2212 1038 2238; x_wconf 77' lang='grc' dir='ltr'><strong>ι)</strong></span> <span class='ocrx_word' id='word_1_767' title='bbox 1053 2205 1140 2230; x_wconf 82' lang='grc' dir='ltr'>ἐκεῖνο</span> <span class='ocrx_word' id='word_1_768' title='bbox 1154 2201 1272 2236; x_wconf 75' lang='grc' dir='ltr'>καιροῦ;</span> <span class='ocrx_word' id='word_1_769' title='bbox 1296 2201 1367 2228; x_wconf 78' lang='grc' dir='ltr'>ὥστε</span> <span class='ocrx_word' id='word_1_770' title='bbox 1385 2199 1455 2226; x_wconf 71' lang='grc' dir='ltr'><strong>ἑπτὰ</strong></span> <span class='ocrx_word' id='word_1_771' title='bbox 1475 2198 1643 2234; x_wconf 71' lang='grc' dir='ltr'>βοστρύχους</span> <span class='ocrx_word' id='word_1_772' title='bbox 1661 2198 1706 2223; x_wconf 72' lang='grc' dir='ltr'><strong>ἐπὶ</strong></span> <span class='ocrx_word' id='word_1_773' title='bbox 1724 2197 1842 2232; x_wconf 77' lang='grc' dir='ltr'>κεφαλῆς</span> 
     </span>
    </p>
   </div>
   <div class='ocr_carea' id='block_1_108' title="bbox 1051 2242 1841 2284">
    <p class='ocr_par' dir='ltr' id='par_1_108' title="bbox 1051 2242 1841 2284">
     <span class='ocr_line' id='line_1_108' title="bbox 1051 2242 1841 2284; baseline -0.006 -9"><span class='ocrx_word' id='word_1_774' title='bbox 1051 2249 1143 2284; x_wconf 70' lang='grc' dir='ltr'>ἔφερέ,</span> <span class='ocrx_word' id='word_1_775' title='bbox 1158 2248 1207 2282; x_wconf 80' lang='grc' dir='ltr'>τῆς</span> <span class='ocrx_word' id='word_1_776' title='bbox 1219 2245 1379 2280; x_wconf 72' lang='grc' dir='ltr'>ἑπταφώτου</span> <span class='ocrx_word' id='word_1_777' title='bbox 1392 2245 1503 2280; x_wconf 78' lang='grc' dir='ltr'>χάριτος</span> <span class='ocrx_word' id='word_1_778' title='bbox 1519 2244 1569 2280; x_wconf 86' lang='grc' dir='ltr'>τὴν</span> <span class='ocrx_word' id='word_1_779' title='bbox 1583 2244 1677 2270; x_wconf 75' lang='grc' dir='ltr'>εἰκόνα</span> <span class='ocrx_word' id='word_1_780' title='bbox 1691 2242 1841 2278; x_wconf 73' lang='grc' dir='ltr'><strong>βαστάζων.</strong></span> 
     </span>
    </p>
   </div>
   <div class='ocr_carea' id='block_1_109' title="bbox 1052 2289 1844 2330">
    <p class='ocr_par' dir='ltr' id='par_1_109' title="bbox 1052 2289 1844 2330">
     <span class='ocr_line' id='line_1_109' title="bbox 1052 2289 1844 2330; baseline -0.011 -7"><span class='ocrx_word' id='word_1_781' title='bbox 1052 2296 1098 2330; x_wconf 84' lang='grc' dir='ltr'>Μὴ</span> <span class='ocrx_word' id='word_1_782' title='bbox 1118 2295 1168 2321; x_wconf 77' lang='grc' dir='ltr'>οὐκ</span> <span class='ocrx_word' id='word_1_783' title='bbox 1180 2292 1214 2330; x_wconf 82' lang='grc' dir='ltr'><strong>ἦν</strong></span> <span class='ocrx_word' id='word_1_784' title='bbox 1227 2293 1364 2328; x_wconf 82' lang='grc' dir='ltr'><strong>ἀνδρεῖος;</strong></span> <span class='ocrx_word' id='word_1_785' title='bbox 1381 2291 1451 2318; x_wconf 84' lang='grc' dir='ltr'>ὥστε</span> <span class='ocrx_word' id='word_1_786' title='bbox 1472 2291 1518 2317; x_wconf 82' lang='grc' dir='ltr'>τὸν</span> <span class='ocrx_word' id='word_1_787' title='bbox 1535 2290 1633 2317; x_wconf 75' lang='grc' dir='ltr'>λέοντα</span> <span class='ocrx_word' id='word_1_788' title='bbox 1650 2289 1766 2324; x_wconf 69' lang='grc' dir='ltr'><strong>φοϐερὸν</strong></span> <span class='ocrx_word' id='word_1_789' title='bbox 1781 2289 1844 2315; x_wconf 79' lang='grc' dir='ltr'>ὄντα</span> 
     </span>
    </p>
   </div>
   <div class='ocr_carea' id='block_1_110' title="bbox 1052 2333 1844 2375">
    <p class='ocr_par' dir='ltr' id='par_1_110' title="bbox 1052 2333 1844 2375">
     <span class='ocr_line' id='line_1_110' title="bbox 1052 2333 1844 2375; baseline -0.009 -9"><span class='ocrx_word' id='word_1_790' title='bbox 1052 2342 1080 2366; x_wconf 79' lang='grc' dir='ltr'><strong>ὲν</strong></span> <span class='ocrx_word' id='word_1_791' title='bbox 1100 2341 1132 2375; x_wconf 82' lang='grc' dir='ltr'>τῇ</span> <span class='ocrx_word' id='word_1_792' title='bbox 1143 2338 1196 2374; x_wconf 82' lang='grc' dir='ltr'><strong>ὁδῷ</strong></span> <span class='ocrx_word' id='word_1_793' title='bbox 1214 2339 1292 2373; x_wconf 79' lang='grc' dir='ltr'>μόνος</span> <span class='ocrx_word' id='word_1_794' title='bbox 1322 2336 1483 2369; x_wconf 80' lang='grc' dir='ltr'>ἀπέπνιξεν,</span> <span class='ocrx_word' id='word_1_795' title='bbox 1504 2335 1551 2361; x_wconf 73' lang='grc' dir='ltr'><strong>καὶ</strong></span> <span class='ocrx_word' id='word_1_796' title='bbox 1581 2335 1630 2370; x_wconf 86' lang='grc' dir='ltr'><strong>μιᾷ</strong></span> <span class='ocrx_word' id='word_1_797' title='bbox 1651 2333 1757 2368; x_wconf 84' lang='grc' dir='ltr'><strong>σιαγόνι</strong></span> <span class='ocrx_word' id='word_1_798' title='bbox 1783 2333 1844 2359; x_wconf 73' lang='grc' dir='ltr'>ὖνου</span> 
     </span>
    </p>
   </div>
   <div class='ocr_carea' id='block_1_111' title="bbox 1054 2378 1845 2422">
    <p class='ocr_par' dir='ltr' id='par_1_111' title="bbox 1054 2378 1845 2422">
     <span class='ocr_line' id='line_1_111' title="bbox 1054 2378 1845 2422; baseline -0.01 -10"><span class='ocrx_word' id='word_1_799' title='bbox 1054 2386 1169 2422; x_wconf 80' lang='grc' dir='ltr'>μυρίους</span> <span class='ocrx_word' id='word_1_800' title='bbox 1189 2383 1357 2418; x_wconf 70' lang='grc' dir='ltr'>ἀλλοφύλους</span> <span class='ocrx_word' id='word_1_801' title='bbox 1373 2382 1574 2417; x_wconf 84' lang='grc' dir='ltr'>κατέστρωσεν.</span> <span class='ocrx_word' id='word_1_802' title='bbox 1598 2379 1680 2406; x_wconf 76' lang='grc' dir='ltr'>Ἀλλὰ</span> <span class='ocrx_word' id='word_1_803' title='bbox 1700 2379 1747 2406; x_wconf 73' lang='grc' dir='ltr'><strong>καὶ</strong></span> <span class='ocrx_word' id='word_1_804' title='bbox 1769 2378 1845 2413; x_wconf 70' lang='grc' dir='ltr'>ἅγιος</span> 
     </span>
    </p>
   </div>
   <div class='ocr_carea' id='block_1_112' title="bbox 1051 2422 1846 2465">
    <p class='ocr_par' dir='ltr' id='par_1_112' title="bbox 1051 2422 1846 2465">
     <span class='ocr_line' id='line_1_112' title="bbox 1051 2422 1846 2465; baseline -0.011 -8"><span class='ocrx_word' id='word_1_805' title='bbox 1051 2429 1095 2465; x_wconf 81' lang='grc' dir='ltr'><strong>ἦν.</strong></span> <span class='ocrx_word' id='word_1_806' title='bbox 1113 2429 1248 2456; x_wconf 76' lang='grc' dir='ltr'><strong>Τοσοῦτον</strong></span> <span class='ocrx_word' id='word_1_807' title='bbox 1266 2427 1319 2463; x_wconf 77' lang='grc' dir='ltr'>γὰρ</span> <span class='ocrx_word' id='word_1_808' title='bbox 1338 2426 1372 2462; x_wconf 81' lang='grc' dir='ltr'><strong>ἦν</strong></span> <span class='ocrx_word' id='word_1_809' title='bbox 1388 2426 1477 2461; x_wconf 76' lang='grc' dir='ltr'>ἆγιος,</span> <span class='ocrx_word' id='word_1_810' title='bbox 1489 2426 1527 2457; x_wconf 86' lang='grc' dir='ltr'>ὡς</span> <span class='ocrx_word' id='word_1_811' title='bbox 1550 2425 1703 2461; x_wconf 75' lang='grc' dir='ltr'>διψήσαντα</span> <span class='ocrx_word' id='word_1_812' title='bbox 1719 2422 1801 2450; x_wconf 79' lang='grc' dir='ltr'>αὐτὸν</span> <span class='ocrx_word' id='word_1_813' title='bbox 1817 2423 1846 2448; x_wconf 80' lang='grc' dir='ltr'>ἐν</span> 
     </span>
    </p>
   </div>
   <div class='ocr_carea' id='block_1_113' title="bbox 1054 2469 1846 2507">
    <p class='ocr_par' dir='ltr' id='par_1_113' title="bbox 1054 2469 1846 2507">
     <span class='ocr_line' id='line_1_113' title="bbox 1054 2469 1846 2507; baseline -0.013 -3"><span class='ocrx_word' id='word_1_814' title='bbox 1054 2477 1150 2504; x_wconf 72' lang='grc' dir='ltr'>σπάνει</span> <span class='ocrx_word' id='word_1_815' title='bbox 1166 2475 1264 2507; x_wconf 78' lang='grc' dir='ltr'>ὕδατος</span> <span class='ocrx_word' id='word_1_816' title='bbox 1278 2473 1419 2507; x_wconf 67' lang='grc' dir='ltr'>εὖξασθαι,</span> <span class='ocrx_word' id='word_1_817' title='bbox 1437 2472 1485 2498; x_wconf 79' lang='grc' dir='ltr'><strong>καὶ</strong></span> <span class='ocrx_word' id='word_1_818' title='bbox 1500 2472 1532 2498; x_wconf 79' lang='grc' dir='ltr'>ὲκ</span> <span class='ocrx_word' id='word_1_819' title='bbox 1550 2471 1600 2506; x_wconf 85' lang='grc' dir='ltr'><strong>τῆς</strong></span> <span class='ocrx_word' id='word_1_820' title='bbox 1617 2469 1803 2505; x_wconf 75' lang='grc' dir='ltr'>κατεχομένης</span> <span class='ocrx_word' id='word_1_821' title='bbox 1817 2469 1846 2495; x_wconf 88' lang='grc' dir='ltr'><strong>ὲν</strong></span> 
     </span>
    </p>
   </div>
   <div class='ocr_carea' id='block_1_114' title="bbox 1052 2515 1847 2559">
    <p class='ocr_par' dir='ltr' id='par_1_114' title="bbox 1052 2515 1847 2559">
     <span class='ocr_line' id='line_1_114' title="bbox 1052 2515 1847 2559; baseline -0.013 -9"><span class='ocrx_word' id='word_1_822' title='bbox 1052 2525 1085 2559; x_wconf 84' lang='grc' dir='ltr'>τῇ</span> <span class='ocrx_word' id='word_1_823' title='bbox 1099 2523 1171 2559; x_wconf 76' lang='grc' dir='ltr'>χειρὶ</span> <span class='ocrx_word' id='word_1_824' title='bbox 1186 2520 1268 2549; x_wconf 67' lang='grc' dir='ltr'>αὑτοῦ</span> <span class='ocrx_word' id='word_1_825' title='bbox 1282 2520 1405 2554; x_wconf 72' lang='grc' dir='ltr'>σιαγόνος</span> <span class='ocrx_word' id='word_1_826' title='bbox 1414 2519 1514 2554; x_wconf 76' lang='grc' dir='ltr'>νεκρᾶς</span> <span class='ocrx_word' id='word_1_827' title='bbox 1525 2517 1621 2549; x_wconf 72' lang='grc' dir='ltr'>ὓδατος</span> <span class='ocrx_word' id='word_1_828' title='bbox 1633 2516 1725 2551; x_wconf 76' lang='grc' dir='ltr'>πηγὰς</span> <span class='ocrx_word' id='word_1_829' title='bbox 1737 2515 1847 2548; x_wconf 69' lang='grc' dir='ltr'>ἐξενέγ-</span> 
     </span>
    </p>
   </div>
   <div class='ocr_carea' id='block_1_115' title="bbox 1053 2559 1844 2600">
    <p class='ocr_par' dir='ltr' id='par_1_115' title="bbox 1053 2559 1844 2600">
     <span class='ocr_line' id='line_1_115' title="bbox 1053 2559 1844 2600; baseline -0.011 -5"><span class='ocrx_word' id='word_1_830' title='bbox 1053 2577 1110 2600; x_wconf 82' lang='grc' dir='ltr'>και,</span> <span class='ocrx_word' id='word_1_831' title='bbox 1122 2566 1249 2594; x_wconf 77' lang='grc' dir='ltr'>κάκεῖθεν</span> <span class='ocrx_word' id='word_1_832' title='bbox 1260 2566 1290 2592; x_wconf 81' lang='grc' dir='ltr'><strong>τὸ</strong></span> <span class='ocrx_word' id='word_1_833' title='bbox 1305 2565 1373 2599; x_wconf 78' lang='grc' dir='ltr'>ἴαμα</span> <span class='ocrx_word' id='word_1_834' title='bbox 1387 2565 1435 2599; x_wconf 85' lang='grc' dir='ltr'><strong>τῆς</strong></span> <span class='ocrx_word' id='word_1_835' title='bbox 1449 2563 1529 2599; x_wconf 69' lang='grc' dir='ltr'>δίψης</span> <span class='ocrx_word' id='word_1_836' title='bbox 1546 2561 1711 2597; x_wconf 71' lang='grc' dir='ltr'>ἀρύσασθαι.</span> <span class='ocrx_word' id='word_1_837' title='bbox 1730 2560 1786 2587; x_wconf 76' lang='grc' dir='ltr'>Καὶ</span> <span class='ocrx_word' id='word_1_838' title='bbox 1797 2559 1844 2586; x_wconf 78' lang='grc' dir='ltr'>τὸν</span> 
     </span>
    </p>
   </div>
   <div class='ocr_carea' id='block_1_116' title="bbox 1053 2606 1845 2649">
    <p class='ocr_par' dir='ltr' id='par_1_116' title="bbox 1053 2606 1845 2649">
     <span class='ocr_line' id='line_1_116' title="bbox 1053 2606 1845 2649; baseline -0.013 -7"><span class='ocrx_word' id='word_1_839' title='bbox 1053 2615 1139 2646; x_wconf 73' lang='grc' dir='ltr'>οὕτως</span> <span class='ocrx_word' id='word_1_840' title='bbox 1153 2614 1263 2649; x_wconf 81' lang='grc' dir='ltr'>ὡραῖον,</span> <span class='ocrx_word' id='word_1_841' title='bbox 1291 2613 1336 2639; x_wconf 74' lang='grc' dir='ltr'>τὸν</span> <span class='ocrx_word' id='word_1_842' title='bbox 1362 2611 1447 2642; x_wconf 72' lang='grc' dir='ltr'>οὕτως</span> <span class='ocrx_word' id='word_1_843' title='bbox 1462 2610 1596 2645; x_wconf 81' lang='grc' dir='ltr'>ἀνδρεῖον,</span> <span class='ocrx_word' id='word_1_844' title='bbox 1614 2609 1631 2644; x_wconf 76' lang='grc' dir='ltr'>ἡ</span> <span class='ocrx_word' id='word_1_845' title='bbox 1647 2607 1699 2634; x_wconf 80' lang='grc' dir='ltr'>ίδία</span> <span class='ocrx_word' id='word_1_846' title='bbox 1723 2607 1792 2642; x_wconf 79' lang='grc' dir='ltr'>γυνὴ</span> <span class='ocrx_word' id='word_1_847' title='bbox 1806 2606 1845 2638; x_wconf 87' lang='grc' dir='ltr'>ὠς</span> 
     </span>
    </p>
   </div>
   <div class='ocr_carea' id='block_1_117' title="bbox 1054 2653 1848 2696">
    <p class='ocr_par' dir='ltr' id='par_1_117' title="bbox 1054 2653 1848 2696">
     <span class='ocr_line' id='line_1_117' title="bbox 1054 2653 1848 2696; baseline -0.014 -7"><span class='ocrx_word' id='word_1_848' title='bbox 1054 2661 1181 2696; x_wconf 78' lang='grc' dir='ltr'>πολέμιον</span> <span class='ocrx_word' id='word_1_849' title='bbox 1195 2662 1251 2691; x_wconf 76' lang='grc' dir='ltr'>τοῖς</span> <span class='ocrx_word' id='word_1_850' title='bbox 1267 2658 1425 2693; x_wconf 68' lang='grc' dir='ltr'>ἀλλοφύλοις</span> <span class='ocrx_word' id='word_1_851' title='bbox 1438 2656 1607 2692; x_wconf 80' lang='grc' dir='ltr'>παρέδωκεν.</span> <span class='ocrx_word' id='word_1_852' title='bbox 1620 2654 1670 2681; x_wconf 80' lang='grc' dir='ltr'><strong>Διὰ</strong></span> <span class='ocrx_word' id='word_1_853' title='bbox 1685 2653 1764 2680; x_wconf 78' lang='grc' dir='ltr'><strong>τοῦτο</strong></span> <span class='ocrx_word' id='word_1_854' title='bbox 1777 2660 1848 2688; x_wconf 79' lang='grc' dir='ltr'>παρ-</span> 
     </span>
    </p>
   </div>
   <div class='ocr_carea' id='block_1_118' title="bbox 1054 2700 1847 2743">
    <p class='ocr_par' dir='ltr' id='par_1_118' title="bbox 1054 2700 1847 2743">
     <span class='ocr_line' id='line_1_118' title="bbox 1054 2700 1847 2743; baseline -0.013 -8"><span class='ocrx_word' id='word_1_855' title='bbox 1054 2708 1181 2743; x_wconf 82' lang='grc' dir='ltr'>αγγέλλει</span> <span class='ocrx_word' id='word_1_856' title='bbox 1211 2715 1252 2732; x_wconf 83' lang='grc' dir='ltr'><strong>σοι</strong></span> <span class='ocrx_word' id='word_1_857' title='bbox 1268 2706 1282 2731; x_wconf 87' lang='grc' dir='ltr'>ὁ</span> <span class='ocrx_word' id='word_1_858' title='bbox 1294 2705 1451 2740; x_wconf 83' lang='grc' dir='ltr'>προφήτης·</span> <span class='ocrx_word' id='word_1_859' title='bbox 1472 2703 1537 2729; x_wconf 79' lang='grc' dir='ltr'><strong>Ἀπὸ</strong></span> <span class='ocrx_word' id='word_1_860' title='bbox 1547 2701 1602 2736; x_wconf 80' lang='grc' dir='ltr'><strong>τῆς</strong></span> <span class='ocrx_word' id='word_1_861' title='bbox 1615 2700 1778 2736; x_wconf 77' lang='grc' dir='ltr'>συγκοίτου</span> <span class='ocrx_word' id='word_1_862' title='bbox 1788 2707 1847 2726; x_wconf 84' lang='grc' dir='ltr'>σου</span> 
     </span>
    </p>
   </div>
   <div class='ocr_carea' id='block_1_119' title="bbox 1054 2745 1847 2786">
    <p class='ocr_par' dir='ltr' id='par_1_119' title="bbox 1054 2745 1847 2786">
     <span class='ocr_line' id='line_1_119' title="bbox 1054 2745 1847 2786; baseline -0.011 -8"><span class='ocrx_word' id='word_1_863' title='bbox 1054 2751 1196 2786; x_wconf 60' lang='grc' dir='ltr'>φύλαξαι,</span> <span class='ocrx_word' id='word_1_864' title='bbox 1206 2749 1259 2776; x_wconf 87' lang='grc' dir='ltr'>τοῦ</span> <span class='ocrx_word' id='word_1_865' title='bbox 1277 2748 1440 2776; x_wconf 76' lang='grc' dir='ltr'>ἀναθέσθαι</span> <span class='ocrx_word' id='word_1_866' title='bbox 1452 2746 1528 2780; x_wconf 76' lang='grc' dir='ltr'><strong>αὐτῇ</strong></span> <span class='ocrx_word' id='word_1_867' title='bbox 1542 2755 1578 2773; x_wconf 76' lang='grc' dir='ltr'><strong>τι.</strong></span> <span class='ocrx_word' id='word_1_868' title='bbox 1598 2745 1667 2772; x_wconf 78' lang='grc' dir='ltr'><strong>Εἰπέ</strong></span> <span class='ocrx_word' id='word_1_869' title='bbox 1690 2753 1752 2780; x_wconf 86' lang='grc' dir='ltr'>μοι,</span> <span class='ocrx_word' id='word_1_870' title='bbox 1770 2745 1847 2770; x_wconf 84' lang='grc' dir='ltr'>ποῖον</span> 
     </span>
    </p>
   </div>
   <div class='ocr_carea' id='block_1_120' title="bbox 1055 2788 1846 2832">
    <p class='ocr_par' dir='ltr' id='par_1_120' title="bbox 1055 2788 1846 2832">
     <span class='ocr_line' id='line_1_120' title="bbox 1055 2788 1846 2832; baseline -0.011 -9"><span class='ocrx_word' id='word_1_871' title='bbox 1055 2796 1148 2832; x_wconf 85' lang='grc' dir='ltr'><strong>θηρίον</strong></span> <span class='ocrx_word' id='word_1_872' title='bbox 1163 2796 1233 2823; x_wconf 72' lang='grc' dir='ltr'>κατὰ</span> <span class='ocrx_word' id='word_1_873' title='bbox 1245 2795 1291 2822; x_wconf 73' lang='grc' dir='ltr'><strong>τοῦ</strong></span> <span class='ocrx_word' id='word_1_874' title='bbox 1305 2795 1370 2821; x_wconf 77' lang='grc' dir='ltr'>ἰδίου</span> <span class='ocrx_word' id='word_1_875' title='bbox 1390 2793 1505 2829; x_wconf 74' lang='grc' dir='ltr'>ἄρρενος</span> <span class='ocrx_word' id='word_1_876' title='bbox 1519 2791 1631 2819; x_wconf 79' lang='grc' dir='ltr'>τοιαῦτα</span> <span class='ocrx_word' id='word_1_877' title='bbox 1649 2791 1681 2817; x_wconf 81' lang='grc' dir='ltr'>ἂν</span> <span class='ocrx_word' id='word_1_878' title='bbox 1696 2788 1846 2825; x_wconf 74' lang='grc' dir='ltr'>ἐμελέτησε</span> 
     </span>
    </p>
   </div>
   <div class='ocr_carea' id='block_1_121' title="bbox 1056 2836 1847 2877">
    <p class='ocr_par' dir='ltr' id='par_1_121' title="bbox 1056 2836 1847 2877">
     <span class='ocr_line' id='line_1_121' title="bbox 1056 2836 1847 2877; baseline -0.006 -8"><span class='ocrx_word' id='word_1_879' title='bbox 1056 2843 1182 2877; x_wconf 71' lang='grc' dir='ltr'>πώποτες</span> <span class='ocrx_word' id='word_1_880' title='bbox 1200 2843 1266 2869; x_wconf 76' lang='grc' dir='ltr'>Ποία</span> <span class='ocrx_word' id='word_1_881' title='bbox 1285 2842 1313 2869; x_wconf 76' lang='grc' dir='ltr'>δὲ</span> <span class='ocrx_word' id='word_1_882' title='bbox 1328 2841 1462 2877; x_wconf 71' lang='grc' dir='ltr'>δράκαινα</span> <span class='ocrx_word' id='word_1_883' title='bbox 1482 2840 1528 2867; x_wconf 76' lang='grc' dir='ltr'><strong>τὸν</strong></span> <span class='ocrx_word' id='word_1_884' title='bbox 1544 2839 1609 2866; x_wconf 77' lang='grc' dir='ltr'><strong>ἴδιον</strong></span> <span class='ocrx_word' id='word_1_885' title='bbox 1623 2837 1758 2874; x_wconf 78' lang='grc' dir='ltr'>ὁμόζυγον</span> <span class='ocrx_word' id='word_1_886' title='bbox 1775 2836 1847 2864; x_wconf 70' lang='grc' dir='ltr'><strong>ἀπη-</strong></span> 
     </span>
    </p>
   </div>
  </div>
