2074 3115
234 153 303 187 1329
876 152 996 182 SACRA
1014 150 1245 182 PARALLELA.
1808 152 1876 184 1330

230 205 428 241 λέσθαιῦἐλεις
451 208 521 235 Ποία
543 207 572 234 δὲ
588 207 683 234 λέαινα
696 207 743 234 τὶν
768 208 834 235 ἴδιον
858 207 944 243 ἄνδρα
961 207 1030 243 πρὸς

1084 213 1146 233 cum
1162 209 1276 241 propter
1291 212 1368 241 aqum
1387 208 1531 242 penuriam
1554 209 1600 237 siti
1624 213 1770 244 correptus
1792 209 1875 245 414

235 255 344 290 σφαγὴν
370 254 572 289 παραδίδωσιν;
610 254 693 289 Ὁρᾷς
720 254 762 280 ὅτι
789 254 1028 288 ἐπιτετευγμένως

1084 256 1201 282 orasset.
1218 259 1251 278 ex
1270 256 1380 279 mortua
1398 254 1492 281 statim
1507 255 1641 290 aridaque
1655 256 1778 287 maxilla,
1790 263 1874 290 quam

230 299 310 328 εἶπεν
322 302 338 336 ἡ
348 300 433 334 Σοφία
442 300 483 332 τὸ,
502 301 562 327 οὐκ
577 299 645 326 ἔστι
666 299 785 334 κεφαλὴ
799 299 878 334 ὑπὲρ
889 299 1028 334 κεφαλὴν

1084 303 1165 323 manu
1191 296 1312 329 tenebat,
1334 305 1412 332 aqua:
1427 299 1528 327 educto
1556 300 1640 334 fonte,
1661 301 1724 328 hinc
1745 302 1806 329 sitis
1832 309 1875 328 rc~

231 346 338 380 ὄφεως,
351 345 400 372 καὶ
410 347 467 372 οὐκ
482 346 548 372 ἔστι
560 346 650 372 κακία
663 345 740 379 ὑπὲρ
748 345 857 372 κακίαν
871 346 1025 380 γυναικός.

1084 342 1204 370 medium
1220 343 1355 370 hauserit.
1374 344 1405 371 Et
1425 348 1516 373 tamen
1533 347 1621 373 virum
1643 351 1696 374 tam
1717 347 1873 382 pulchrum,

231 392 287 419 Καὶ
298 391 371 425 ἅπαξ
387 392 492 424 ἅπλῶς,
504 393 518 418 6
531 391 601 426 ἔχων
618 393 736 426 γυναῖκα
748 391 881 428 πονηρὰν,
896 391 1027 425 γινωσκέ-

1084 392 1136 416 lam
1150 386 1259 422 fortem,
1278 390 1390 425 propria
1413 391 1501 426 ipsius
1516 400 1596 426 uxor,
1619 397 1749 428 tauquam
1764 393 1872 420 hostem

231 447 283 469 τω,
298 439 338 465 ὅτι
350 439 401 473 ἤδη
413 439 477 470 τοὺς
495 438 609 473 μισθοὺς
623 438 678 465 τῶν
695 438 815 473 ἀνομιῶν
831 438 914 465 αὑτοῦ
929 438 1020 473 ἐκομί-

1084 436 1224 473 allophylis
1248 437 1379 472 prodidit.
1403 437 1588 472 Quamobrem
1624 440 1677 467 hoc
1701 439 1749 466 tibi
1769 446 1784 465 a
1806 446 1873 474 pro-

233 493 300 511 σατο
309 492 316 499 ·
336 484 421 519 Γυνὴ
437 483 555 518 πονηρὰ
569 484 671 519 ἀνόμῳ
679 484 766 519 μερὶς
776 483 949 517 δοθήσεται,
959 483 1025 510 ἀντὶ

1091 482 1172 518 pheta
1201 483 1361 518 praecipitur
1386 485 1432 512 :A
1454 485 1566 520 conjuge
1588 489 1634 512 tua
1650 493 1724 516 cave.
1751 493 1782 511 ne
1795 483 1874 518 quid-

233 529 295 557 τῶν
310 529 407 564 ἔργων
421 528 528 556 αὑτοῦ.

1084 535 1161 561 quam
1177 529 1201 554 ei
1228 529 1403 557 commendes.
1432 521 1508 558 Cedo
1534 527 1579 559 die
1595 531 1673 562 mihi.
1697 539 1758 566 qua:
1779 531 1870 557 bellua

234 576 368 603 adversus
399 583 504 602 marem
529 582 612 603 suum
635 573 772 610 ejusmodi
797 573 904 609 aliquid
929 572 1024 600 molita
1044 573 1191 606 est?Quaa
1203 574 1332 603 dracaena
1353 576 1500 612 conjugem
1531 585 1610 605 suum
1645 577 1737 604 studet
1769 577 1873 603 iulerli-

236 621 315 649 cere?
331 621 396 654 Qua!
412 621 497 649 leama
520 621 676 649 masculum
698 627 780 648 suum
798 619 831 646 ad
848 619 951 647 caedem
969 619 1072 647 tradit?
1105 619 1187 649 Vides
1221 628 1304 657 quam
1334 622 1460 658 apposite
1493 623 1631 658 sapientia
1651 623 1776 650 dixerit:
1811 621 1873 648 Non

235 673 276 696 est
290 673 370 704 caput
389 677 469 703 super
491 674 572 703 caput
591 669 732 704 serpentis,
755 673 780 696 et
819 676 870 695 non
891 672 931 695 est
966 667 1072 695 malitia
1091 675 1171 702 utpar
1191 669 1326 696 nmlitiam
1344 669 1476 697 mulieris.
1500 669 1589 704 Atque
1607 673 1638 696 ut
1662 670 1689 696 in
1707 676 1814 696 summa
1829 667 1872 694 dl-

237 722 311 747 cam,
335 715 383 750 qui
399 715 554 751 improbam
577 723 691 742 uxorem
717 714 810 745 habet,
832 713 899 741 illud
930 714 1050 745 noverit,
1089 721 1120 742 se
1142 714 1200 749 jam
1233 714 1411 749 iniquitatum
1437 724 1552 744 suarum
1585 715 1738 744 mercedem
1767 716 1873 745 lulissc-

242 762 314 790 Audi
348 761 421 789 enim
449 761 517 796 quid
546 769 658 789 rursum
682 760 825 796 Scriptura
851 760 1031 796 pronuntiet:
1052 758 1152 795 Mulier
1164 760 1342 796 malaim’quo
1354 761 1465 789 dabitur
1484 763 1512 790 in
1527 763 1677 797 pertinuerit
1710 771 1757 797 pro
1789 766 1874 798 operi-

236 811 285 838 bus
304 810 389 838 illius.

279 856 430 893 Ἀφόρητὸς
442 857 501 884 ἐστι
516 856 586 892 γυνὴ
598 856 817 892 κολακευομένη,
837 856 887 892 τὴν
901 855 964 890 ὄψιν
976 854 1031 882 ὥσ·

1119 851 1214 887 Ejucd.
1231 868 1265 872 —
1283 851 1467 881 intolerabilis
1489 857 1532 882 est
1556 853 1656 881 mulier
1670 860 1731 889 qu:e
1744 857 1872 881 assenta-

237 912 292 939 περ
305 902 427 938 λειμῶνα
437 902 622 936 διανοίζουσα,
636 903 765 935 ποικίλως
774 902 837 937 φύει
850 902 900 934 τὰς
914 901 1031 938 παρειὰς

238 949 456 985 ὲρυθραίνουσα·
487 949 587 985 ἀμύλῳ
611 958 652 982 τε,
668 949 806 984 οἰνανῡίῳ,
820 948 959 984 φαὸατιῳ.
983 947 1032 974 καὶ

237 995 383 1032 ψιμμύοίῳ
397 996 428 1023 τὸ
439 997 585 1031 πρόσωπον
595 996 785 1028 λευκαίνοασα,
797 996 844 1023 καὶ
859 995 955 1031 μέλανι
969 995 1032 1027 τοὺς

237 1039 397 1075 ὀφθαλμοὺς
427 1040 641 1076 ὑπογράφουσα·
668 1042 782 1076 χρυσοῖς
804 1041 832 1068 δὲ
856 1041 972 1076 κόσμοις
985 1041 1031 1067 τὸν

239 1085 375 1121 τράχηλον
386 1086 482 1121 αὐτῆς,
490 1086 540 1117 τὰς
552 1087 657 1122 χεῖρας,
665 1087 771 1120 καὶτὰς
783 1086 882 1123 τρίχας
893 1086 1031 1114 καλλωπί-

239 1132 336 1164 ζοντα,
354 1131 402 1158 καὶ
419 1131 468 1167 τὴν
486 1132 611 1168 μαλακὴν
635 1133 722 1168 αὐτῆς
748 1133 852 1169 ἐσθῆτα
878 1133 1031 1168 μυρίσμασι

239 1177 380 1211 διαφόροις
396 1177 576 1209 κιπνίζουαα.
594 1178 672 1205 Ἔστι
684 1178 713 1205 δὲ
724 1178 809 1212 παγὶς
831 1178 1030 1214 Θανατηφόρος,

241 1221 286 1248 διὰ
299 1221 395 1248 πασῶν
420 1222 474 1249 τῶν
488 1222 643 1258 αἰσθήσεων
665 1223 811 1257 ἀπάγουσα
833 1223 878 1250 τδν
897 1223 968 1254 νέον,
982 1222 1032 1258 τὴν

243 1266 292 1300 μὲν
305 1266 367 1302 ὄψιν
382 1268 414 1294 ἐκ
425 1267 473 1294 τοῦ
493 1268 658 1303 φαινομένου
683 1268 880 1305 καλλωπισμοῦ
891 1288 900 1302 ,
930 1267 980 1304 τὴν
1002 1267 1032 1295 δὲ

240 1311 326 1348 ἀκοὴν
339 1314 399 1344 ταῖς
417 1313 565 1348 μαλακίαις
582 1314 754 1350 μαγεύουσα.

276 1357 348 1393 Γυνὴ
363 1358 393 1386 τὸ
406 1358 553 1394 ὑποζύγιον
566 1359 596 1387 τὸ
609 1360 705 1392 κακὸν,
729 1361 744 1386 6
760 1359 869 1396 σκώληξ
883 1360 898 1387 6
914 1360 1033 1396 συρόμε-

241 1411 298 1437 νος,
311 1405 326 1431 6
341 1404 446 1438 ἔνοικος
459 1406 506 1433 τοῦ
521 1407 620 1442 Ἀδὰμ,
635 1407 684 1434 τοῦ
696 1406 812 1442 ψεύδους
827 1407 844 1442 ή
856 1407 992 1443 θυγάτηρ,
1015 1408 1032 1443 ἡ

243 1449 351 1486 φυλακῆ
374 1451 423 1478 τοῦ
447 1452 623 1488 παραδείσου,
638 1452 686 1480 τοῦ
707 1450 823 1488 Ἆδὰμή
837 1452 996 1489 ὲκόλητρία,
1018 1454 1033 1480 6

243 1495 373 1531 πολέμιος
387 1496 508 1532 ὄλεθρος,
524 1498 541 1533 ἡ
556 1497 641 1534 ἔχθρα
658 1498 709 1533 τῆς
725 1499 848 1534 εἰρήνης.

1083 898 1204 926 tionibus
1236 898 1423 932 demulcetur,
1458 906 1521 934 quat
1556 899 1664 926 vultum
1689 899 1778 926 instar
1802 901 1874 934 prati

1083 945 1169 972 variis
1185 944 1301 973 ﬂoribus
1317 949 1446 978 exornat,
1466 952 1527 980 quae
1543 952 1629 981 genas
1643 945 1726 973 stibio
1744 945 1874 973 rubicun-

1081 991 1132 1019 das
1147 990 1249 1023 reddit,
1267 998 1329 1026 qua:
1351 991 1445 1018 amido
1462 995 1489 1018 et
1504 999 1604 1019 cerusa
1632 991 1730 1020 faciem
1749 993 1871 1024 dealbat,

1081 1045 1142 1073 quae
1163 1041 1320 1064 atramento
1350 1037 1440 1072 pingit
1476 1038 1584 1071 oculos,
1612 1045 1675 1073 qum
1699 1039 1871 1066 ornamentis

1082 1085 1175 1113 aureis
1198 1084 1314 1118 collum,
1335 1088 1363 1112 et
1383 1092 1495 1118 manus,
1510 1089 1540 1113 et
1556 1093 1664 1113 comam
1692 1085 1870 1116 condecorat.

1081 1135 1110 1158 et
1126 1131 1234 1158 mollem
1251 1135 1356 1159 vestem
1372 1139 1451 1159 suam
1464 1131 1598 1160 odoribus
1619 1131 1704 1160 variis
1720 1131 1872 1167 perfundit.

1082 1175 1132 1203 Est
1147 1181 1277 1211 praeterea
1294 1177 1422 1212 laqueus,
1443 1177 1578 1207 exitiosus
1594 1178 1725 1213 juvenem
1743 1186 1791 1214 per
1811 1186 1874 1205 om-

1083 1229 1132 1250 nes
1150 1230 1249 1251 sensus
1262 1223 1414 1256 abducens,
1430 1228 1514 1259 atque
1533 1228 1591 1251 tum
1611 1224 1697 1259 ipsius
1713 1225 1809 1252 oculos
1827 1231 1876 1260 per

1083 1273 1224 1301 ornatum,
1250 1276 1331 1303 quem
1360 1269 1540 1304 spectandum
1569 1269 1684 1304 praebet,
1710 1273 1768 1297 tum
1792 1277 1874 1297 aures

1085 1320 1134 1348 per
1149 1321 1309 1342 sermonum
1326 1314 1477 1343 blanditias
1489 1314 1566 1342 velut
1580 1315 1738 1343 incantans.

1121 1359 1218 1388 Ilulier
1252 1360 1410 1395 iumentum
1450 1360 1567 1393 malum,
1613 1361 1717 1389 vermis
1750 1365 1875 1396 reptans,

1084 1405 1181 1434 Adami
1216 1407 1436 1440 contubernalis,
1470 1407 1606 1435 mendacii
1647 1407 1712 1440 lilia,
1749 1408 1875 1436 custodia

1085 1453 1218 1487 paradisi,
1233 1453 1372 1489 expultrix
1400 1452 1513 1487 Adami,
1529 1453 1620 1481 hostis
1639 1453 1810 1488 perniciosa,
1827 1461 1875 1489 pa-

1084 1506 1125 1525 εις
1139 1506 1260 1527 mimica.

280 1541 316 1567 Οὐ
329 1540 367 1576 τῷ
381 1540 452 1576 ξύλῳ
463 1542 478 1567 ὁ
488 1542 554 1573 Θεὸς
584 1543 732 1577 ἐχαρίσατο
746 1543 797 1578 τὴν
820 1543 924 1577 γνῶσιν
948 1542 1032 1571 καλοῦ

1122 1542 1193 1571 Deus
1205 1543 1268 1571 boni
1285 1548 1313 1571 et
1328 1544 1393 1572 mali
1413 1544 1561 1572 scientiam
1588 1544 1662 1580 ligno
1678 1552 1733 1572 non
1751 1545 1876 1580 praebue-

245 1586 293 1613 καὶ
307 1587 437 1622 πονηροῦ,
456 1587 518 1614 οὗτε
534 1587 728 1624 κατεκρέμασε
743 1588 775 1615 τὸ
789 1589 897 1623 λογικὸν
910 1589 958 1616 τοῦ
970 1589 1034 1617 ἀλό-

245 1641 305 1666 γου.
321 1632 359 1660 Τὸ
370 1633 424 1669 γὰρ
444 1634 527 1668 φυτὸν
542 1634 640 1669 ἄλογον
650 1654 658 1668 ,
676 1635 691 1662 6
703 1635 732 1662 δὲ
752 1635 895 1670 ἄνθρωπος
914 1636 1033 1670 λογικός.

246 1678 303 1706 Ούκ
313 1676 347 1714 ἦν
359 1678 389 1705 τὺ
405 1679 484 1712 ξύλον
496 1679 581 1708 καλοῦ
598 1680 645 1707 καὶ
660 1680 782 1716 πονηροῦ
796 1680 857 1716 ἔχον
874 1682 987 1716 γνῶσιν.
1003 1682 1035 1709 Εἰ

244 1724 274 1751 δὲ
289 1724 320 1752 τὸ
332 1724 411 1757 ξύλον
425 1723 482 1761 εἶχε
499 1726 602 1760 γνῶσιν
615 1726 736 1759 πάντως,
752 1727 799 1754 καὶ
819 1727 929 1762 λογικὸν
945 1727 1035 1763 ὑπῆρ-

245 1777 304 1804 χεν,
320 1770 385 1804 ἔδει,
409 1772 459 1807 τῆς
484 1771 555 1804 Εὔας
580 1772 715 1809 ἀπιούσης
738 1772 831 1800 λαϐεῖν
853 1772 900 1799 τοῦ
914 1772 1034 1808 καρποῦ,

245 1816 332 1844 εἰπεῖν
346 1817 376 1844 τὺ
387 1817 496 1854 δένδρον
511 1818 580 1854 πρὸς
593 1819 642 1854 τὴν
654 1820 770 1854 γυναῖκα
779 1828 785 1835 ·
795 1819 828 1846 Τί
837 1820 935 1853 ποιεῖς,
946 1819 1013 1854 γυνή
1025 1827 1033 1852 ;

246 1862 334 1894 οέλεις
348 1863 380 1890 ὲκ
392 1864 437 1890 τοῦ
450 1863 557 1899 καρποῦ
573 1873 624 1900 μου
638 1865 805 1899 γεύσασθαις
821 1865 860 1902 μὴ
876 1866 977 1902 φάγῃς,
991 1865 1035 1892 ἵνα

248 1909 286 1946 μὴ
305 1910 455 1947 ἀποθάνῃς.
475 1911 554 1938 Κατὰ
578 1911 696 1947 σεαυτῆς
714 1911 805 1947 βούλει
831 1920 867 1947 με
885 1913 1032 1948 τρυγῆσαι.

246 1955 342 1992 Τέρπῃ
362 1965 414 1992 μου
431 1956 471 1992 τῷ
490 1957 600 1993 καρπῷ,
616 1957 686 1985 ἀλλὰ
707 1957 821 1989 θάνατος
834 1957 969 1992 ἔγκειται.
988 1956 1034 1992 Μὴ

247 2001 301 2036 γὰρ
315 2001 364 2028 οὐκ
380 2001 453 2037 ἔχεις
477 2001 507 2035 ἐξ
530 1999 567 2029 ὧν
587 2002 677 2040 φάγῃς
689 2011 696 2035 ;
709 2002 741 2029 Τί
755 2001 802 2029 οὖν
815 2002 865 2029 οὐκ
884 2001 1034 2035 ἀπολαύεις

246 2045 405 2078 ἀκινδύνως,
423 2046 480 2073 ἀλλ’
493 2047 637 2083 ἐπιθυμεῖς
647 2047 794 2083 ὀλεθρίως;
809 2047 907 2081 θέλεις,
927 2047 1034 2074 καλέσω

246 2092 293 2118 ἰὺν
305 2091 389 2127 ἄνδρα
404 2101 462 2126 σου,
477 2093 525 2120 καὶ
543 2093 614 2120 εῐπω
623 2093 673 2129 τὴν
687 2093 787 2128 πρᾶξίν
803 2094 914 2127 σου,ϊνα
930 2095 1035 2131 μισήσῃ

247 2138 296 2173 τὴν
313 2138 424 2175 γνώμην
436 2148 500 2173 ceu;
522 2139 581 2166 ’Ὶνα
597 2140 629 2167 σὺ
642 2139 774 2176 τερφῦῇς,
788 2140 892 2172 ἐκεῖνος
905 2140 1036 2175 ἀφανίζε-

246 2194 306 2212 ται’
325 2185 368 2213 ἵνα
390 2185 422 2213 σὺ
439 2186 539 2223 φάγῃς,
554 2187 658 2219 ἐκεῖνος
685 2186 867 2222 ἀποθνήσκει·
887 2186 930 2213 ἵνα
946 2187 979 2213 σὺ
995 2186 1035 2220 τῷ

247 2230 308 2264 ὕφει
330 2231 547 2268 προσομιλήσῃς,
570 2232 674 2264 ἐκεῖνος
687 2231 735 2259 τοῦ
747 2231 815 2258 Θεοῦ
832 2231 1034 2267 ἀλλοτριοῦται.
1051 2223 1073 2251 Ῑ)

254 2276 324 2303 Ἀλλ’
338 2277 415 2304 οὐδὲν
438 2278 540 2304 τούτων
554 2275 616 2304 εἶπε
639 2277 669 2304 τὸ
681 2277 799 2312 δένδρον.
814 2277 864 2304 Διὰ
883 2277 926 2311 τί;
951 2278 993 2304 ὅτι
1004 2278 1034 2304 οὐ

250 2323 359 2358 μετεῖχε
374 2322 466 2358 λόγου,
488 2323 557 2350 ἀλλὰ
570 2322 653 2358 νόμον
676 2322 838 2354 ἐσάσταζεν.
856 2323 963 2358 ’Ὠσπερ
980 2322 1035 2358 γὰρ

249 2367 352 2402 βιϐλίον
374 2368 529 2404 ὁλόγραφον
541 2369 571 2395 οὺ
588 2368 737 2404 φθέγγεται
758 2368 794 2394 δι’
814 2368 909 2400 αὑτοῦ,
921 2368 1035 2395 Zamas

249 2412 293 2439 διὰ
306 2413 361 2440 τῶν
375 2414 402 2439 ὲν
413 2413 499 2449 αὐτῷ,
514 2413 586 2440 οὕτω
600 2414 648 2440 καὶ¹
662 2414 693 2440 τὸ
710 2413 818 2448 δένδρον
831 2414 891 2441 ἀντὶ
905 2414 1036 2450 γραμμά-

249 2466 304 2483 των
316 2458 362 2484 τὺν
373 2458 455 2494 νόμον
471 2459 662 2494 προεσάλλετο.
674 2459 754 2486 Ποῖον
761 2458 859 2494 νόμον;
874 2459 942 2487 Ἀπὸ
958 2466 1035 2486 παν-

249 2504 301 2536 τὸς
311 2504 407 2536 ξύλου
419 2506 472 2533 τοῦ
489 2505 649 2540 nmio-xeir-
662 2505 758 2533 καλὸν
780 2505 831 2533 καὶ
846 2505 980 2540 πονηρὸν
998 2506 1036 2533 οὐ

249 2548 382 2583 φάγεσθε
393 2551 444 2578 ἀπ’
455 2552 559 2579 αὑτοῦ.
575 2549 617 2588 ’ᾙ
627 2552 654 2578 δ’
670 2552 710 2579 ἂν
725 2552 820 2586 ἡμέρᾳ
830 2552 954 2587 φάγητε,
983 2554 1036 2580 θα-

249 2594 328 2626 νάτῳ
345 2595 555 2625 ἀποθανεῖσθε.
579 2597 612 2623 Τί
637 2595 683 2625 ὤν
708 2598 723 2625 6
734 2598 871 2632 Μωῦσῆς;
885 2597 987 2632 λεγέτω
1001 2597 1036 2625 τὰ

250 2640 396 2668 ἀκόλουθα.
413 2642 467 2668 Καὶ
480 2640 566 2670 εἶπεν
583 2643 600 2670 ὁ
618 2643 701 2677 Θεὸς,
723 2645 759 2671 οὐ
771 2644 868 2671 καλὸν
884 2642 961 2671 εἶναι
983 2644 1036 2671 τὸν

250 2685 408 2720 ἄνθρωπον
417 2687 532 2722 μόνον’
555 2689 729 2724 ποιήσωμεν
741 2689 821 2723 αὐτῷ
837 2690 955 2724 ,βοηθὸν
971 2691 1036 2718 κατ’

249 2731 354 2758 αὐτόν.
367 2731 479 2767 Boniti”,
492 2732 542 2758 οὐκ
552 2733 727 2768 ἀνδροκτόνον
736 2742 743 2750 ·
757 2734 864 2769 βοηθὸν,
880 2734 910 2761 ού
922 2734 1034 2761 πλάνον·

252 2776 359 2813 βοηθὸν,
376 2778 426 2804 οὐκ
439 2778 596 2805 ἐπίὸουλον·
614 2780 720 2814 βοηοδν,
734 2781 784 2806 οὐκ
802 2780 952 2807 ἀντίδικον·
971 2781 1036 2816 βοη-

251 2824 308 2856 θὸν,
325 2825 374 2860 οὐχ
402 2825 472 2860 ὑπὲρ
494 2825 591 2852 αὐτόν·
622 2825 681 2853 κατ’
704 2825 794 2858 αὐτὸν,
810 2826 840 2852 οὗ
856 2826 915 2853 κατ’
939 2827 1033 2855 αὑτοῦ.

252 2867 305 2896 Καὶ
317 2869 426 2896 ἔλασεν
443 2869 458 2896 ό
469 2869 540 2902 Θει¹ς
552 2869 605 2896 τὸν
617 2869 782 2903 ἄνθρωπον,
793 2870 884 2906 φησὶν,
898 2869 933 2898 ἓν
943 2871 1036 2898 ἔπλα-

1088 1592 1141 1620 rat,
1157 1596 1208 1616 nec
1223 1597 1279 1617 rem
1293 1590 1401 1617 ratione
1411 1590 1571 1624 praeditam,
1581 1597 1616 1618 ex
1627 1597 1660 1617 eo
1675 1591 1750 1625 quod
1765 1591 1876 1618 ratione

1086 1634 1211 1667 carebat,
1239 1635 1361 1670 pendere
1374 1636 1510 1663 voluerat.
1527 1635 1617 1663 Arbor
1640 1636 1744 1671 quippe
1761 1636 1876 1663 carebat

1086 1680 1192 1708 ratione
1207 1688 1214 1706 :
1231 1680 1316 1708 homo
1331 1689 1397 1709 vero
1411 1681 1519 1708 ratione
1533 1680 1677 1716 praeditus.
1693 1680 1754 1708 Non
1769 1688 1800 1709 ea
1814 1685 1876 1708 erat

1086 1725 1179 1760 arbor,
1195 1729 1225 1753 ut
1239 1726 1303 1754 boni
1322 1730 1349 1754 et
1363 1726 1427 1754 mali
1443 1726 1586 1754 scientiam
1605 1725 1732 1755 haberet.
1745 1725 1794 1754 Sin
1807 1734 1874 1755 vero

1085 1771 1191 1807 lignum
1217 1772 1334 1800 scientia
1355 1773 1520 1801 instructum
1543 1773 1653 1805 luisset,
1668 1773 1749 1808 plane
1761 1780 1873 1808 quoque

1087 1818 1186 1846 luisset
1211 1818 1345 1846 rationale
1362 1828 1368 1846 :
1397 1823 1480 1854 atque
1501 1826 1565 1846 cum
1586 1818 1641 1846 Eva
1656 1818 1690 1846 ad
1707 1819 1873 1846 sumendum

1086 1865 1204 1891 h-nclnm
1221 1872 1252 1892 se
1267 1868 1451 1899 compararet,
1465 1864 1606 1892 debuisset
1617 1864 1702 1892 arbor
1715 1863 1759 1892 his
1767 1864 1800 1891 ad
1812 1871 1873 1892 eam

1084 1910 1177 1937 verbis
1207 1909 1266 1937 uti:
1295 1909 1369 1943 Quid
1392 1910 1469 1945 agis,
1503 1909 1603 1937 mulier
1615 1909 1634 1936 2»
1656 1909 1721 1945 quid
1752 1910 1873 1937 l‘ructum

1086 1963 1177 1984 meum
1198 1956 1277 1991 cupis
1291 1961 1402 1991 gustare
1410 1956 1426 1983 ‘i-
1444 1964 1476 1983 ne
1495 1956 1660 1987 comederis.
1677 1963 1712 1983 ne
1731 1956 1873 1984 moriaris.

1086 2002 1114 2029 In
1137 2002 1176 2029 tui
1205 2001 1354 2037 perniciem
1380 2002 1422 2030 vis
1438 2010 1481 2030 me
1505 2002 1666 2038 decerpere.
1691 2001 1794 2030 Fructu
1812 2009 1873 2029 meo

1084 2048 1248 2075 delectaris:
1269 2055 1363 2075 verum
1384 2047 1449 2075 huic
1466 2055 1540 2075 mors
1563 2048 1675 2076 insidet.
1697 2047 1796 2075 Annon
1822 2047 1872 2074 ha-

1087 2093 1135 2120 bes
1151 2093 1253 2127 quibus
1268 2092 1407 2121 vescaris?
1432 2092 1505 2125 Quid
1522 2100 1635 2128 ergoex
1653 2092 1687 2120 iis
1703 2093 1808 2127 absque
1825 2100 1874 2126 pe-

1086 2137 1175 2164 riculo
1205 2145 1260 2165 non
1286 2145 1392 2171 sumas,
1415 2137 1463 2165 sed
1488 2144 1521 2165 ea
1546 2138 1654 2172 appetis
1672 2144 1734 2172 qua.
1757 2137 1872 2165 exitium

1086 2183 1221 2211 aderant?
1237 2181 1285 2210 Vis
1309 2182 1438 2213 maritum
1464 2187 1540 2211 tuum
1566 2191 1718 2216 accersam,
1740 2188 1873 2219 tuumque

1088 2230 1112 2256 ei
1128 2229 1234 2257 facinus
1250 2236 1398 2264 exponam,
1415 2233 1445 2256 ut
1459 2230 1628 2257 voluntatem
1646 2233 1721 2257 tuam
1742 2229 1806 2257 odio
1823 2230 1874 2256 ha-

1086 2274 1165 2302 bent?
1178 2274 1211 2302 Ut
1225 2279 1252 2302 tu
1268 2275 1410 2308 comedas,
1422 2275 1475 2303 ille
1483 2275 1617 2309 moritur;
1633 2281 1662 2303 ut
1676 2280 1703 2302 tn
1713 2275 1872 2308 delecteris,

1070 2319 1133 2357 Ville
1156 2320 1359 2356 exstinguitur;
1375 2326 1403 2348 ut
1429 2324 1457 2348 tu
1484 2328 1548 2348 cum
1578 2325 1708 2356 serpente
1735 2321 1872 2355 colloquia

1087 2366 1214 2398 misceas,
1234 2366 1281 2394 ille
1302 2366 1411 2394 alienus
1435 2374 1449 2394 a
1467 2366 1523 2394 Deo
1547 2366 1675 2395 ellicitnr.
1691 2367 1810 2394 Atnihil
1824 2367 1873 2394 ho-

1086 2419 1147 2440 rum
1167 2412 1250 2440 arbor
1271 2412 1367 2439 locuta
1383 2416 1436 2440 est.
1453 2412 1525 2445 Quid
1550 2412 1620 2440 istud
1631 2412 1648 2439 ?-
1663 2412 1728 2447 quia
1755 2412 1872 2440 rationis

1086 2465 1185 2492 expers
1201 2462 1272 2490 erat,
1288 2457 1336 2485 sed
1360 2458 1446 2493 legem
1469 2461 1576 2485 tantum
1599 2457 1737 2493 gestabat.
1753 2457 1821 2485 Nam
1837 2459 1874 2486 si-

1086 2508 1135 2530 cut
1153 2503 1234 2536 liber,
1248 2503 1294 2538 qui
1311 2507 1386 2531 totus
1407 2503 1581 2538 conscriptus
1603 2508 1656 2537 est,
1673 2503 1741 2531 nihil
1762 2511 1797 2532 ex
1826 2512 1872 2532 se-

1087 2549 1148 2584 ipso
1162 2549 1296 2585 loquitur,
1320 2550 1443 2585 loquitur
1472 2557 1538 2578 vero
1559 2558 1608 2585 per
1632 2558 1664 2578 ea
1686 2558 1753 2584 quae.
1766 2548 1794 2577 in
1810 2550 1871 2584 ipso

1086 2600 1169 2624 sunt:
1186 2597 1221 2623 ita
1239 2604 1351 2631 quoque
1375 2596 1458 2624 arbor
1477 2603 1532 2631 pro
1548 2596 1650 2624 litteris
1671 2596 1757 2631 legem
1775 2596 1870 2630 praele-

1087 2642 1173 2670 rebal.
1191 2641 1278 2676 Quam
1304 2650 1367 2670 vero
1391 2643 1500 2678 legem?
1521 2642 1556 2670 De
1579 2643 1653 2678 ligno
1679 2642 1796 2670 scientia
1809 2642 1870 2670 barri

1087 2693 1112 2715 et
1137 2688 1200 2715 muli
1225 2696 1256 2715 ne
1271 2687 1425 2715 comedatis.
1440 2687 1472 2715 In
1486 2696 1641 2723 quacunque
1661 2688 1729 2716 enim
1745 2687 1788 2715 die
1800 2696 1871 2715 com-

1086 2734 1217 2765 ederitis.
1241 2738 1326 2761 morte
1365 2734 1514 2762 moriemini
1543 2733 1634 2768 (Gen.
1655 2742 1686 2767 LI,
1714 2734 1774 2769 l7).
1798 2733 1870 2767 Quid

1087 2780 1172 2815 igitur
1199 2779 1324 2815 Moyses?
1355 2780 1430 2807 dicat
1463 2787 1524 2815 quae
1549 2784 1712 2815 sequuntur.
1741 2778 1775 2806 Et
1800 2779 1870 2806 dicit

1087 2826 1181 2854 Deus:
1199 2826 1259 2853 Non
1284 2831 1322 2853 est
1353 2827 1447 2853 bonum
1470 2826 1601 2854 hominem
1626 2834 1683 2853 esse
1702 2825 1808 2853 solum:
1828 2827 1870 2859 Ia-

1088 2872 1189 2899 cr'amus
1213 2872 1237 2899 ci
1263 2871 1419 2908 mljutriccm
1433 2872 1546 2900 similem
1565 2872 1614 2900 sibi
1632 2871 1720 2906 (Ibid.
1734 2871 1798 2907 i8).
1813 2869 1869 2901 M-
