2074 3115
222 155 291 187 1333

833 139 952 171 SACRA
970 135 1188 167 PARALLELA
1195 156 1201 163 .

1794 122 1860 156 133i

259 219 269 236 ι
281 179 403 242 1Vox'hév
415 202 556 240 πλησμονῇ
567 198 646 231 οὖσα,
663 198 769 234 κηρίοις
779 195 910 232 ἐμπαίζει
920 202 928 210 ·
940 191 1015 229 ψυχῇ

1071 189 1151 225 ᾔιθ
1174 188 1262 215 Prov.
1289 193 1376 216 uvu.
1394 185 1420 212 'l.
1444 198 1478 204 —-
1496 191 1506 208 ι
1538 182 1639 210 Anima
1661 184 1785 210 saturata
1815 179 1856 204 tn-

1135 232 1257 242 υναειμιε·
1277 240 1283 242 -
1302 231 1399 242 --ιι--α
1427 236 1491 242 ...ι-ιη
1517 227 1657 242 -..ημιηηιιτ
1693 227 1751 242 :m...
1788 231 1856 242 mm,

223 256 253 282 δὲ
271 253 367 285 ἐνδεεῖ,
382 251 429 278 καὶ
440 250 475 276 τὰ
488 248 574 284 μικρὰ
589 246 693 281 γλυκέα
709 244 843 280 φαίνεται.
867 251 876 268 ι

260 351 270 369 ι
291 340 340 372 Ὃς
357 335 555 372 κατασπαταλᾷ
568 336 601 362 ἐκ
615 334 719 366 παιδος,
735 332 844 368 οἰκέτης
854 331 942 358 ἔσται.
962 338 971 355 ι

260 439 269 456 ι
297 429 339 455 Ἐν
353 429 387 464 τῇ
401 426 493 462 κοιλίᾳ
504 425 648 460 ὲπτέρνισε
660 423 706 450 τὸν
717 421 832 456 ἀδελφὺν
845 419 938 451 αὑτοῦ,
958 419 1010 445 Ἰα-

223 475 291 503 κώϐ.
315 484 326 500 ι

260 532 270 548 ι
291 520 360 548 οὐαὶ
372 519 398 546 οἱ
411 518 579 554 ἐγειρόμενοι
591 516 629 551 τῷ
641 516 723 552 πρωῒ,
736 515 783 542 καὶ
794 514 826 541 τὺ
842 514 938 548 σίκερα
948 512 1010 539 διώ-

223 576 327 599 κοντες,
355 567 380 593 οἱ
409 564 537 601 μένοντες
553 563 584 590 τὸ
597 563 661 598 seu
682 562 711 589 '0
737 561 792 597 γὰρ
817 557 888 592 alvo;
913 559 1012 590 αὐτοὺς

223 612 383 647 συγκαύσει.
400 620 410 637 ι

261 668 270 684 ι
285 658 389 689 Πᾶντες
402 657 429 683 οί
442 655 487 683 τόν
499 653 571 683 οἶνον
588 653 723 685 πίνοντες,
741 651 978 688 αἰσχυνθήσονται.
998 658 1007 674 ι

262 758 271 773 ι
295 746 502 782 Ἐπλανήθησαν
513 745 558 772 διὰ
570 745 602 771 τὸ
615 743 723 779 σίκερα,
742 741 831 778 ἱερεὺς
848 740 895 768 καὶ
905 739 1011 775 προφή-

223 802 272 829 της
283 802 290 810 ·
305 793 454 828 ἐξέστησαν
466 791 510 818 διὰ
522 790 567 818 τὸν
580 787 662 817 οἶνον.
681 798 693 814 ι

1065 242 1114 262 vos
1135 232 1284 260 irridebit:
1302 231 1400 258 anima:
1427 236 1492 256 vero
1516 227 1672 259 esurientif,
1693 227 1751 261 ipsa
1788 231 1858 258 quo-

1066 287 1120 315 que
1132 284 1227 306 amara
1240 275 1331 304 dulcia
1351 274 1492 302 videntur.
1510 283 1519 299 ι

1101 326 1182 353 Prov.
1196 331 1274 356 χιιι,
1289 322 1335 350 21.
1351 337 1384 358 έ-
1398 330 1407 347 ι
1434 320 1485 353 Qui
1504 318 1649 347 deiiciatur
1664 324 1679 344 a
1696 313 1854 352 puero,'l'a-

1065 371 1157 399 mulus
1168 370 1230 398 erit.
1249 379 1257 395 ι

1101 417 1167 446 Osee
1185 409 1265 490 fu,
1279 416 1344 443 5.-
1360 423 1369 439 ι
1385 412 1415 440 ln
1430 415 1528 440 ventre
1543 410 1729 446 supplantavit
1740 409 1863 437 Fratrem:

1101 471 1172 490 um.)
1202 461 1395 490 acobscilicet.
1410 469 1419 485 ι

1064 471 1172 496 suum,»
1185 461 1270 490 Iacob
1278 461 1395 489 scilicet.
1410 469 1419 485 ι

1099 509 1158 537 Im.
1176 517 1204 541 v,
1229 508 1273 536 ll.
1287 522 1322 528 —-
1340 515 1350 532 ι
1366 505 1414 533 Vae
1427 505 1474 541 qui
1489 502 1658 538 consurgitis
1678 501 1812 531 diluculo,
1828 505 1870 527 et:

1065 556 1180 584 siceram
1207 552 1361 585 sectamini,
1372 551 1419 587 qui
1439 548 1609 585 exspectatis
1629 554 1771 583 vesperam
1786 546 1791 573 Ι
1807 545 1855 572 Ἦν

1069 609 1136 630 num
1153 600 1224 628 enim
1237 606 1285 627 eos
1304 590 1441 626 incendet.
1462 605 1471 622 ι

1101 647 1157 674 ιτα.
1177 653 1240 673 xxw
1259 665 1266 677 ,
1298 645 1326 671 9.
1351 659 1384 664 —
1402 641 1528 670 «Omnes
1553 641 1600 676 qui
1625 639 1726 667 bibunt
1750 636 1853 667 vinum,

1064 691 1280 721 confundantur.
1300 700 1310 716 ι

1100 738 1159 766 Isa.
1176 744 1271 769 uvm,
1289 736 1317 762 ’1.
1331 750 1366 757 -
1380 744 1389 760 ι
1408 733 1580 762 Erraverunt
1597 734 1709 766 propter
1735 728 1853 755 siceram

1065 783 1196 812 sacerdos
1213 786 1241 810 et
1273 781 1405 817 propheta
1422 789 1429 808 :
1450 778 1611 807 exciderunt
1638 779 1730 803 mente
1743 777 1854 809 propter

1065 837 1171 857 γιιιιιηι.
1191 838 1202 855 ι

263 893 272 909 ι
293 881 456 925 Σρενάζουσι
482 881 582 914 πάντες
604 881 630 908 οί
654 879 864 916 εὖφραινόμενοι
888 878 939 913 τὴν
961 878 1012 912 ψυ-

1099 875 1156 903 Ιεα.
1176 883 1249 907 sxw,
1266 875 1292 901 'I.
1311 888 1344 894 ——
1360 882 1369 898 ι
1388 871 1578 907 ingemiscant
1599 875 1697 896 omnes
1713 865 1761 902 qui
1778 865 1853 903 lata-

261 937 313 956 ν.»

261 937 284 956 ν.
304 937 313 954 ι

224 929 273 1001 χήι
294 974 425 1001 Ἐκάλεσε
450 973 553 1008 Κύριος
564 973 593 999 ὲν
606 973 639 1008 τῇ
660 971 752 1008 ἡμέρᾳ
768 970 860 1006 ἐκείνῃ
873 970 1014 1005 κλαυθμὸν

227 1021 274 1048 καὶ
290 1020 417 1052 κοπετὸν,
435 1019 550 1054 ξύρησιν
568 1019 615 1045 καὶ
630 1017 713 1050 ζῶσιν
741 1016 866 1043 σάκκων-
883 1015 960 1042 αὐτοὶ
986 1015 1014 1042 δὲ

226 1068 388 1103 ἐποιήσαντο
413 1064 594 1100 εὐφροσύνην,
622 1063 797 1098 εἰσφάζοντες
822 1063 948 1097 μόσχους,
968 1061 1015 1088 καὶ

227 1113 338 1145 Θύοντες
351 1110 486 1148 πρόϐατα,
501 1111 635 1144 λέγοντες,
664 1108 799 1144 Φάγωμεν
818 1108 867 1135 καὶ
890 1107 1013 1143 πίωμεν·

227 1158 324 1195 αὔριον
340 1157 395 1192 γὰρ
405 1156 624 1191 ἀποθνήσκομεν.
647 1164 657 1181 ι

266 1215 276 1230 ι
295 1204 326 1231 Οἱ
344 1203 480 1234 ἐσθίοντες
495 1202 545 1234 τὰς
561 1201 677 1237 τρυφὰς,
691 1200 882 1236 ἠφανίσθησαν
901 1200 930 1226 ἐν
955 1200 1016 1232 ταῖς

227 1250 329 1283 ἐξόδοις
340 1258 347 1265 ·
362 1251 386 1276 ol.
401 1248 592 1284 τιθηνούμενοι
609 1248 655 1275 ἐπὶ
677 1247 788 1281 κόκκον,
805 1245 1016 1282 περιεϐάλλοντο

229 1296 355 1332 κοπρίαν.
376 1305 386 1321 ι

267 1352 276 1368 ι
300 1341 403 1369 Ὀπίσω
421 1341 475 1369 τῶν
487 1340 639 1374 ἐπιθυμιῶν
652 1348 698 1367 σου
710 1339 748 1376 μὴ
759 1338 886 1375 πορεύου,
900 1338 948 1365 καὶ
962 1337 1017 1365 ἀπὺ

229 1388 282 1415 τῶν
295 1387 412 1424 ὀρέξεών
428 1395 474 1414 σου
489 1386 604 1414 κωλύου.
625 1387 688 1413 Ἐὰν
707 1386 866 1422 χορηγήσῃς
882 1386 916 1420 τῇ
942 1384 1015 1419 ψυχῇ

229 1441 277 1459 σου
293 1432 418 1460 εὐδοκίαν
435 1431 593 1467 ἐπιθυμίας,
610 1432 734 1468 ποιήσεις
748 1431 891 1466 ὲπίχαρμα
913 1429 1017 1465 ἐχθρῶν

231 1487 288 1505 σου.
308 1488 317 1504 I

269 1534 278 1550 ι
296 1524 342 1560 Μὴ
359 1523 506 1559 εὐφραίνου
520 1523 568 1569 ἐπί
580 1523 676 1569 ,πολλῇ
695 1524 796 1559 τρυφῇ.
813 1523 932 1559 Στρόφος
950 1524 1021 1558 μετὰ
1033 1540 1055 1569 C

231 1569 328 1604 ἀνδρὸς
340 1569 491 1604 ἀπλήστου.
506 1568 620 1600 Κοιλίας
632 1568 733 1604 ὄρεξις,
746 1568 793 1596 καὶ
807 1569 1018 1604 συνουσιασμδς,

233 1615 271 1650 μή
288 1623 322 1650 με
338 1613 577 1641 καταλαϐέτωσαν.
595 1623 604 1640 ι

271 1713 280 1729 ι
302 1703 348 1738 Μὴ
360 1701 532 1736 ἁπληστεύου
544 1701 573 1728 ὲν
586 1701 662 1738 πάσῃ
673 1703 774 1738 τρυφῇ.
793 1703 838 1730 Ἐν
849 1703 956 1735 πολλοῖς
967 1705 1021 1740 γὰρ

234 1749 377 1785 βρώμασιν
391 1749 468 1774 ἔσται
484 1747 570 1779 νόσος.
598 1747 681 1783 ’Δνὴρ
698 1748 806 1783 βλέπων
821 1749 862 1780 είς
882 1749 1022 1785 τράπεζαν

233 1794 387 1830 ἀλλοτρίαν,
399 1794 449 1821 οὐκ
461 1793 536 1820 ἐστιν
546 1793 629 1821 αὐτοῦ
646 1793 660 1820 ό
669 1792 725 1829 βίος
736 1795 765 1822 ἐν
778 1795 902 1830 λογισμῷ
915 1795 997 1831 ζωῆς.
1010 1805 1019 1821 ι

272 1897 282 1913 ι
295 1886 364 1914 Οὐαὶ
376 1886 451 1921 ὑμῖν,
459 1886 484 1913 οί
494 1885 778 1921 ὲμπεπλησμένοι,ὄτι
791 1885 945 1912 πεινάσετε.
955 1886 1024 1912 Οὐαὶ

234 1932 308 1967 ὑμῖν,
323 1932 347 1959 οί
362 1931 506 1966 γελῶντες,
520 1931 561 1958 ὅτι
574 1930 724 1967 πενθήσετε
736 1931 783 1958 καὶ
796 1930 940 1958 κλαύσετε.
958 1940 967 1956 ι

273 2028 283 2044 ε
304 2021 460 2057 Προσέχετε
477 2020 595 2054 ἑαυτοῖς,
627 2020 733 2056 μήποτε
758 2019 835 2055 ὑμῶν
853 2019 1025 2055 βαρυνθῶσιν

236 2069 265 2095 αί
275 2069 384 2104 καρδίαι
399 2069 428 2094 έν
446 2067 587 2104 κραιπάλῃ
599 2067 647 2094 καὶ
659 2065 740 2103 μέθῃ.
766 2066 914 2101 μερίμναις
938 2065 1027 2101 βιωτι-

237 2115 310 2147 καῖς,
325 2114 371 2141 καὶ
386 2114 526 2148 αἰφνιδίως
540 2114 604 2149 ὑμῖν
617 2113 715 2148 ἐπιστῇ
729 2113 746 2147 ἡ
756 2112 847 2148 ἡμέρα
859 2112 961 2148 ἐκείνη.
983 2113 1026 2145 Ὠς

237 2161 322 2194 παγὶς
346 2160 488 2187 ἐλεύσεται
514 2160 561 2186 ἐπὶ
589 2160 694 2191 πάντας
711 2160 774 2190 τοὺς
797 2159 970 2194 καθημένους
979 2159 1026 2185 ἐπὶ

238 2206 385 2242 πρόσωπον
401 2205 491 2241 πάσης
501 2206 551 2240 τῆς
566 2206 628 2240 γῆς.
645 2214 654 2231 ι

277 2262 286 2278 ι
302 2252 450 2288 Ἔορέψατε
464 2252 515 2284 τὰς
525 2251 639 2288 καρδίας
655 2250 743 2286 ὑμῶν,
757 2250 795 2282 ὡς
805 2251 833 2277 ὲν
850 2250 942 2286 ἡμέρᾳ
956 2259 1026 2285 σφα-

239 2306 300 2333 γηςσ
321 2307 330 2324 ι

278 2353 288 2370 ι
306 2345 376 2376 Τοὺς
389 2343 503 2379 ἐχθροὺς
516 2342 562 2370 τοῦ
575 2342 704 2378 σταυροῦ,
715 2338 752 2369 ὧν
765 2343 794 2369 τὸ
804 2342 880 2373 τέλος
893 2341 1026 2373 ἀπώλεια,

240 2387 277 2418 ὧν
293 2391 306 2417 ὁ
321 2390 386 2421 Θεὸς
404 2390 420 2425 ἡ
442 2389 545 2421 κοιλία,
567 2389 640 2424 καὶὴ
654 2388 718 2421 δόξα
740 2389 770 2414 ὲν
790 2389 824 2422 τῇ
848 2387 965 2423 αἰσχύνῃ
980 2388 1027 2413 αὐ-

240 2443 304 2462 των.
327 2444 336 2460 ι

280 2489 290 2506 ι
306 2480 352 2515 Μή
372 2489 414 2512 τις
438 2480 554 2516 πόρνος,
571 2479 587 2515 ἢ
613 2478 725 2513 βέϐηλος
747 2478 785 2510 ὡς
805 2477 900 2508 Ἡσαῦ,
918 2477 949 2509 ὃς
967 2478 1028 2504 ἀντὶ

244 2525 371 2560 βρώσεως
390 2526 454 2560 μιᾶς
472 2526 588 2553 ἀπέδοτο
600 2525 635 2552 τὰ
646 2524 818 2561 πρωτοτόκια
834 2523 928 2551 αὑτοῦ.
954 2533 962 2549 ι

279 2614 462 2646 Εὒεκτοῦντος
484 2614 531 2641 καὶ
553 2612 732 2648 ὑπερζέοντός
762 2619 809 2637 σου
831 2609 877 2637 τοῦ
906 2608 1032 2644 αἵματος,

244 2659 356 2695 ἀφορμὴ
381 2659 450 2694 πρὸς
475 2657 612 2694 ἁμαρτίαν
627 2657 643 2693 ἡ
658 2655 830 2691 πολυσαρκία
844 2655 960 2690 γίνεται.
988 2653 1034 2687 Μὴ

209 2727 212 2729 λ
245 2705 378 2734 κολάκευέ
397 2712 444 2731 σου
465 2704 496 2731 τὸ
515 2704 596 2739 σῶμα
616 2703 727 2736 ὕπνοις,
749 2702 796 2729 καὶ
820 2702 960 2737 λουτροῖς,
987 2700 1034 2726 καὶ

246 2750 378 2786 μαλακοῖς
403 2751 558 2786 στρώμασι,
578 2750 622 2777 ἀεὶ
638 2750 772 2784 ἐπιλέγων
796 2748 826 2775 τὸ
842 2748 918 2784 ῥῆμα
940 2747 1033 2774 τοῦτο·

247 2801 295 2834 Τίς
304 2799 433 2834 ὠφέλεια
442 2798 477 2824 ἐν
489 2797 529 2830 τῷ
541 2797 643 2832 αἵματί
657 2806 727 2832 μου,
742 2796 776 2823 ἐν
791 2795 832 2828 τῷ
844 2795 1036 2822 καταϐαίνειν

245 2856 280 2881 με
296 2847 339 2880 εἰς
356 2843 538 2880 διαφθοράη
554 2843 586 2870 Τί
602 2842 742 2878 περιέπεις
757 2842 786 2868 τὺ
806 2841 902 2877 μικρὸν
923 2840 1036 2876 ὕστερον

1064 923 1166 951 bantur
1183 921 1286 948 animo.
1307 930 1316 945 ι

1100 968 1159 996 Isa.
1172 975 1241 998 xxu.
1258 966 1301 993 12.
1317 979 1351 985 —-
1369 974 1378 990 ι
1393 963 1510 991 Vocavit
1529 961 1666 989 Dominus
1686 961 1713 987 iu
1735 959 1780 986 die
1808 957 1854 985 illa

1063 1015 1203 1051 planctum
1223 1019 1249 1040 et
1262 1012 1365 1043 ﬂetum,
1394 1009 1537 1038 calvitium
1554 1012 1582 1036 et
1597 1006 1743 1042 cingulum
1760 1004 1833 1033 sacci
1845 1023 1860 1031 ,γ

1064 1050 1119 1096 lpsi
1139 1065 1228 1087 autem
1239 1058 1366 1086 fecerunt
1379 1052 1771 1090 jucunditatem,jugulantes
1784 1050 1855 1078 vitu-

1063 1107 1117 1139 los,
1139 1109 1167 1134 et
1184 1105 1360 1132 immolantes
1374 1109 1456 1134 oves;
1473 1101 1601 1128 dicentes
1618 1108 1626 1127 :
1651 1097 1854 1126 Manducemus

1064 1157 1092 1180 et
1108 1151 1235 1179 bibamus
1251 1159 1258 1178 :
1279 1157 1342 1177 cras
1357 1148 1432 1176 enim
1450 1146 1614 1174 moriemur.
1639 1154 1648 1171 ι

1104 1198 1202 1225 Thren.
1222 1204 1260 1229 tv,
1278 1195 1306 1223 5.
1328 1208 1363 1215 -
1376 1204 1385 1219 ι
1399 1191 1451 1226 Qui
1472 1191 1656 1220 vescebantur
1678 1189 1854 1223 voluptuose,

1064 1243 1195 1272 exstincti
1220 1245 1286 1270 sunt
1306 1241 1333 1268 iu
1358 1239 1480 1267 exitibus
1504 1238 1611 1265 viarum
1637 1236 1707 1271 :qui
1737 1233 1856 1262 delicate

1066 1288 1259 1316 nutriebantur
1277 1285 1304 1312 iu
1321 1291 1414 1317 croco,
1433 1282 1579 1318 amplexati
1595 1285 1660 1309 sunt
1672 1283 1804 1308 stercora.
1828 1286 1838 1304 ι

1103 1332 1187 1360 Eccli.
1209 1339 1286 1364 xvtu,
1304 1330 1350 1358 '50.
1365 1338 1420 1355 -ι
1437 1328 1504 1356 Post
1522 1325 1771 1361 concupiscentias
1792 1328 1856 1351 tuas

1067 1387 1103 1407 ne
1118 1386 1177 1411 eas,
1193 1381 1221 1405 et
1237 1384 1251 1404 a
1267 1374 1467 1411 cupiditatibus
1487 1374 1544 1401 tuis
1558 1372 1679 1400 abstine.
1697 1370 1725 1398 Si
1739 1373 1855 1405 prmsles

1068 1426 1168 1452 animae
1184 1428 1238 1451 tua!
1252 1422 1325 1458 quod
1338 1420 1574 1456 concupisCentite
1589 1417 1787 1453 complacitum
1801 1421 1855 1448 est,

1069 1470 1157 1498 facies
1175 1469 1307 1504 gaudium
1327 1466 1449 1494 inimicis
1461 1466 1526 1494 tuis.
1552 1475 1561 1491 ι

1109 1515 1192 1542 Eccli.
1204 1522 1278 1546 mu,
1292 1513 1326 1540 20
1341 1521 1349 1546 ;
1362 1521 1440 1546 xxtn,
1452 1509 1691 1544 6;xxxv1l,29.—
1706 1519 1715 1534 ι
1731 1508 1770 1536 Ne
1782 1507 1858 1535 oble-

1072 1562 1156 1588 cteris
1169 1561 1197 1588 iu
1218 1560 1313 1587 multis
1327 1558 1446 1587 deliciis.
1468 1557 1589 1586 Tortura
1607 1559 1650 1584 est
1664 1563 1727 1583 cum
1740 1555 1800 1581 viro
1814 1554 1858 1580 in-

1071 1607 1174 1634 frunito
1193 1609 1220 1634 et
1243 1603 1414 1640 inexplebili.
1441 1601 1670 1638 Concupisccntia
1698 1601 1813 1631 ventris,
1831 1603 1859 1627 et

1071 1651 1246 1683 concubitus,
1260 1657 1295 1678 ne
1304 1648 1537 1684 comprehendant
1556 1655 1608 1676 me.
1629 1657 1638 1672 ι

1108 1697 1192 1724 Eccli.
1211 1705 1255 1729 ιιι..
1269 1696 1315 1729 29,
1331 1696 1376 1723 50.
1398 1708 1434 1715 -
1451 1704 1460 1721 ι
1475 1694 1515 1722 Ne
1527 1698 1553 1722 te
1566 1694 1719 1730 ingurgitcs
1732 1694 1760 1721 in
1773 1694 1847 1721 omni

1072 1744 1123 1772 bus
1136 1742 1252 1771 deliciis.
1267 1741 1298 1769 ln
1313 1741 1407 1770 multis
1419 1741 1494 1769 enim
1508 1741 1582 1769 cibis
1597 1741 1651 1768 erit
1671 1740 1797 1767 morbus.
1812 1738 1860 1765 Vir

1072 1788 1224 1824 respiciens
1243 1788 1270 1815 in
1288 1795 1413 1816 mensam
1440 1787 1571 1819 alienam,
1585 1793 1641 1814 nou
1665 1789 1708 1813 est
1721 1786 1776 1812 vita
1797 1785 1859 1819 ejus

1072 1834 1101 1863 in
1116 1834 1283 1870 cogitatione
1297 1834 1414 1861 victus.»

1107 1880 1172 1908 Luc.
1187 1888 1226 1914 vr,
1241 1880 1327 1907 2.1—
1338 1887 1347 1905 ι
1361 1879 1406 1906 Va:
1419 1879 1493 1906 vobis
1505 1878 1551 1913 qui
1565 1877 1680 1906 saturati
1696 1877 1774 1908 estis,
1796 1876 1859 1911 quia

1072 1926 1214 1954 esurietis.
1236 1924 1282 1952 νω
1302 1924 1380 1952 vobis
1397 1924 1445 1959 qui
1466 1923 1576 1956 ridetis,
1593 1923 1659 1958 quia
1689 1921 1818 1956 lugebitis
1831 1925 1859 1948 et

1073 1972 1187 2000 ﬂebitis.
1207 1980 1216 1997 ι

1109 2016 1176 2044 Luc.
1192 2023 1250 2047 ut,
1264 2015 1310 2043 54.
1323 2030 1359 2035 -
1372 2024 1381 2040 ι
1399 2013 1539 2042 Attenditc
1556 2013 1644 2046 vobis,
1662 2020 1697 2041 ne
1711 2013 1782 2041 forte
1798 2020 1861 2048 gra-

1074 2066 1174 2090 ventur
1189 2061 1272 2088 corda
1284 2065 1373 2088 vestra
1393 2060 1516 2095 crapula,
1532 2064 1559 2087 et
1582 2059 1723 2092 ebrietate,
1739 2063 1767 2086 et
1787 2059 1862 2086 curis

1075 2107 1158 2143 hujus
1170 2107 1244 2138 vitae,
1258 2110 1285 2133 et
1296 2110 1408 2140 repente
1442 2105 1620 2139 superveniat
1634 2105 1712 2132 vobis
1726 2104 1786 2132 dies
1804 2105 1860 2131 illa.

1075 2154 1218 2188 Tanquam
1236 2151 1351 2186 laqueus
1367 2151 1440 2178 enim
1457 2150 1635 2185 superveniet
1652 2150 1680 2177 lu
1695 2157 1792 2178 omnes
1815 2151 1861 2184 qui

1038 2207 1059 2236 ι)
1074 2199 1172 2228 sedent
1186 2206 1270 2233 super
1291 2197 1387 2225 faciem
1407 2200 1514 2225 teme.)

1111 2244 1174 2272 Jac.
1191 2252 1216 2277 v,
1230 2244 1255 2272 5.
1275 2260 1308 2264 -
1327 2253 1336 2269 ι
1356 2243 1509 2271 Enutristis
1521 2243 1608 2271 corda
1624 2247 1726 2276 vestra,
1739 2246 1769 2269 ut
1784 2242 1863 2270 indic

1078 2297 1237 2319 OCt'ISIOIllS.
1259 2298 1268 2314 ι

1115 2335 1189 2362 Phil.
1205 2342 1247 2366 ιιι,
1262 2333 1305 2361 t8.
1322 2349 1355 2354 —
1369 2342 1377 2358 ι
1393 2333 1526 2361 Inimicos
1541 2332 1646 2365 crucis,
1663 2340 1782 2367 quorum
1800 2333 1862 2360 linis

1078 2382 1215 2414 interitus,
1244 2388 1359 2416 quarunt
1381 2379 1450 2407 deus
1468 2382 1564 2407 venter
1587 2384 1640 2412 est,
1671 2383 1698 2407 et
1721 2379 1806 2413 gloria
1835 2379 1862 2406 in

1079 2427 1240 2456 confusione
1251 2426 1386 2461 ipsorum.
1408 2435 1416 2451 ι

1116 2473 1200 2501 Hebr.
1217 2480 1265 2504 xu,
1284 2471 1374 2498 lG.—
1392 2481 1400 2496 ι
1414 2471 1452 2498 Ne
1472 2470 1535 2506 quis
1554 2470 1716 2503 fornicator,
1734 2475 1781 2498 aut
1800 2476 1863 2504 pro-

1080 2521 1160 2548 fanus
1177 2524 1208 2546 ut
1218 2519 1300 2551 Esau,
1318 2518 1364 2553 qui
1381 2526 1430 2553 pro
1443 2518 1524 2545 unico
1538 2518 1600 2545 cibo
1615 2517 1738 2545 vendidit
1763 2519 1863 2552 primo-

1079 2567 1170 2601 genita
1183 2573 1244 2593 sua.
1263 2574 1272 2590 ι

1115 2609 1204 2636 Basil.
1220 2609 1247 2635 in
1263 2610 1332 2642 psal.
1350 2616 1405 2636 vix.
1421 2624 1456 2629 —
1485 2609 1557 2637 Bene
1579 2617 1608 2637 se
1634 2610 1760 2641 habente,
1776 2614 1804 2636 et
1819 2617 1851 2637 su

1080 2662 1128 2690 pra
1143 2654 1252 2681 modum
1266 2654 1414 2682 ebullicnte
1429 2655 1562 2690 sanguine
1575 2663 1607 2682 ex
1619 2655 1753 2682 obesitate
1765 2659 1792 2682 et
1806 2663 1864 2682 cor-

1080 2699 1214 2735 pulentia,
1239 2698 1369 2732 peccandi
1385 2698 1495 2726 occasio
1526 2698 1710 2726 contrahitur.
1739 2698 1863 2729 (Zavcsis,

1080 2753 1114 2773 ne
1143 2744 1251 2780 corpori
1272 2749 1320 2771 tuo
1337 2743 1497 2777 blandiaris,
1519 2745 1635 2777 somnis,
1653 2745 1826 2780 balneisqne,
1841 2748 1865 2771 et

1080 2792 1210 2820 mollibus
1225 2793 1356 2827 stragulis
1372 2793 1462 2828 ipsum
1477 2792 1613 2821 deliniens
1634 2802 1641 2820 :
1660 2793 1726 2828 quin
1737 2793 1788 2820 hoc
1801 2792 1865 2820 etIn-

1081 2845 1138 2867 tum
1158 2847 1265 2875 semper
1281 2839 1377 2868 aecine
1395 2849 1401 2868 :
1440 2848 1479 2868 ua:
1497 2840 1600 2869 utilitas
1617 2840 1643 2868 in
1657 2841 1785 2876 sanguine
1798 2847 1863 2872 meo,
