2074 3115
250 111 318 144 1335

247 213 318 246 Quid
338 214 405 242 iHud
421 214 592 251 foves,quod
610 216 692 251 paulo
708 220 770 252 post
785 218 961 244 Interiturum
977 217 1039 244 est?

246 259 312 292 quid
331 261 447 295 tcipsum
464 262 594 297 pinguem
608 265 636 289 et
651 263 843 297 corpulentum
862 262 979 290 reddis?
996 263 1037 290 An

247 313 273 333 te
287 303 370 343 fugit,
383 307 455 342 quod
467 311 572 342 quanto
582 308 749 336 crassiorem
762 315 875 335 carnem
885 313 961 335 tuam
976 308 1038 335 red-

247 355 363 389 dideris,
380 358 458 381 tanto
484 354 599 390 gravius
613 354 712 381 anima:
727 358 782 382 tua:
799 355 937 382 struxeris
958 361 1045 390 (ει-με

247 402 349 429 stulum
363 402 375 428 ?
387 400 532 434 Quomodo
549 401 623 429 enim
643 405 771 430 terrenus
791 406 819 429 et
846 401 969 429 carnalis
987 401 1037 428 lto-

246 455 292 474 mo
309 447 488 474 conﬁtebitur
519 447 586 479 Deo,
600 451 627 475 et
639 447 786 475 veritatem
802 447 891 482 ipsitts
923 455 1034 476 annun-

245 493 346 520 tiabit?
358 493 406 527 qui
433 501 467 520 ne
476 493 661 528 percipiendae
686 493 797 528 quidem
816 493 950 522 doctrinae
966 498 1036 522 tem-

246 538 323 573 poris
345 538 451 574 aliquid
482 539 638 574 impertiat,
660 539 728 567 etin
746 543 822 567 tanta
844 540 938 568 carnis
964 541 1036 568 mole

245 583 388 611 mnfusam
414 588 533 612 tuentem
554 584 663 612 habeat.

281 627 377 663 Ejusd.
395 644 431 649 —
446 628 563 656 Sursum
586 629 726 664 quondam
745 629 868 658 Adamus
883 635 955 665 erat,
980 639 1034 659 non

245 674 317 707 loco,
349 673 396 701 sed
414 673 496 710 41⁵1
521 674 605 702 animi
633 675 802 704 inductione.
829 675 928 704 Statim
956 685 1034 711 vero,

243 728 307 747 cum
338 720 412 747 omni
439 721 583 756 voluptate
613 721 748 755 ablueret,
776 730 808 750 ex
838 724 984 751 saturitate
1006 724 1035 752 in

245 766 425 801 petulantiam
453 767 529 800 ruit;
554 767 666 802 quippe,
686 768 734 803 qui
759 768 811 796 hoc
833 769 906 804 qttod
923 771 1034 799 carneis

243 812 334 839 oculis
360 820 501 840 amomum
535 813 694 847 ridebatur,
721 815 887 851 intelligibili
916 816 955 844 illi
971 817 1033 852 pul-

243 858 397 886 chritudini
413 861 616 894 anteposuerit,
631 863 659 887 et
670 860 765 888 carnis
788 860 935 896 ingluviem
948 863 1034 897 spiri-

243 904 367 933 tualibus
405 905 615 934 oblectamentis
648 906 879 941 praestabiliorem
910 907 1032 936 duxerit.

243 949 304 983 Quo
320 950 420 978 factum
437 955 492 983 est,
515 955 545 978 ut
560 951 706 979 confestim
721 960 736 980 e
754 953 897 987 paradiso,
910 961 925 981 e
942 954 1032 988 beato,

243 997 369 1033 inquam,
393 997 439 1025 illo
465 1002 551 1032 statu,
568 1000 733 1028 exturbatus
746 1000 798 1034 sit;
815 1000 904 1029 malus
920 1001 1032 1037 quidem

242 1043 344 1075 factus,
360 1050 415 1070 non
431 1044 610 1077 necessitate,
625 1045 674 1072 sed
687 1045 885 1081 imprudentia.

279 1087 374 1123 Ejusd.
390 1089 461 1117 hom.
482 1089 522 1117 De
531 1090 618 1125 jejun.
634 1107 670 1112 —
681 1091 783 1120 Venter
807 1093 878 1121 cibis
905 1099 1032 1128 onustus,

241 1141 297 1161 non
315 1134 405 1162 dicam
423 1135 457 1162 ad
473 1143 598 1169 cursum,
620 1136 667 1165 sed
690 1145 724 1165 ne
748 1138 782 1165 ad
796 1145 954 1167 sermonem
971 1139 1034 1175 qui-

241 1179 305 1207 dem
319 1185 399 1216 aptus
425 1186 479 1210 est.
504 1181 635 1210 Ciborum
652 1183 754 1219 quippe
781 1185 860 1220 copia
882 1189 1046 1221 oppressus’

241 1233 306 1254 cum
322 1227 370 1261 sit,
388 1235 423 1255 ne
439 1227 543 1256 sinitur
557 1228 669 1264 quidem
692 1230 848 1265 quiescere,
868 1231 916 1259 sed
931 1232 1034 1260 multas

242 1273 271 1299 in
290 1277 434 1308 utramque
448 1279 554 1309 partetu
571 1275 773 1304 conversiones
792 1277 900 1312 cogitur
913 1277 1030 1306 edicere.

281 1317 351 1345 Ibid.
367 1334 402 1340 -η
413 1318 514 1348 Venter
533 1320 717 1349 inﬁdissimus
741 1322 769 1349 in
786 1323 962 1350 commerciis
978 1328 1031 1356 est,

241 1364 357 1392 minime
369 1369 461 1393 tutum
476 1374 561 1401 penu,
577 1367 650 1402 quod
668 1367 762 1395 multis
778 1368 805 1395 in
823 1375 852 1396 se
869 1370 1030 1404 reconditis,

241 1409 438 1438 detrimentum
463 1412 574 1446 quidem
601 1413 732 1447 retineat,
755 1421 818 1449 quae
847 1421 913 1442 vero
931 1415 1030 1443 tradita

241 1456 295 1483 sibi
316 1461 392 1490 sunt,
413 1457 525 1486 minimc
539 1463 640 1486 servet.

818 115 847 144 S.
868 114 1029 159 JO.\NN[S
1048 116 1265 148 DAMASCENI

249 168 313 193 dum
328 168 460 197 descendo
472 170 499 196 in
526 170 724 205 corruptionem
738 169 857 204 Ηίθεοι.
881 178 957 203 xxtx,
972 170 1025 205 ιο)

1092 173 1393 209 καταφθαρησόμενον;
1418 175 1444 202 τί
1466 175 1655 207 καταπιαίκεις

1812 119 1881 153 i376

1682 176 1794 203 σεαυτὸν
1803 197 1811 209 ,
1834 177 1882 205 καὶ

1090 222 1284 256 περισαρκοῖς;
1299 221 1314 257 ἦ
1325 221 1398 258 [οὺκῖ
1408 223 1574 257 ἀγνοεῖς,ὅτι
1589 223 1651 250 ὅσον
1664 225 1822 260 παχυτέραν
1832 225 1881 261 τὴν

1091 266 1181 302 σάρκα
1206 267 1304 294 ἑαυτοῦ
1327 270 1424 301 ποιεῖς,
1441 268 1562 305 τοσούτῳ
1588 269 1739 306 βαρύτερον
1754 273 1788 306 τῇ
1807 271 1880 308 ψυχῇ

1088 312 1307 344 κατασκευάζεις
1323 313 1512 348 δεσμωτήριον
1525 322 1532 346 ;
1548 314 1610 346 Πῶς
1627 315 1682 350 γὰρ
1695 315 1710 341 ὁ
1724 315 1815 350 χοῖκὺς
1833 316 1880 343 ἄν·

1088 357 1197 392 θρωπος
1219 359 1266 386 καὶ
1282 359 1410 395 σάρκινος
1434 361 1663 396 ἐξομολογήσεται
1682 361 1721 397 τῷ
1738 361 1808 397 Θεῷ,
1832 362 1879 389 καὶ

1087 404 1234 439 ἀναγγελεῖ
1258 405 1309 442 τὴν
1337 407 1469 442 ἀλήθειαν
1487 407 1589 440 αὐτοῦ,
1611 408 1626 434 ὀ
1640 409 1708 444 μήτε
1734 409 1878 444 μαθήμασι

1087 448 1150 481 δοὺς
1164 450 1272 486 καιρόν,
1298 451 1346 477 καὶ
1361 452 1390 478 ὲν
1415 452 1537 487 τοσούτῳ
1552 452 1631 489 βάρει
1650 453 1700 489 τῆς
1718 454 1820 490 σαρκὸς
1832 455 1879 482 τὸν

1087 494 1150 523 νοῦν
1164 497 1369 533 συγκεχυμένον
1381 498 1471 534 Εχων;

1122 629 1177 659 Ἦν
1192 641 1258 660 ποτε
1278 633 1365 668 ’Δδὰμ
1375 634 1443 666 ἄνω,
1456 634 1487 661 οὐ
1507 633 1594 669 τόπῳ,
1615 633 1684 662 ἀλλὰ
1698 635 1731 670 τῇ
1747 635 1877 671 προαιρέ-

1087 687 1140 706 σει.
1155 679 1231 714 Ταχὺ
1242 679 1271 706 δὲ
1287 679 1378 715 πάσης
1388 679 1567 712 ἀπολαύσεως
1575 680 1755 716 ἐμπλησθεὶς,
1769 681 1876 716 ἐξύϐρι-

1087 732 1116 750 σε
1130 724 1171 760 τῷ
1186 725 1271 761 κόρῳ,
1283 725 1314 751 τδ
1328 725 1412 759 φανὲν
1426 725 1542 762 τερπνὸν
1557 727 1614 758 τοῖς
1624 726 1764 762 σαρκίνοις
1777 726 1876 761 ὀφθαλ-

1087 768 1148 802 μοῖς
1160 768 1206 794 τοῦ
1223 768 1321 804 νοητοῦ
1338 770 1515 805 προτιμήσας
1530 770 1656 802 κάλλους,
1677 771 1726 798 καὶ
1739 771 1789 806 τὴν
1808 772 1877 807 πλη-

1087 813 1190 849 σμονὴν
1208 814 1259 850 τῆς
1282 815 1385 850 σαρκὸς
1408 815 1464 842 τῶν
1484 817 1678 852 πνευματικῶν
1698 817 1876 846 ἀπολαύσεων

1085 859 1253 909 τιμιωτέραν
1264 860 1389 896 θέμενος.
1400 862 1474 894 Ἕξω
1486 862 1536 897 μὲν
1545 862 1627 894 εὐθὺς
1637 862 1686 890 τοῦ
1698 863 1875 909 παραδείσου,

1084 903 1137 936 ἔξω
1151 905 1179 932 δὲ
1190 906 1241 940 τῆς
1255 907 1396 942 μακαρίας
1409 907 1517 944 ἐκείνης
1529 908 1678 944 διαγωγῆς,
1690 909 1741 936 οὐκ
1753 903 1782 944 ἔξ
1792 910 1875 945 ἀνάγ-

1085 960 1136 987 κης
1153 952 1250 985 κακὸς,
1269 953 1328 980 αλλ⁹
1337 953 1367 987 ἐξ
1381 954 1510 987 ἀῦιιυλιας
1524 955 1681 991 γενόμενος.

1119 1086 1295 1124 Βαρυνομένη
1315 1090 1434 1125 γαστὴρ,
1455 1089 1505 1125 οὺχ
1517 1090 1591 1122 ὅπως
1605 1090 1675 1126 πρὸς
1688 1090 1800 1126 δρόμον,
1815 1090 1875 1118 ἀλλ’

1083 1131 1144 1159 οὐδὲ
1162 1133 1231 1168 πρὸς
1243 1133 1328 1162 ὕπνον
1344 1136 1497 1171 ἐπιτηδεία.
1515 1136 1589 1163 Διότι
1605 1136 1819 1172 καταθλιὼμένη
1834 1135 1875 1171 τῷ

1083 1178 1195 1214 πλήθει,
1206 1180 1266 1208 οὐδὲ
1288 1182 1406 1217 ἠρεμεῖν
1420 1183 1615 1219 συγχωρεῖται,
1629 1182 1698 1210 ἀλλὰ
1722 1182 1874 1216 ἀναγκάζε-

1083 1233 1128 1252 ται
1142 1225 1243 1259 πολλὰς
1257 1227 1394 1255 ποιεῖσθαι
1402 1228 1451 1262 τὰς
1465 1228 1652 1267 περιστροφὰς
1679 1229 1722 1263 ἐφ’
1745 1228 1870 1264 ἑκάτερα.

1118 1320 1228 1357 Γαστὴρ
1244 1319 1431 1355 συναλλάκτης
1448 1319 1523 1346 ἐστὶν
1539 1317 1730 1350 ἀπιστότατος.
1760 1316 1875 1352 ταμεῖον

1079 1367 1249 1402 ἀφύλακτον·
1269 1365 1375 1394 πολλῶν
1400 1365 1598 1398 ἀποτεθέντων,
1611 1364 1660 1399 τὴν
1691 1363 1742 1399 μὲν
1771 1363 1873 1398 βλάϐην

1081 1413 1324 1449 παρακατέχουσα,
1337 1413 1372 1440 τὰ
1392 1411 1486 1448 μέντοι
1505 1410 1694 1447 παραδοθέντα
1720 1409 1751 1437 οὐ
1777 1408 1873 1437 διασώ-

1081 1459 1176 1491 ζουσα.

278 1502 376 1538 ΕῙιιιιι.
399 1504 470 1541 ἠριη.
487 1504 524 1532 De
554 1504 646 1540 jejtnt.
665 1521 698 1526 -—
714 1505 753 1533 Ne
768 1505 831 1533 Eva:
847 1506 1030 1543 inobsequen-

1117 1503 1164 1538 Μὴ
1185 1501 1293 1538 μιμήσῃ
1314 1501 1365 1536 τῆς
1379 1499 1453 1533 Εὒας
1470 1500 1523 1536 τὴν
1533 1501 1698 1536 παρακοήν·
1727 1499 1764 1535 μὴ
1791 1499 1873 1526 πάλιν

240 1547 308 1574 tiam
324 1547 432 1576 imitere
450 1557 457 1575 :
478 1556 513 1576 ne
528 1553 682 1585 serpentem
709 1558 807 1578 rursus
830 1551 866 1579 ad
881 1552 1028 1581 consiliutn

241 1593 382 1628 adhibeas,
401 1599 431 1622 ut
451 1594 621 1632 indulgendo
633 1596 723 1629 carni,
737 1597 829 1625 cibum
849 1598 992 1633 subjicias.

276 1639 349 1667 Ibid.
365 1655 400 1660 —
412 1640 538 1669 Humana
555 1649 671 1677 corpora
684 1643 797 1671 assidua
812 1644 1029 1681 ingurgitatione

239 1691 419 1721 prmgravata,
437 1687 520 1715 facile
536 1692 701 1724 merguntur
717 1690 930 1726 obruunturque
945 1701 952 1719 :
968 1699 1029 1727 qua:

239 1735 333 1758 autem
359 1732 411 1759 levi
438 1733 570 1761 alimento
596 1738 723 1769 utuntur,
738 1739 797 1764 tum
816 1736 979 1772 impendens
993 1745 1028 1766 ex

239 1777 338 1805 morbo
362 1779 464 1806 malum
489 1784 622 1816 tanquam
646 1781 776 1817 procellae
803 1782 936 1817 impetum
961 1782 1029 1810 etfu-

239 1823 329 1858 giuut,
343 1828 398 1851 tum
412 1830 575 1860 prtesentem
591 1827 758 1860 molestiam,
779 1834 833 1856 non
848 1835 930 1857 secus
945 1832 1029 1864 atque

238 1867 345 1902 scopuli
358 1868 506 1903 cujusdam
522 1870 709 1898 incursionem
725 1871 860 1900 devitant.

274 1912 346 1941 Ibid.
366 1914 557 1950 Quadraginta
575 1916 684 1944 dierum
701 1919 936 1954 perseverantiam
952 1928 1026 1955 qttos

238 1957 348 1994 Moyses
364 1960 410 1988 Dei
435 1968 531 1989 servus
549 1961 703 1998 jejunando
718 1968 745 1991 et
762 1965 871 1992 orando
886 1971 1028 2001 transege-

237 2009 293 2039 rat,
320 2006 471 2035 vinolentia
502 2016 557 2036 una
581 2008 786 2038 infructuosam
811 2011 941 2039 reddidit.
958 2011 1027 2040 Nam

237 2058 308 2085 quas
331 2052 439 2080 tabulas
454 2053 542 2089 digito
566 2053 616 2083 Dei
640 2055 814 2091 conscriptas
827 2056 964 2092 jejunium
980 2065 1026 2086 ac-

236 2102 359 2133 ceperat,
381 2099 432 2128 bas
457 2099 577 2129 ebrietas
601 2101 747 2137 confregit,
774 2102 916 2139 indignum
932 2104 1028 2132 existi-

235 2149 331 2172 mante
352 2145 497 2180 propheta,
522 2147 654 2182 populum
669 2147 775 2175 ebrium
793 2148 839 2176 Dei
856 2149 963 2184 legibus
981 2150 1025 2178 in-

235 2189 324 2217 stitui.
360 2190 449 2219 Unico
479 2193 612 2227 temporis
643 2197 794 2227 momento,
820 2195 941 2230 populus
968 2196 1024 2230 ille,

235 2235 282 2270 qui
301 2243 349 2269 per
363 2237 536 2272 amplissima
562 2238 697 2266 miracula
715 2238 762 2267 Dei
777 2240 961 2275 cognitionem
977 2249 1024 2269 ae-

234 2284 358 2315 eeperat,
380 2281 416 2309 ob
431 2281 610 2317 gulositalem
626 2283 653 2310 in
667 2283 858 2320 Egyptiacam
870 2293 935 2322 erga
953 2287 1024 2316 idoia

234 2326 382 2354 amentiam
394 2327 558 2362 provolutus
570 2332 622 2356 est.
633 2327 757 2365 Utraque
769 2331 851 2359 simul
866 2339 1002 2368 compone
1016 2342 1023 2360 :

233 2372 367 2400 nimirum
394 2381 450 2409 quo
467 2379 551 2409 pacto
574 2374 711 2410 jejunium
736 2376 876 2405 hominem
893 2378 1025 2406 conciliet

233 2419 301 2453 Deo,
320 2415 349 2448 ei
363 2424 460 2448 contra
476 2423 557 2449 luxus
577 2429 695 2450 salutem
712 2424 871 2457 prostituat.

271 2466 344 2494 Ibid.
357 2482 393 2488 —-
409 2466 514 2494 Venter
533 2467 680 2503 liguriens.
698 2469 832 2503 poscendi
850 2469 933 2497 ﬁnem
949 2477 1023 2497 nun—

233 2520 317 2549 quam
341 2512 405 2540 facit
424 2521 431 2540 :
448 2513 529 2540 hodie
548 2513 662 2548 accipit,
682 2518 710 2542 et
726 2521 789 2542 eras
806 2514 951 2543 immernor
970 2520 1022 2544 est.

231 2559 303 2587 Cum
329 2559 401 2587 cibis
422 2558 543 2587 refertus
562 2563 615 2592 est,
631 2560 665 2587 dc
682 2561 865 2594 temperantia
888 2560 1021 2590 disserit:

232 2607 377 2634 inﬂatione
390 2613 457 2634 vero
476 2606 614 2640 discussa,
641 2606 816 2634 decretorum
835 2615 950 2635 suorum
967 2617 1023 2638 non

232 2653 407 2681 recordatur.

271 2699 343 2726 Ibid.
362 2699 523 2735 Exemplum
539 2698 635 2727 divitis
653 2699 814 2728 reformida.
834 2700 911 2728 Illum
928 2700 1021 2734 luxus,

233 2744 279 2771 cui
296 2752 344 2778 per
364 2752 472 2773 omnem
490 2746 575 2772 vitam
592 2745 720 2779 indulsit,
741 2746 768 2773 in
783 2746 873 2782 ignem
891 2747 1022 2783 conjecit.

233 2788 329 2822 Neque
348 2790 422 2816 enim
448 2790 592 2825 iniustitia:
618 2791 714 2823 ullius,
737 2792 784 2820 sed
805 2793 931 2821 ntollitici
949 2793 1021 2821 dun-

233 2837 312 2858 taxat
329 2838 356 2859 ct
368 2834 446 2861 luxus
465 2835 575 2864 nomine
587 2836 614 2863 iu
631 2836 739 2864 ﬂanh'va
760 2837 862 2865 camini
877 2838 1020 2866 excrucia-

235 2877 326 2904 batur.

1081 1547 1235 1582 σύμϐουλον
1248 1547 1393 1584 παραδέξῃ
1411 1546 1457 1574 τὸν
1471 1546 1546 1582 ὅφιν,
1572 1547 1661 1582 φειδοῖ
1693 1547 1743 1582 τῆς
1770 1546 1871 1583 σαρκὸς

1079 1593 1129 1628 τὴν
1149 1593 1249 1628 βρῶσιν
1258 1592 1462 1628 ὑποτιθέμενος.

1115 1639 1156 1666 Τὰ
1167 1639 1221 1666 τῶν
1236 1638 1389 1675 ἀνθρώπων
1403 1638 1528 1675 σώματα,
1541 1639 1650 1674 συνεχεῖ
1665 1637 1714 1673 μὲν
1729 1637 1768 1673 τῷ
1798 1637 1872 1672 κόρῳ

1079 1685 1321 1722 καταῦαρούμενα,
1333 1685 1452 1717 εὐκόλως
1466 1684 1620 1720 ὑποϐρύχια
1631 1684 1738 1719 γίνεται
1753 1692 1760 1699 ·
1775 1683 1871 1710 εὐστα-

1080 1731 1123 1758 λεῖ
1137 1732 1166 1759 δὲ
1182 1731 1230 1759 καὶ
1253 1732 1342 1767 κουφῇ
1365 1731 1535 1767 κεχρημένα,
1552 1730 1601 1758 καὶ
1629 1730 1661 1757 τὸ
1678 1730 1871 1766 προσδοκώμε-

1080 1785 1124 1804 νον
1140 1777 1173 1803 ὲκ
1188 1777 1268 1804 νόσου
1283 1777 1378 1809 κακὸν,
1397 1776 1493 1812 ὥσπερ
1522 1776 1659 1812 χειμῶνος
1686 1775 1870 1803 ἐπανάστασιν

1079 1822 1259 1857 ὑπεξέφυγεν,
1273 1823 1321 1850 καὶ
1333 1822 1364 1849 τὺ
1379 1822 1430 1858 ἠδη
1443 1823 1530 1858 παρὶν
1562 1821 1678 1857 ὀχληρὸν
1706 1821 1800 1857 ὥσπερ
1828 1829 1868 1848 τι-

1078 1867 1124 1900 νος
1137 1866 1265 1899 σπιλάδος
1281 1865 1430 1902 ἐπιδρομὴν
1442 1864 1627 1901 διεκρούσατο.

1115 1913 1328 1948 Τεσσαράκοντα
1354 1911 1467 1948 ἡμεριῖιν
1500 1910 1667 1948 προσεδρίαν
1693 1909 1869 1945 νηστεύονσος

1078 1960 1126 1986 καὶ
1151 1959 1279 1995 δεομένου
1304 1958 1352 1986 τοῦ
1374 1957 1538 1993 θεράποντος
1563 1955 1714 1988 Μωῦσέως,
1733 1955 1870 1991 ἄχρηστον

1078 2007 1207 2042 ἐποίησεν
1232 2005 1392 2042 οἰνοφλυγία
1418 2005 1478 2042 μία.
1507 2005 1557 2036 ’Δς
1580 2003 1636 2039 γὰρ
1663 2002 1775 2038 νηστεία
1788 2001 1867 2028 ἔλαϐε

1078 2053 1197 2086 πλάκας,
1207 2052 1331 2087 δακτύλῳ
1349 2050 1417 2078 Θεοῦ
1429 2050 1638 2086 γεγραμμένας,
1654 2049 1757 2080 ταύτας
1766 2049 1783 2083 ἡ
1799 2047 1868 2083 μέθη

1079 2098 1249 2135 συνέτριψεν,
1275 2097 1384 2130 ἀνάξιον
1410 2097 1553 2133 κρίναντος
1571 2095 1618 2122 τοῦ
1653 2095 1793 2130 προφήτου
1819 2101 1868 2128 με-

1079 2146 1178 2172 θύοντα
1192 2144 1257 2172 λαὸν
1271 2142 1474 2180 νομοθετεῖσθαι
1490 2141 1565 2178 παρὰ
1578 2141 1658 2168 Θεοῦ.
1687 2140 1733 2167 Ἐν
1749 2141 1798 2176 μιᾷ
1808 2148 1868 2166 και-

1081 2193 1128 2229 ροῦ
1146 2193 1228 2228 ῥοπῇ,
1242 2191 1287 2218 διὰ
1301 2189 1523 2226 γαστριμαργίαν
1540 2189 1554 2215 ὁ
1564 2188 1628 2220 λαὸς
1643 2189 1757 2221 ἐκεῖνος.
1785 2188 1799 2214 δ
1822 2186 1869 2212 τδν

1078 2237 1146 2264 θεὸν
1158 2237 1202 2264 διὰ
1223 2235 1279 2262 τῶν
1309 2235 1446 2272 μεγίστων
1474 2234 1596 2270 τεράτων
1627 2232 1817 2268 δεδιδαγμένος
1827 2231 1868 2263 εἰς

1079 2282 1129 2317 τὴν
1139 2281 1293 2316 Αἰγυπτίαν
1308 2280 1505 2316 εἰδωλομανίαν
1524 2278 1696 2314 ἐξεκυλίσθη,
1708 2277 1868 2314 παράλληλα

1079 2329 1136 2360 θεὶς
1154 2327 1307 2364 ἀμφότερα,
1338 2326 1398 2359 πῶς
1418 2328 1434 2360 ἡ
1457 2326 1569 2362 νηστεία
1590 2325 1650 2361 Θεῷ
1665 2324 1808 2361 προσάγει,
1821 2323 1870 2350 καὶ

1079 2374 1138 2407 πῶς
1151 2373 1241 2410 τρυφὴ
1256 2373 1306 2409 τὴν
1319 2372 1458 2408 σωτηρίαν
1471 2371 1628 2408 προδίδωσι.

1113 2472 1198 2508 Δίχνη
1215 2472 1324 2508 γαστὴρ
1343 2471 1387 2499 ἀεὶ
1408 2470 1574 2503 ἀπαιτοῦσα,
1599 2469 1646 2497 καὶ
1670 2468 1803 2504 μηδέποτε
1821 2466 1869 2502 λή-

1078 2527 1175 2554 γουσα,
1187 2519 1205 2554 ἡ
1218 2518 1397 2554 λαμϐάνουσα
1411 2517 1543 2553 σήμερον,
1561 2516 1609 2543 καὶ
1634 2514 1730 2552 αὔριον
1757 2513 1868 2540 ἐπιλαν-

1078 2565 1225 2601 θανομένη,
1242 2565 1308 2592 ὅταν
1322 2563 1479 2600 ἐμπλησθῇ,
1489 2563 1554 2598 περὶ
1567 2561 1731 2597 ἐγκρατείας
1762 2560 1869 2595 φιλοσο-

1077 2613 1133 2648 φεῖ,
1150 2612 1215 2639 ὅταν
1239 2611 1268 2638 δὲ
1294 2610 1468 2646 διεπνεύσθη,
1497 2608 1707 2636 ἐπιλανθάνεται
1726 2607 1782 2634 τῶν
1807 2606 1869 2639 δογ-

1099 2659 1180 2685 ἀτων.

1079 2667 1248 2739 “igitur:
1267 2701 1299 2729 τὸ
1323 2702 1478 2737 ὑπόδειγμα
1503 2701 1549 2728 τοῦ
1576 2701 1715 2728 πλουσίου.
1748 2699 1869 2726 Ἐκεῖνον

1078 2749 1237 2785 παρέδωκεν
1249 2748 1288 2783 τῷ
1302 2748 1370 2783 πυρὶ
1384 2749 1400 2782 ἡ
1409 2747 1453 2774 διὰ
1466 2747 1525 2782 βίου
1537 2746 1637 2782 τρυφή.
1669 2746 1707 2773 Οὐ
1729 2745 1783 2780 γὰρ
1810 2744 1870 2772 ἀδι-

1077 2796 1149 2827 κίαν,
1164 2794 1233 2822 ἀλλὰ
1247 2794 1277 2821 τὸ
1291 2793 1462 2830 ἁδροδίαιτον
1482 2793 1625 2830 ἐγκληθεὶς
1651 2794 1718 2819 ἁπετ
1726 2790 1873 2829 ηγανίζετο

1076 2843 1148 2878 ἐντῇ
1168 2841 1246 2877 φλογὶ
1259 2842 1308 2877 τῆς
1327 2841 1452 2878 καμίνου.
