2083 3114
262 162 331 196 1339

850 162 879 191 S.
895 159 1054 191 JOANNIS
1073 154 1289 190 DAMASCENl

1823 160 1891 193 1340

294 195 435 252 ἀλινμοσι.
451 231 485 237 -
498 216 568 244 Cum
582 195 752 248 comederis,
774 222 806 242 ac
823 214 943 248 biberis,
959 213 1046 248 reple-

1135 215 1242 250 Φαγὼν,
1254 217 1300 243 καὶ
1317 218 1397 250 πιὼν,
1416 220 1463 245 καὶ
1473 216 1652 252 ὲμπλησῠεὶς,
1667 216 1785 253 ’πρόσεχε
1810 226 1890 244 σεαυ-

258 268 359 298 tusque.
380 262 476 293 fueris,
499 261 611 289 attende
633 261 749 296 tibiipsi.
774 261 901 296 Praeceps
917 261 991 288 enim
1005 264 1049 288 est

259 308 339 336 locus
354 307 519 342 voluptatis.

294 351 381 386 Cyril.
394 367 429 372 —
445 351 545 380 Libido
561 352 642 380 luxus
658 359 769 386 semper
779 356 822 380 est
835 360 940 386 eomes,
954 361 1051 389 quem-

259 397 410 425 admodum
427 398 462 426 ab
483 398 606 426 Isocrate
629 399 769 434 proditum
797 403 850 427 est.
868 398 941 434 Opes
958 404 1050 428 autem

258 443 418 471 vitiositatis
433 444 611 480 potiusquam
627 445 739 473 virtutis
758 444 929 473 administrat
944 451 1021 474 sunt.

295 488 366 517 Nili.
381 505 416 509 —
428 489 451 516 Α
467 490 539 518 cibis
564 490 762 518 abstinendum
781 495 834 522 est.
854 499 909 519 non
924 492 1050 519 ciborum

259 542 356 567 causa,
373 535 421 563 sed
447 539 561 572 propter
581 536 751 565 detrimenta
765 544 826 572 qua:
837 545 871 565 ex
888 537 933 566 his
952 537 1050 565 oriun-

261 585 318 609 llll'.

296 627 392 662 Ejusd.
407 627 576 656 —-Al]'ectus
599 627 671 664 gula?
687 628 717 656 in
741 629 926 657 scortationis
951 630 1050 658 vitium

260 673 384 702 desinit:
401 674 536 702 scortatio
550 678 645 702 autem
662 681 784 703 mcerorc
803 676 981 704 terminatur.

294 770 405 799 Ibid.—
420 771 543 801 Comede
554 776 687 809 quantum
701 780 771 808 opus
784 774 822 801 sit
845 782 852 801 :
873 781 964 809 neque
976 775 1049 803 enim

259 817 420 845 moderatus
446 817 527 846 cibus
547 818 723 853 prohibetur.
746 819 867 846 Comede
883 820 967 854 igitur
986 827 1050 847 cum

258 863 409 895 gratiarum
424 863 535 891 actione
561 871 568 890 :
596 871 651 891 non
677 868 769 892 autem
793 864 908 893 devora.
929 865 1050 893 Voraces

257 908 331 935 enim
348 909 412 936 odio
430 913 507 937 sunt.

295 965 367 992 Ibid.
383 981 418 986 —
430 966 565 1002 Quisquis
579 967 740 1003 inexplebili
760 969 916 998 voracitate
933 969 1050 997 allectus

257 1013 310 1043 cst,
339 1011 521 1046 ignominiam
537 1016 565 1041 et
585 1014 811 1048 perturbationes
842 1024 890 1051 per
913 1016 1051 1052 gulosita-

258 1058 314 1081 tem
334 1055 423 1082 novit.

294 1109 366 1137 Ibid.
400 1111 503 1140 Malum
533 1117 577 1141 est
603 1113 710 1142 homini
737 1116 852 1144 scientia
878 1117 993 1153 praedito
1022 1122 1050 1146 et

257 1155 343 1191 frugi,
368 1162 552 1194 praeterquam
578 1160 654 1195 quod
682 1169 753 1197 opus
773 1163 821 1197 sit,
841 1163 934 1192 edere.
960 1163 1049 1198 Quid—

257 1201 324 1236 quid
340 1207 421 1230 extra
435 1205 630 1232 necessitatem
643 1210 698 1238 est.
715 1207 814 1236 inutile
831 1208 970 1236 redditur.

257 1247 341 1283 419
358 1247 453 1283 Ejuad.
474 1264 509 1270 --
525 1250 565 1278 An
580 1252 673 1280 nescis
699 1252 841 1286 lsraelcm,
856 1254 940 1283 simul
965 1259 1050 1291 atque

257 1292 403 1328 plusquam
418 1302 468 1329 par
479 1300 550 1330 erat,
558 1297 689 1331 comedit,
701 1298 790 1327 instar
800 1301 866 1328 muli
876 1301 1049 1335 calcitraSSe,

257 1342 341 1372 atque
356 1339 391 1366 ab
406 1347 449 1373 co,
462 1348 476 1367 a
486 1349 541 1376 quo
549 1343 674 1371 alebatur
685 1344 867 1373 deiecisse.—-
877 1346 986 1381 Corpus
998 1348 1051 1374 im-

257 1382 406 1411 moderato
417 1385 481 1413 cibo
495 1390 521 1413 et
536 1391 602 1421 potu
630 1388 685 1416 noli
707 1396 832 1423 gravare,
844 1397 878 1417 ne
886 1397 919 1418 ex
931 1390 1051 1426 ingluvie

257 1428 286 1454 in
300 1428 427 1456 morbum
444 1430 561 1464 incidas,
573 1437 655 1468 atque
684 1434 847 1469 vertiginem
860 1436 977 1470 patiaris
993 1437 1051 1464 ani-

259 1473 311 1506 mi,
329 1477 357 1501 et
367 1474 540 1510 voluptatum
567 1478 725 1513 agminibus
738 1481 915 1516 expugneris.
932 1497 965 1503 η
981 1481 1050 1509 Cum

257 1524 286 1546 te
302 1519 373 1547 ultra
394 1521 505 1548 modum
517 1522 619 1556 pascis,
631 1523 738 1552 hostem
761 1524 923 1560 imprudens
948 1527 1049 1562 pascis.

259 1563 449 1593 Delicatorum
480 1567 640 1596 eduliorum
665 1570 746 1606 copia
763 1577 966 1607 praegravatus,
988 1581 1050 1609 per-

261 1610 452 1639 turbationum
477 1612 573 1642 ﬂuctui
587 1615 664 1642 nulla
682 1624 770 1651 queas
786 1618 897 1646 ratione
928 1620 1050 1648 relucta-

258 1656 293 1683 ri.
311 1656 490 1685 —Nuntium
506 1659 584 1687 luxui
599 1661 744 1690 remittitc.
765 1662 833 1691 Nam
852 1664 886 1691 ad
898 1672 946 1693 eas
962 1665 1051 1693 actio-

256 1708 308 1729 nes
338 1702 435 1737 trahit,
452 1711 486 1732 ex
506 1705 610 1740 quibus
639 1715 758 1736 excusso
793 1716 893 1745 sopore
929 1712 1052 1746 gemitus

257 1747 392 1776 oriantur.
415 1765 450 1771 —-
473 1750 504 1779 In
526 1751 650 1787 ingluvie
674 1761 791 1784 venerea
811 1756 949 1791 cupiditas
965 1758 1050 1786 insita

259 1796 353 1821 est.——
382 1793 481 1831 Operae
498 1797 619 1832 pretium
645 1802 700 1831 est,
719 1803 750 1827 ut
769 1800 922 1835 saginatam
937 1809 1050 1831 carnem

259 1843 404 1868 extenuas.
439 1840 507 1870 Nam
525 1850 638 1872 crassus
655 1850 751 1873 venter
773 1847 906 1875 subtilem
928 1853 1050 1878 mentem

259 1892 315 1912 non
332 1890 445 1921 generat
462 1896 470 1915 τ
484 1895 517 1915 ac
533 1890 688 1924 praesertim
705 1892 730 1919 is
745 1892 793 1924 qui
809 1893 896 1920 otium
912 1895 991 1927 colit,
1008 1896 1051 1924 in—

258 1931 334 1965 genti
366 1933 517 1962 sobrietate
541 1942 612 1970 opus
630 1936 723 1965 habet.
743 1951 779 1959 -ι
802 1939 873 1972 Quid
903 1941 987 1969 luxus
1003 1950 1051 1970 os-

259 1977 384 2005 tentandi
404 1979 498 2007 studio
517 1985 638 2016 tenetur,
654 1982 728 2011 haud
757 1985 838 2021 longe
862 1986 943 2016 abest
959 1995 974 2014 a
995 1995 1052 2016 tar-

258 2025 337 2050 tarca
356 2023 508 2054 Charibde.
526 2041 561 2048 —-
580 2026 620 2056 Ne
636 2029 675 2057 sis
694 2030 818 2063 nescius,
835 2031 896 2059 laeta
914 2033 967 2060 hac
983 2042 1048 2062 eor-

258 2068 336 2103 poris
365 2070 507 2104 lirmitate,
524 2076 552 2100 et
575 2073 697 2108 ingentis
721 2074 862 2105 felicitatis
892 2079 1045 2113 splendore

257 2114 328 2142 nihil
343 2123 404 2144 esse
420 2117 560 2145 miserius.
579 2135 613 2139 —
627 2118 783 2155 Operosum
795 2118 839 2150 est
861 2123 1051 2154 inverecunde

257 2160 348 2188 ventri
365 2161 512 2197 imperare.
530 2163 555 2191 is
573 2165 647 2192 enim
662 2165 730 2194 deus
743 2171 787 2194 est
800 2175 898 2196 eorum
923 2178 994 2205 quos
1010 2172 1050 2208 ip-

258 2213 289 2233 se
302 2207 412 2235 vicerit.
428 2208 485 2236 Nec
499 2208 557 2238 ﬁeri
571 2216 672 2246 potest,
689 2216 719 2240 ut
735 2214 859 2254 quise/ei
874 2215 989 2252 addicit,
1007 2207 1048 2246 in-
1066 2217 1091 2247 D

259 2259 327 2279 sons
343 2258 461 2281 maneat.

261 2305 329 2335 TIT.
350 2308 465 2338 XIV.—
484 2312 522 2341 De
539 2314 572 2341 iis
593 2315 640 2349 qui
654 2315 774 2351 linguam
792 2325 869 2346 suam
883 2320 1049 2349 cuslcdiunt.

294 2385 346 2413 Job
372 2395 465 2421 xxvii,
486 2390 513 2418 4.
541 2404 576 2411 —-
595 2400 604 2417 ι
621 2390 682 2419 Non
709 2393 857 2429 [equentur
890 2396 961 2423 labia
992 2405 1051 2425 mea

259 2432 448 2468 iniquitatem,
463 2443 514 2464 nec
525 2437 618 2465 anima
633 2446 693 2467 mea
715 2440 897 2469 meditabitur
915 2442 1046 2478 injusta.»

298 2477 376 2507 Prov.
394 2489 451 2514 xxi,
471 2482 514 2510 l9.
528 2499 561 2503 —
581 2493 591 2511 ι
609 2483 639 2512 Si
657 2492 756 2521 parcas
789 2487 884 2521 labiis,
914 2489 1048 2518 cordatus

259 2531 326 2552 CI‘IS.
342 2535 352 2552 ι

295 2569 375 2599 Prov.
387 2579 449 2604 xm,
464 2573 492 2600 5.
505 2589 540 2594 -
558 2583 568 2600 ι
585 2574 638 2608 Qui
656 2577 781 2605 custodit
809 2578 929 2614 linguam
961 2588 1051 2614 suam,

262 2617 387 2644 custodit
402 2618 523 2647 animam
539 2627 629 2649 suam.
649 2631 659 2648 ι

299 2659 377 2688 Prov.
395 2669 461 2690 xvul
472 2683 480 2696 ,
496 2663 541 2691 18.
559 2680 595 2686 --
613 2674 624 2692 ι
641 2666 856 2696 Altercntionem
888 2669 969 2697 sedat
984 2670 1053 2698 taci-

261 2709 373 2735 ιιιῐηυε.

301 2763 309 2779 ι
335 2754 386 2787 Qui
404 2761 477 2784 amat
492 2757 575 2786 vitam
593 2766 684 2792 suam,
697 2761 784 2796 parcit
795 2761 838 2789 ori
858 2769 917 2790 suo.
933 2771 944 2789 ι

300 2799 379 2828 Prov.
398 2810 434 2835 ιν,
446 2804 490 2831 24.
517 2820 551 2824 -
570 2815 579 2832 ε
594 2805 678 2833 Aufer
697 2815 711 2835 a
724 2811 751 2836 tc
766 2816 798 2836 os
825 2815 1007 2844 perversum:
1026 2813 1051 2838 et

268 2845 370 2879 ‘njusta
385 2847 459 2876 labia
473 2850 578 2886 expelle
596 2859 610 2878 a
627 2855 662 2880 te.
683 2862 692 2879 ι

1098 260 1146 295 τῷ.
1169 261 1360 298 ’Δπόκρημνος
1376 263 1430 299 γάρ
1446 263 1520 290 ἐστιν
1534 263 1548 289 ὁ
1560 262 1642 294 τόπος
1653 262 1703 298 τῆς
1718 262 1835 298 τρυφῆς.

1135 348 1291 385 Σύνδρομον
1311 350 1355 378 ἀεί
1370 350 1429 382 πώς
1448 352 1505 378 ἐστι
1519 352 1580 383 ταῖς
1595 353 1713 387 τρυφαῖς
1728 352 1760 379 τὸ
1781 351 1887 387 φιλήδο-

1099 404 1155 427 νον,
1165 395 1237 422 καθᾶ
1253 396 1299 423 καὶ
1310 397 1393 428 αὑτός
1408 405 1492 431 φησιν
1505 397 1522 423 ὁ
1531 397 1700 433 Ἰσοκράτης.
1712 397 1831 430 Πλοῦτος
1840 406 1891 425 κα-

1100 440 1163 472 κίας
1179 441 1280 476 μᾶλλον
1293 442 1310 477 ἢ
1326 441 1531 476 καλοκαγαθίας
1544 442 1620 468 ἐστὶν
1631 441 1782 477 ὑπηρέτης.

1137 486 1288 522 Ἀφεκτὲον
1304 488 1468 524 βρωμάτων,
1483 488 1513 516 οὐ
1528 488 1562 515 δι’
1574 488 1658 520 αὐτὰ,
1680 487 1751 515 ἀλλὰ
1774 487 1820 515 διὰ
1841 488 1892 520 τὰς

1101 532 1147 559 ὑπ’
1166 533 1257 563 αὐτῶν
1275 533 1389 569 βλάϐας.

1141 621 1171 648 '0
1184 621 1238 657 τῆς
1245 622 1466 658 γαστριμαργίας
1485 622 1616 659 λογισμὸς
1628 623 1706 656 τέλος
1720 623 1777 660 ἔχει
1801 624 1831 651 τὸ
1843 625 1894 660 τῆς

1101 668 1246 703 πορνείας·
1264 668 1332 695 τὸδὲ
1347 669 1398 704 τῆς
1409 668 1549 703 πορνείας,
1567 669 1644 702 τέλος
1653 670 1710 705 ἔχει
1723 670 1755 697 τδ
1769 671 1818 706 τῆς
1846 671 1894 698 λύ-

1101 722 1167 749 πης.

1135 771 1209 805 Φάγε
1224 771 1273 807 τὴν
1282 772 1378 807 χρείαν
1390 780 1397 787 ·
1409 773 1440 799 οὗ
1454 772 1508 808 γὰρ
1522 771 1676 800 κεκώλυται
1687 773 1704 808 ή
1727 773 1798 808 μετὰ
1822 782 1893 809 συμ‹

1103 817 1217 852 μετρίας
1233 817 1394 853 μετάληψις.
1411 818 1484 853 Φάγε
1498 816 1546 846 οὖν
1559 819 1738 855 εὐχαρίστως,
1767 819 1837 846 ἀλλὰ
1856 819 1893 854 μὴ

1102 862 1277 898 καταφάγῃς.
1288 863 1319 890 Ol
1333 864 1385 900 γὰρ
1397 865 1591 900 καταφαγάδες
1604 865 1780 901 μεμίσηνται.

1138 960 1196 991 Πᾶς
1209 960 1356 996 ἄνθρωπος
1367 961 1505 997 ἄπληστος
1519 963 1566 989 καὶ
1587 962 1746 998 ἀκόρεστος,
1781 963 1896 999 ἀτιμίαν

1101 1005 1149 1032 καὶ
1161 1005 1236 1041 πάθη
1249 1006 1393 1034 ἐπίσταται
1406 1007 1451 1035 διὰ
1463 1007 1696 1044 γαστριμαργίας.

1137 1104 1193 1132 Οὐκ
1206 1105 1308 1139 ἀγαθὸν
1321 1105 1458 1141 ἀνθρώπῳ
1480 1105 1624 1141 γνωστικῷ
1643 1114 1674 1132 τε
1697 1114 1744 1132 και
1774 1105 1893 1142 σώφρονι

1101 1150 1221 1186 ἑλομένῳ
1235 1151 1306 1187 ὑπὲρ
1318 1151 1348 1178 τὺ
1360 1151 1420 1178 δέον
1435 1152 1600 1180 σιτεύεσοαι.
1618 1152 1676 1179 Πᾶν
1691 1152 1722 1179 τὸ
1746 1152 1817 1187 ὑπὲρ
1844 1153 1896 1188 τὴν

1101 1196 1207 1232 χρείαν,
1226 1197 1336 1233 ἀχρεῖον
1344 1197 1515 1226 καθίσταται.

1137 1242 1195 1269 Οὐκ
1208 1240 1297 1276 οἶσθα,
1314 1243 1355 1269 ὅτι
1368 1243 1438 1279 ὑπὲρ
1457 1243 1489 1270 τὸ
1506 1243 1566 1270 δέον
1593 1243 1740 1280 βεϐρωκὼς
1773 1243 1893 1280 Ἰσραὴλ,

1101 1287 1268 1316 ἀπελάκτισε
1284 1288 1411 1326 καθάπερ
1426 1289 1549 1325 ἡμίονος,
1579 1289 1627 1317 καὶ
1642 1290 1749 1325 ἀπέστη
1766 1289 1813 1316 τοῦ
1830 1289 1892 1325 τρέ-

1102 1341 1198 1368 φοντος
1215 1342 1222 1367 ;
1239 1350 1274 1355 —
1285 1335 1332 1371 Μὴ
1347 1335 1506 1371 βαρυνέσοω
1529 1335 1560 1362 τὸ
1590 1336 1670 1371 σῶμα
1688 1337 1745 1368 τοῖς
1762 1335 1892 1371 ἀμέτροις

1102 1378 1246 1415 βρώμασιν
1258 1390 1287 1408 τε
1307 1381 1354 1408 καὶ
1368 1381 1508 1416 πώμασιν,
1524 1382 1568 1408 ἶνα
1580 1382 1617 1417 μὴ
1630 1382 1662 1408 ὲκ
1674 1381 1835 1417 πλησμονῆς
1850 1391 1893 1408 νο-

1103 1427 1206 1462 σήματι
1234 1426 1348 1462 βλαΰῇς,
1374 1427 1422 1454 καὶ
1447 1427 1497 1463 τὴν
1522 1427 1612 1463 ψυχὴν
1636 1429 1802 1462 σχοτασμοῖς
1815 1436 1894 1463 περι-

1103 1472 1201 1508 ϐάλλῃ,
1218 1472 1264 1499 καὶ
1279 1474 1339 1504 ταῖς
1353 1472 1407 1499 τῶν
1424 1472 1527 1508 ἡδονῶν
1554 1473 1691 1508 φάλαγξιν
1712 1472 1891 1508 ὲκπορευθῇς.

1101 1534 1138 1539 —-
1154 1518 1257 1545 Σαυτὸν
1269 1518 1339 1554 ὑπὲρ
1352 1518 1383 1545 τὺ
1394 1518 1455 1545 δέον
1467 1519 1592 1550 σιτεύων,
1604 1519 1720 1554 λέληθας
1735 1519 1781 1545 τὸν
1798 1518 1894 1554 ἐχθρόν

1104 1571 1151 1590 σου
1168 1562 1293 1590 σιτεύων.
1306 1563 1363 1590 Οὐκ
1380 1563 1413 1591 ἂν
1429 1563 1521 1591 δύναιο
1534 1564 1573 1599 τῷ
1586 1564 1703 1590 κλύδωνι
1729 1564 1784 1590 τῶν
1800 1563 1894 1591 παθῶν

1103 1610 1276 1645 ἀντιστῆναι,
1291 1610 1504 1644 πεφορτωμένος
1520 1611 1553 1646 τῇ
1572 1609 1698 1645 δαψιλείᾳ
1712 1610 1767 1636 τῶν
1787 1618 1894 1646 τρυφη-

1104 1657 1209 1692 μάτων.
1223 1657 1448 1693 -Παραιτεῖσοε
1462 1657 1490 1684 δὲ
1505 1657 1535 1683 τὸ
1548 1657 1664 1693 τρυφᾷν.
1681 1657 1774 1683 Ἔλκει
1788 1657 1844 1692 γὰρ
1855 1657 1894 1689 είς

1103 1703 1229 1738 πράξεις,
1244 1703 1291 1738 ἀφ’
1303 1700 1341 1730 ὦν
1355 1703 1504 1739 στεναγμοὶ
1520 1703 1592 1738 μετὰ
1605 1703 1654 1739 τὴν
1668 1703 1750 1739 νῆψιν
1761 1704 1892 1746 γίνονται.

1103 1764 1137 1770 -
1150 1749 1293 1785 Ἔμφυτον
1307 1751 1340 1785 τῇ
1358 1750 1503 1785 πλησμονῇ
1521 1750 1538 1784 ἡ
1549 1749 1597 1776 τοῦ
1623 1749 1718 1785 ὲτὲρου
1748 1749 1893 1785 ἐπιθυμία.

1102 1811 1138 1817 --
1156 1795 1318 1829 ’Δναγκαῖον
1347 1795 1479 1822 λεπτῠναί
1506 1804 1537 1822 σε
1557 1795 1588 1822 τὸ
1610 1795 1745 1830 παχυνϐὲν
1771 1795 1894 1831 σαρκίον,

1102 1841 1169 1869 διότι
1184 1843 1285 1877 παχεῖα
1298 1841 1406 1878 γαστὴρ
1419 1841 1518 1869 λεπτὸν
1533 1841 1595 1869 νοῦν
1609 1842 1640 1869 οὐ
1656 1841 1754 1873 τίκτει,
1778 1841 1826 1868 καὶ
1842 1841 1895 1876 μά.-

1101 1888 1184 1916 λιστα
1197 1889 1239 1915 ὅτι
1256 1888 1433 1924 σχολαστικὸς
1449 1888 1550 1923 πολλῆς
1565 1888 1673 1924 νήψεως
1686 1888 1782 1915 δεῖται,
1798 1902 1832 1907 -—
1846 1889 1894 1914 Φι-

1102 1934 1212 1969 λήδονος
1234 1935 1282 1962 καὶ
1301 1934 1487 1970 φιλενδείκτης
1502 1934 1644 1970 ὑπάρχων,
1663 1933 1693 1960 οὐ
1708 1933 1818 1969 μακρὰν
1838 1933 1895 1969 ,ἁφ-

1102 1979 1222 2015 έστηκας
1235 1980 1285 2015 τῆς
1301 1979 1469 2016 ταρταρείας
1483 1979 1660 2015 Χαρύϐδεως.
1677 1995 1712 1999 -
1735 1979 1781 2012 Μὴ
1799 1979 1894 2014 ἀγνοή-

1103 2034 1164 2063 σῃς,
1179 2027 1221 2053 ὅτι
1233 2027 1283 2062 τῆς
1298 2015 1706 2062 εὐφραινομένηςέὒδαιμονίας
1715 2025 1792 2052 οὐδὲν
1805 2025 1894 2059 ὑπάρ-

1102 2081 1145 2108 χει
1159 2073 1452 2109 κακοδαιμονέστερον.
1464 2087 1501 2094 -
1519 2073 1620 2108 Ἔργον
1633 2071 1692 2098 ἐστὶ
1704 2071 1754 2106 τῆς
1767 2070 1893 2103 ἁναιδοῦς

1102 2119 1221 2154 γαστρὸς
1238 2119 1386 2155 κρατῆσαι.
1407 2119 1474 2151 Θεός
1490 2118 1783 2154 ἐστιτῶνὴττωμένων
1793 2116 1893 2152 αὐτῆς,

1102 2165 1149 2192 καὶ
1161 2165 1210 2192 οὐκ
1222 2165 1295 2192 ἔστιν
1305 2165 1466 2201 ἁοωωοῆναι
1482 2165 1527 2193 τὸν
1545 2164 1709 2200 ἀνεχόμενον
1728 2163 1839 2199 ταύτης.

1103 2318 1194 2345 ΤΙΤΛ.
1216 2317 1308 2346 1Δ’.--
1320 2319 1388 2354 Περὶ
1401 2318 1460 2345 τῶν
1476 2318 1532 2352 τὴν
1547 2317 1663 2346 ἑαυτῶν
1678 2316 1824 2353 γλῶσσαν
1835 2326 1893 2352 φυ-

1410 2354 1593 2381 ¹λυττώντων.

1141 2410 1150 2427 ε
1173 2400 1211 2427 Οὐ
1225 2399 1337 2435 λαλήσει
1353 2400 1387 2427 τὰ
1398 2400 1473 2436 χείλη
1490 2409 1540 2436 μου
1555 2400 1589 2428 τὰ
1600 2400 1700 2436 ἄνομα,
1715 2399 1774 2426 οὐδὲ
1787 2400 1803 2435 ὴ
1819 2398 1893 2434 ψυχὴ

1104 2455 1155 2482 μου
1172 2445 1317 2482 μελετήσει
1332 2446 1422 2474 ἄδικα.
1441 2456 1450 2473 ι

1141 2502 1151 2519 ε
1169 2493 1328 2528 Φειδόμενος
1342 2493 1464 2528 χειλέων,
1481 2493 1590 2529 νοήμων
1599 2492 1660 2528 ἔσῃ.
1679 2501 1689 2518 ι

1142 2591 1152 2608 ‹
1173 2582 1222 2614 ’ος
1240 2581 1373 2616 φυλάσσει
1385 2581 1521 2608 τδὲαυτοῦ
1535 2580 1632 2616 στόμα,
1659 2581 1740 2616 τηρεῖ
1756 2580 1808 2616 τὴν
1829 2580 1891 2606 ἐαυ-

1102 2628 1150 2655 τοῦ
1163 2628 1261 2663 ψυχήν.
1283 2637 1292 2654 ι

1142 2683 1151 2700 ι
1178 2673 1346 2709 Ἀντιλογίαν
1360 2674 1474 2710 πραΰνει
1489 2672 1612 2710 σιγηρός.
1631 2681 1641 2699 ι

1141 2771 1151 2788 ‹
1167 2762 1297 2795 ’Λγαπῶν
1305 2761 1378 2797 ζωὴν
1389 2761 1483 2794 αὑτοῦ,
1493 2761 1614 2796 φείδεται
1629 2761 1762 2796 στόματος
1780 2758 1888 2786 αὐτοϋ.)

1142 2817 1151 2833 ι
1166 2808 1277 2843 Περίελε
1289 2807 1404 2835 σεαυτοῦ
1414 2807 1520 2836 σκολιὸν
1534 2808 1631 2843 στόμα,
1647 2807 1692 2834 καὶ
1717 2806 1798 2834 ἄδικα
1815 2805 1892 2841 χείλη

1104 2855 1210 2882 ἅπωσαι
1229 2854 1281 2882 ἀπο
1298 2854 1355 2881 σοῦ.
1373 2863 1380 2880 ι
