  <div class='ocr_page' id='page_1' title='image "/cluster/home/n/w/nwhite01/storage/ocr_20150623/95/njp.32101077772844/680.png"; bbox 0 0 2083 3114; ppageno 0'>
   <div class='ocr_carea' id='block_1_1' title="bbox 161 168 222 200">
    <p class='ocr_par' dir='ltr' id='par_1_1' title="bbox 161 168 222 200">
     <span class='ocr_line' id='line_1_1' title="bbox 161 168 222 200; baseline 0 0"><span class='ocrx_word' id='word_1_1' title='bbox 161 168 222 200; x_wconf 62' lang='grc' dir='ltr'><strong>1ῗ41</strong></span> 
     </span>
    </p>
   </div>
   <div class='ocr_carea' id='block_1_2' title="bbox 215 229 868 265">
    <p class='ocr_par' dir='ltr' id='par_1_2' title="bbox 215 229 868 265">
     <span class='ocr_line' id='line_1_2' title="bbox 215 229 868 265; baseline 0 -9"><span class='ocrx_word' id='word_1_2' title='bbox 215 230 227 240; x_wconf 89' lang='grc'><em>”</em></span> <span class='ocrx_word' id='word_1_3' title='bbox 238 230 364 265; x_wconf 77' lang='grc' dir='ltr'>Αργυρος</span> <span class='ocrx_word' id='word_1_4' title='bbox 374 229 583 265; x_wconf 77' lang='grc' dir='ltr'><strong>πεπυρωμένος,</strong></span> <span class='ocrx_word' id='word_1_5' title='bbox 600 229 712 263; x_wconf 68' lang='grc' dir='ltr'>γλῶσσα</span> <span class='ocrx_word' id='word_1_6' title='bbox 723 229 840 258; x_wconf 72' lang='grc' dir='ltr'>δικαίου.</span> <span class='ocrx_word' id='word_1_7' title='bbox 858 239 868 256; x_wconf 80' lang='grc' dir='ltr'><strong>ι</strong></span> 
     </span>
    </p>
   </div>
   <div class='ocr_carea' id='block_1_3' title="bbox 225 317 955 354">
    <p class='ocr_par' dir='ltr' id='par_1_3' title="bbox 225 317 955 354">
     <span class='ocr_line' id='line_1_3' title="bbox 225 317 955 354; baseline 0.004 -11"><span class='ocrx_word' id='word_1_8' title='bbox 225 317 304 344; x_wconf 64' lang='grc' dir='ltr'>Μετὰ</span> <span class='ocrx_word' id='word_1_9' title='bbox 325 317 501 352; x_wconf 83' lang='grc' dir='ltr'>δικαιοσύνην</span> <span class='ocrx_word' id='word_1_10' title='bbox 524 317 614 344; x_wconf 86' lang='grc' dir='ltr'>πάντα</span> <span class='ocrx_word' id='word_1_11' title='bbox 637 318 672 344; x_wconf 82' lang='grc' dir='ltr'><strong>τὰ</strong></span> <span class='ocrx_word' id='word_1_12' title='bbox 690 318 801 354; x_wconf 79' lang='grc' dir='ltr'>ῥήματα</span> <span class='ocrx_word' id='word_1_13' title='bbox 818 318 865 345; x_wconf 81' lang='grc' dir='ltr'>τοῦ</span> <span class='ocrx_word' id='word_1_14' title='bbox 898 319 955 346; x_wconf 84' lang='grc' dir='ltr'>στό-</span> 
     </span>
    </p>
   </div>
   <div class='ocr_carea' id='block_1_4' title="bbox 164 363 954 401">
    <p class='ocr_par' dir='ltr' id='par_1_4' title="bbox 164 363 954 401">
     <span class='ocr_line' id='line_1_4' title="bbox 164 363 954 401; baseline 0.003 -11"><span class='ocrx_word' id='word_1_15' title='bbox 164 364 249 398; x_wconf 83' lang='grc' dir='ltr'>ματός</span> <span class='ocrx_word' id='word_1_16' title='bbox 262 372 320 390; x_wconf 80' lang='grc' dir='ltr'>σου.</span> <span class='ocrx_word' id='word_1_17' title='bbox 340 363 425 391; x_wconf 72' lang='grc' dir='ltr'>Οὐδὲν</span> <span class='ocrx_word' id='word_1_18' title='bbox 438 364 468 391; x_wconf 76' lang='grc' dir='ltr'>ἐν</span> <span class='ocrx_word' id='word_1_19' title='bbox 482 363 575 396; x_wconf 77' lang='grc' dir='ltr'>αὐτοῖς</span> <span class='ocrx_word' id='word_1_20' title='bbox 589 364 709 398; x_wconf 76' lang='grc' dir='ltr'>σκολιὸν,</span> <span class='ocrx_word' id='word_1_21' title='bbox 729 365 790 392; x_wconf 72' lang='grc' dir='ltr'><strong>οὐδὲ</strong></span> <span class='ocrx_word' id='word_1_22' title='bbox 811 372 954 401; x_wconf 82' lang='grc' dir='ltr'>στραγγα-</span> 
     </span>
    </p>
   </div>
   <div class='ocr_carea' id='block_1_5' title="bbox 163 411 302 442">
    <p class='ocr_par' dir='ltr' id='par_1_5' title="bbox 163 411 302 442">
     <span class='ocr_line' id='line_1_5' title="bbox 163 411 302 442; baseline -0.007 -5"><span class='ocrx_word' id='word_1_23' title='bbox 163 411 269 442; x_wconf 69' lang='grc' dir='ltr'>λιῶξες.</span> <span class='ocrx_word' id='word_1_24' title='bbox 292 420 302 436; x_wconf 71' lang='grc' dir='ltr'><strong>ι</strong></span> 
     </span>
    </p>
   </div>
   <div class='ocr_carea' id='block_1_6' title="bbox 200 457 956 494">
    <p class='ocr_par' dir='ltr' id='par_1_6' title="bbox 200 457 956 494">
     <span class='ocr_line' id='line_1_6' title="bbox 200 457 956 494; baseline 0.001 -10"><span class='ocrx_word' id='word_1_25' title='bbox 200 466 210 483; x_wconf 75' lang='grc' dir='ltr'><strong>ι</strong></span> <span class='ocrx_word' id='word_1_26' title='bbox 230 457 297 484; x_wconf 81' lang='grc' dir='ltr'><strong>Ἀπὸ</strong></span> <span class='ocrx_word' id='word_1_27' title='bbox 313 457 428 493; x_wconf 82' lang='grc' dir='ltr'><strong>καρπῶν</strong></span> <span class='ocrx_word' id='word_1_28' title='bbox 444 457 579 493; x_wconf 82' lang='grc' dir='ltr'>στόματος</span> <span class='ocrx_word' id='word_1_29' title='bbox 589 457 663 494; x_wconf 77' lang='grc' dir='ltr'>ψυχὴ</span> <span class='ocrx_word' id='word_1_30' title='bbox 684 458 781 494; x_wconf 75' lang='grc' dir='ltr'>ἀνδρὸς</span> <span class='ocrx_word' id='word_1_31' title='bbox 801 458 956 494; x_wconf 80' lang='grc' dir='ltr'>πλησθήσε-</span> 
     </span>
    </p>
   </div>
   <div class='ocr_carea' id='block_1_7' title="bbox 162 503 351 530">
    <p class='ocr_par' dir='ltr' id='par_1_7' title="bbox 162 503 351 530">
     <span class='ocr_line' id='line_1_7' title="bbox 162 503 351 530; baseline -0.005 0"><span class='ocrx_word' id='word_1_32' title='bbox 162 512 207 530; x_wconf 71' lang='grc' dir='ltr'><strong>ται</strong></span> <span class='ocrx_word' id='word_1_33' title='bbox 221 503 321 530; x_wconf 78' lang='grc' dir='ltr'>αὐτῶν.</span> <span class='ocrx_word' id='word_1_34' title='bbox 342 513 351 529; x_wconf 77' lang='grc' dir='ltr'><strong>ι</strong></span> 
     </span>
    </p>
   </div>
   <div class='ocr_carea' id='block_1_8' title="bbox 201 550 956 589">
    <p class='ocr_par' dir='ltr' id='par_1_8' title="bbox 201 550 956 589">
     <span class='ocr_line' id='line_1_8' title="bbox 201 550 956 589; baseline 0.004 -12"><span class='ocrx_word' id='word_1_35' title='bbox 201 560 212 576; x_wconf 77' lang='grc' dir='ltr'><strong>ι</strong></span> <span class='ocrx_word' id='word_1_36' title='bbox 231 552 318 582; x_wconf 86' lang='grc' dir='ltr'><strong>Ἴασις</strong></span> <span class='ocrx_word' id='word_1_37' title='bbox 332 550 459 586; x_wconf 78' lang='grc' dir='ltr'>γλώσσης</span> <span class='ocrx_word' id='word_1_38' title='bbox 482 550 591 588; x_wconf 76' lang='grc' dir='ltr'><strong>δένδρον</strong></span> <span class='ocrx_word' id='word_1_39' title='bbox 605 551 697 587; x_wconf 68' lang='grc' dir='ltr'>ζωῆςε</span> <span class='ocrx_word' id='word_1_40' title='bbox 720 553 734 579; x_wconf 84' lang='grc' dir='ltr'>ὀ</span> <span class='ocrx_word' id='word_1_41' title='bbox 760 553 789 580; x_wconf 74' lang='grc' dir='ltr'>δὲ</span> <span class='ocrx_word' id='word_1_42' title='bbox 815 552 956 589; x_wconf 77' lang='grc' dir='ltr'>συν-τηρῶν</span> 
     </span>
    </p>
   </div>
   <div class='ocr_carea' id='block_1_9' title="bbox 163 596 564 635">
    <p class='ocr_par' dir='ltr' id='par_1_9' title="bbox 163 596 564 635">
     <span class='ocr_line' id='line_1_9' title="bbox 163 596 564 635; baseline 0.005 -13"><span class='ocrx_word' id='word_1_43' title='bbox 163 596 351 635; x_wconf 69' lang='grc' dir='ltr'>πλησβήσεται</span> <span class='ocrx_word' id='word_1_44' title='bbox 368 597 534 632; x_wconf 79' lang='grc' dir='ltr'>πνεύματος.</span> <span class='ocrx_word' id='word_1_45' title='bbox 553 606 564 623; x_wconf 75' lang='grc' dir='ltr'><strong>ι</strong></span> 
     </span>
    </p>
   </div>
   <div class='ocr_carea' id='block_1_10' title="bbox 201 643 956 681">
    <p class='ocr_par' dir='ltr' id='par_1_10' title="bbox 201 643 956 681">
     <span class='ocr_line' id='line_1_10' title="bbox 201 643 956 681; baseline 0.004 -12"><span class='ocrx_word' id='word_1_46' title='bbox 201 653 211 669; x_wconf 75' lang='grc' dir='ltr'><strong>ι</strong></span> <span class='ocrx_word' id='word_1_47' title='bbox 233 644 325 679; x_wconf 80' lang='grc' dir='ltr'>Κηρῐα</span> <span class='ocrx_word' id='word_1_48' title='bbox 339 643 448 679; x_wconf 80' lang='grc' dir='ltr'>μέλιτος</span> <span class='ocrx_word' id='word_1_49' title='bbox 463 643 537 679; x_wconf 90' lang='grc' dir='ltr'>λόγοι</span> <span class='ocrx_word' id='word_1_50' title='bbox 546 644 635 678; x_wconf 79' lang='grc' dir='ltr'>καλοὶ,</span> <span class='ocrx_word' id='word_1_51' title='bbox 653 644 802 681; x_wconf 77' lang='grc' dir='ltr'>γλύκασμα</span> <span class='ocrx_word' id='word_1_52' title='bbox 821 644 850 672; x_wconf 82' lang='grc' dir='ltr'><strong>δὲ</strong></span> <span class='ocrx_word' id='word_1_53' title='bbox 866 644 956 672; x_wconf 79' lang='grc' dir='ltr'>αὐτῶν</span> 
     </span>
    </p>
   </div>
   <div class='ocr_carea' id='block_1_11' title="bbox 165 690 375 725">
    <p class='ocr_par' dir='ltr' id='par_1_11' title="bbox 165 690 375 725">
     <span class='ocr_line' id='line_1_11' title="bbox 165 690 375 725; baseline 0 -9"><span class='ocrx_word' id='word_1_54' title='bbox 165 690 236 722; x_wconf 75' lang='grc' dir='ltr'>ἴασις</span> <span class='ocrx_word' id='word_1_55' title='bbox 247 690 349 725; x_wconf 74' lang='grc' dir='ltr'>ψυχῆς.</span> <span class='ocrx_word' id='word_1_56' title='bbox 366 700 375 716; x_wconf 72' lang='grc' dir='ltr'><strong>ι</strong></span> 
     </span>
    </p>
   </div>
   <div class='ocr_carea' id='block_1_12' title="bbox 200 736 958 774">
    <p class='ocr_par' dir='ltr' id='par_1_12' title="bbox 200 736 958 774">
     <span class='ocr_line' id='line_1_12' title="bbox 200 736 958 774; baseline 0.001 -11"><span class='ocrx_word' id='word_1_57' title='bbox 200 745 210 762; x_wconf 73' lang='grc' dir='ltr'><strong>ι</strong></span> <span class='ocrx_word' id='word_1_58' title='bbox 235 737 284 768; x_wconf 86' lang='grc' dir='ltr'>’ος</span> <span class='ocrx_word' id='word_1_59' title='bbox 309 736 441 771; x_wconf 80' lang='grc' dir='ltr'><strong>φυλάσσει</strong></span> <span class='ocrx_word' id='word_1_60' title='bbox 461 737 492 764; x_wconf 77' lang='grc' dir='ltr'>τὸ</span> <span class='ocrx_word' id='word_1_61' title='bbox 517 737 616 764; x_wconf 76' lang='grc' dir='ltr'>ἑαυτοῦ</span> <span class='ocrx_word' id='word_1_62' title='bbox 631 737 718 772; x_wconf 87' lang='grc' dir='ltr'>στόμα</span> <span class='ocrx_word' id='word_1_63' title='bbox 736 738 783 764; x_wconf 85' lang='grc' dir='ltr'><strong>καὶ</strong></span> <span class='ocrx_word' id='word_1_64' title='bbox 805 737 855 774; x_wconf 85' lang='grc' dir='ltr'>τὴν</span> <span class='ocrx_word' id='word_1_65' title='bbox 869 737 958 772; x_wconf 85' lang='grc' dir='ltr'>γλῶσ-</span> 
     </span>
    </p>
   </div>
   <div class='ocr_carea' id='block_1_13' title="bbox 163 784 785 821">
    <p class='ocr_par' dir='ltr' id='par_1_13' title="bbox 163 784 785 821">
     <span class='ocr_line' id='line_1_13' title="bbox 163 784 785 821; baseline 0 -11"><span class='ocrx_word' id='word_1_66' title='bbox 163 791 222 814; x_wconf 84' lang='grc' dir='ltr'>σαν,</span> <span class='ocrx_word' id='word_1_67' title='bbox 234 785 313 820; x_wconf 80' lang='grc' dir='ltr'>τηρεί</span> <span class='ocrx_word' id='word_1_68' title='bbox 323 785 356 811; x_wconf 78' lang='grc' dir='ltr'><strong>ἐκ</strong></span> <span class='ocrx_word' id='word_1_69' title='bbox 373 784 489 820; x_wconf 77' lang='grc' dir='ltr'><strong>θλίψεως</strong></span> <span class='ocrx_word' id='word_1_70' title='bbox 503 784 552 821; x_wconf 80' lang='grc' dir='ltr'>τὴν</span> <span class='ocrx_word' id='word_1_71' title='bbox 565 784 655 821; x_wconf 83' lang='grc' dir='ltr'>ψυχὴν</span> <span class='ocrx_word' id='word_1_72' title='bbox 666 785 760 812; x_wconf 81' lang='grc' dir='ltr'>αὑτοῦ.</span> <span class='ocrx_word' id='word_1_73' title='bbox 775 795 785 810; x_wconf 75' lang='grc' dir='ltr'><strong>ι</strong></span> 
     </span>
    </p>
   </div>
   <div class='ocr_carea' id='block_1_14' title="bbox 201 830 742 868">
    <p class='ocr_par' dir='ltr' id='par_1_14' title="bbox 201 830 742 868">
     <span class='ocr_line' id='line_1_14' title="bbox 201 830 742 868; baseline 0.004 -12"><span class='ocrx_word' id='word_1_74' title='bbox 201 840 210 856; x_wconf 82' lang='grc' dir='ltr'><strong>ι</strong></span> <span class='ocrx_word' id='word_1_75' title='bbox 227 830 340 858; x_wconf 81' lang='grc' dir='ltr'>Γλῶσσα</span> <span class='ocrx_word' id='word_1_76' title='bbox 357 831 467 868; x_wconf 76' lang='grc' dir='ltr'>μαλακὴ</span> <span class='ocrx_word' id='word_1_77' title='bbox 482 832 620 868; x_wconf 72' lang='grc' dir='ltr'>συντρίϐει</span> <span class='ocrx_word' id='word_1_78' title='bbox 635 832 712 860; x_wconf 77' lang='grc' dir='ltr'>ὀστᾶ.</span> <span class='ocrx_word' id='word_1_79' title='bbox 732 841 742 858; x_wconf 70' lang='grc' dir='ltr'><strong>ι</strong></span> 
     </span>
    </p>
   </div>
   <div class='ocr_carea' id='block_1_15' title="bbox 778 174 1151 208">
    <p class='ocr_par' dir='ltr' id='par_1_15' title="bbox 778 174 1151 208">
     <span class='ocr_line' id='line_1_15' title="bbox 778 174 1151 208; baseline 0.011 -5"><span class='ocrx_word' id='word_1_80' title='bbox 778 174 897 204; x_wconf 77' lang='lat' dir='ltr'><strong>SACBA</strong></span> <span class='ocrx_word' id='word_1_81' title='bbox 919 175 1151 208; x_wconf 70' lang='lat' dir='ltr'><strong>PARAILELA.</strong></span> 
     </span>
    </p>
   </div>
   <div class='ocr_carea' id='block_1_16' title="bbox 1739 174 1807 208">
    <p class='ocr_par' dir='ltr' id='par_1_16' title="bbox 1739 174 1807 208">
     <span class='ocr_line' id='line_1_16' title="bbox 1739 174 1807 208; baseline -0.015 0"><span class='ocrx_word' id='word_1_82' title='bbox 1739 174 1807 208; x_wconf 64' lang='grc'><strong>1342</strong></span> 
     </span>
    </p>
   </div>
   <div class='ocr_carea' id='block_1_17' title="bbox 971 230 1806 269">
    <p class='ocr_par' dir='ltr' id='par_1_17' title="bbox 971 230 1806 269">
     <span class='ocr_line' id='line_1_17' title="bbox 971 230 1806 269; baseline 0.002 -12"><span class='ocrx_word' id='word_1_83' title='bbox 971 233 994 261; x_wconf 85' lang='grc' dir='ltr'><strong>Α</strong></span> <span class='ocrx_word' id='word_1_84' title='bbox 1045 230 1123 258; x_wconf 84' lang='lat' dir='ltr'><strong>Prov.</strong></span> <span class='ocrx_word' id='word_1_85' title='bbox 1145 239 1173 263; x_wconf 85' lang='lat' dir='ltr'><strong>x,</strong></span> <span class='ocrx_word' id='word_1_86' title='bbox 1188 231 1234 258; x_wconf 75' lang='lat'><strong>20.</strong></span> <span class='ocrx_word' id='word_1_87' title='bbox 1251 247 1285 252; x_wconf 82' lang='lat'>—</span> <span class='ocrx_word' id='word_1_88' title='bbox 1304 241 1313 257; x_wconf 83' lang='grc' dir='ltr'><strong>ι</strong></span> <span class='ocrx_word' id='word_1_89' title='bbox 1332 232 1484 268; x_wconf 73' lang='lat' dir='ltr'><strong>Argentum</strong></span> <span class='ocrx_word' id='word_1_90' title='bbox 1498 233 1562 269; x_wconf 73' lang='lat' dir='ltr'><strong>igne</strong></span> <span class='ocrx_word' id='word_1_91' title='bbox 1587 232 1749 268; x_wconf 87' lang='lat' dir='ltr'><strong>probatum,</strong></span> <span class='ocrx_word' id='word_1_92' title='bbox 1763 237 1806 260; x_wconf 76' lang='lat' dir='ltr'><strong>est</strong></span> 
     </span>
    </p>
   </div>
   <div class='ocr_carea' id='block_1_18' title="bbox 1010 276 1226 312">
    <p class='ocr_par' dir='ltr' id='par_1_18' title="bbox 1010 276 1226 312">
     <span class='ocr_line' id='line_1_18' title="bbox 1010 276 1226 312; baseline 0 -9"><span class='ocrx_word' id='word_1_93' title='bbox 1010 277 1104 311; x_wconf 80' lang='lat' dir='ltr'><strong>lingua</strong></span> <span class='ocrx_word' id='word_1_94' title='bbox 1122 276 1202 312; x_wconf 78' lang='lat' dir='ltr'><strong>justi.</strong></span> <span class='ocrx_word' id='word_1_95' title='bbox 1217 286 1226 303; x_wconf 81' lang='grc' dir='ltr'><strong>ι</strong></span> 
     </span>
    </p>
   </div>
   <div class='ocr_carea' id='block_1_19' title="bbox 1047 322 1804 359">
    <p class='ocr_par' dir='ltr' id='par_1_19' title="bbox 1047 322 1804 359">
     <span class='ocr_line' id='line_1_19' title="bbox 1047 322 1804 359; baseline 0 -8"><span class='ocrx_word' id='word_1_96' title='bbox 1047 323 1126 351; x_wconf 79' lang='lat' dir='ltr'><strong>Prov.</strong></span> <span class='ocrx_word' id='word_1_97' title='bbox 1141 331 1203 356; x_wconf 84' lang='lat' dir='ltr'><strong>vtu,</strong></span> <span class='ocrx_word' id='word_1_98' title='bbox 1222 323 1250 351; x_wconf 91' lang='lat'><strong>8.</strong></span> <span class='ocrx_word' id='word_1_99' title='bbox 1262 332 1314 349; x_wconf 80' lang='grc' dir='ltr'>-ι</span> <span class='ocrx_word' id='word_1_100' title='bbox 1333 322 1399 351; x_wconf 85' lang='lat' dir='ltr'><strong>Post</strong></span> <span class='ocrx_word' id='word_1_101' title='bbox 1413 323 1553 359; x_wconf 76' lang='lat' dir='ltr'><strong>justitiam</strong></span> <span class='ocrx_word' id='word_1_102' title='bbox 1566 324 1622 352; x_wconf 89' lang='lat' dir='ltr'><strong>sint</strong></span> <span class='ocrx_word' id='word_1_103' title='bbox 1631 332 1728 352; x_wconf 87' lang='lat' dir='ltr'><strong>omnes</strong></span> <span class='ocrx_word' id='word_1_104' title='bbox 1743 333 1804 352; x_wconf 84' lang='lat' dir='ltr'><strong>ser-</strong></span> 
     </span>
    </p>
   </div>
   <div class='ocr_carea' id='block_1_20' title="bbox 1009 369 1804 406">
    <p class='ocr_par' dir='ltr' id='par_1_20' title="bbox 1009 369 1804 406">
     <span class='ocr_line' id='line_1_20' title="bbox 1009 369 1804 406; baseline -0.001 -8"><span class='ocrx_word' id='word_1_105' title='bbox 1009 378 1106 398; x_wconf 81' lang='lat' dir='ltr'><strong>mones</strong></span> <span class='ocrx_word' id='word_1_106' title='bbox 1134 370 1192 398; x_wconf 88' lang='lat' dir='ltr'><strong>oris</strong></span> <span class='ocrx_word' id='word_1_107' title='bbox 1209 370 1260 398; x_wconf 89' lang='lat' dir='ltr'><strong>tui.</strong></span> <span class='ocrx_word' id='word_1_108' title='bbox 1290 369 1366 398; x_wconf 83' lang='lat' dir='ltr'><strong>Nihil</strong></span> <span class='ocrx_word' id='word_1_109' title='bbox 1380 371 1409 398; x_wconf 91' lang='lat' dir='ltr'><strong>in</strong></span> <span class='ocrx_word' id='word_1_110' title='bbox 1429 370 1485 398; x_wconf 88' lang='lat' dir='ltr'><strong>illis</strong></span> <span class='ocrx_word' id='word_1_111' title='bbox 1502 371 1538 398; x_wconf 88' lang='lat' dir='ltr'><strong>sit</strong></span> <span class='ocrx_word' id='word_1_112' title='bbox 1568 379 1696 406; x_wconf 85' lang='lat' dir='ltr'><strong>pravum,</strong></span> <span class='ocrx_word' id='word_1_113' title='bbox 1714 379 1804 405; x_wconf 83' lang='lat' dir='ltr'><strong>neque</strong></span> 
     </span>
    </p>
   </div>
   <div class='ocr_carea' id='block_1_21' title="bbox 1008 416 1194 445">
    <p class='ocr_par' dir='ltr' id='par_1_21' title="bbox 1008 416 1194 445">
     <span class='ocr_line' id='line_1_21' title="bbox 1008 416 1194 445; baseline -0.011 0"><span class='ocrx_word' id='word_1_114' title='bbox 1008 416 1167 445; x_wconf 70' lang='lat' dir='ltr'><strong>distortum.</strong></span> <span class='ocrx_word' id='word_1_115' title='bbox 1184 426 1194 443; x_wconf 71' lang='grc' dir='ltr'><strong>ι</strong></span> 
     </span>
    </p>
   </div>
   <div class='ocr_carea' id='block_1_22' title="bbox 1045 460 1805 495">
    <p class='ocr_par' dir='ltr' id='par_1_22' title="bbox 1045 460 1805 495">
     <span class='ocr_line' id='line_1_22' title="bbox 1045 460 1805 495; baseline -0.001 -6"><span class='ocrx_word' id='word_1_116' title='bbox 1045 461 1128 489; x_wconf 85' lang='grc' dir='ltr'>Ρνου.</span> <span class='ocrx_word' id='word_1_117' title='bbox 1145 469 1195 495; x_wconf 84' lang='lat' dir='ltr'><strong>xu,</strong></span> <span class='ocrx_word' id='word_1_118' title='bbox 1211 461 1255 489; x_wconf 68' lang='lat' dir='ltr'><strong>l4.</strong></span> <span class='ocrx_word' id='word_1_119' title='bbox 1270 477 1305 482; x_wconf 91' lang='lat'><strong><em>—</em></strong></span> <span class='ocrx_word' id='word_1_120' title='bbox 1325 469 1335 488; x_wconf 80' lang='grc' dir='ltr'><strong>ι</strong></span> <span class='ocrx_word' id='word_1_121' title='bbox 1354 460 1529 490; x_wconf 76' lang='lat' dir='ltr'><strong>Afructibus</strong></span> <span class='ocrx_word' id='word_1_122' title='bbox 1557 461 1615 489; x_wconf 77' lang='lat' dir='ltr'><strong>dris</strong></span> <span class='ocrx_word' id='word_1_123' title='bbox 1630 463 1723 488; x_wconf 88' lang='lat' dir='ltr'><strong>anima</strong></span> <span class='ocrx_word' id='word_1_124' title='bbox 1753 461 1805 488; x_wconf 77' lang='lat' dir='ltr'><strong>\‘iri</strong></span> 
     </span>
    </p>
   </div>
   <div class='ocr_carea' id='block_1_23' title="bbox 1010 507 1297 543">
    <p class='ocr_par' dir='ltr' id='par_1_23' title="bbox 1010 507 1297 543">
     <span class='ocr_line' id='line_1_23' title="bbox 1010 507 1297 543; baseline -0.003 -8"><span class='ocrx_word' id='word_1_125' title='bbox 1010 507 1168 543; x_wconf 84' lang='lat' dir='ltr'><strong>implebitur</strong></span> <span class='ocrx_word' id='word_1_126' title='bbox 1185 508 1276 535; x_wconf 82' lang='lat' dir='ltr'><strong>bonis.</strong></span> <span class='ocrx_word' id='word_1_127' title='bbox 1288 517 1297 534; x_wconf 79' lang='grc' dir='ltr'><strong>ι</strong></span> 
     </span>
    </p>
   </div>
   <div class='ocr_carea' id='block_1_24' title="bbox 1048 552 1806 588">
    <p class='ocr_par' dir='ltr' id='par_1_24' title="bbox 1048 552 1806 588">
     <span class='ocr_line' id='line_1_24' title="bbox 1048 552 1806 588; baseline -0.001 -8"><span class='ocrx_word' id='word_1_128' title='bbox 1048 553 1127 581; x_wconf 78' lang='lat' dir='ltr'><strong>Prov.</strong></span> <span class='ocrx_word' id='word_1_129' title='bbox 1142 552 1224 586; x_wconf 63' lang='lat'><strong>“,4.</strong></span> <span class='ocrx_word' id='word_1_130' title='bbox 1245 569 1280 575; x_wconf 89' lang='grc'><strong>--</strong></span> <span class='ocrx_word' id='word_1_131' title='bbox 1299 562 1309 580; x_wconf 76' lang='grc' dir='ltr'><strong>ι</strong></span> <span class='ocrx_word' id='word_1_132' title='bbox 1333 552 1468 581; x_wconf 85' lang='lat' dir='ltr'><strong>Medicina</strong></span> <span class='ocrx_word' id='word_1_133' title='bbox 1486 552 1597 588; x_wconf 81' lang='lat' dir='ltr'><strong>linguae,</strong></span> <span class='ocrx_word' id='word_1_134' title='bbox 1614 552 1719 588; x_wconf 78' lang='lat' dir='ltr'><strong>lignum</strong></span> <span class='ocrx_word' id='word_1_135' title='bbox 1734 552 1806 580; x_wconf 67' lang='lat' dir='ltr'><strong>vine.</strong></span> 
     </span>
    </p>
   </div>
   <div class='ocr_carea' id='block_1_25' title="bbox 1010 597 1725 633">
    <p class='ocr_par' dir='ltr' id='par_1_25' title="bbox 1010 597 1725 633">
     <span class='ocr_line' id='line_1_25' title="bbox 1010 597 1725 633; baseline -0.003 -7"><span class='ocrx_word' id='word_1_136' title='bbox 1010 597 1063 632; x_wconf 85' lang='lat' dir='ltr'><strong>Qui</strong></span> <span class='ocrx_word' id='word_1_137' title='bbox 1075 602 1167 626; x_wconf 82' lang='lat' dir='ltr'><strong>autem</strong></span> <span class='ocrx_word' id='word_1_138' title='bbox 1180 597 1304 626; x_wconf 88' lang='lat' dir='ltr'><strong>custodit</strong></span> <span class='ocrx_word' id='word_1_139' title='bbox 1318 605 1391 630; x_wconf 88' lang='lat' dir='ltr'><strong>eam,</strong></span> <span class='ocrx_word' id='word_1_140' title='bbox 1406 597 1569 633; x_wconf 83' lang='lat' dir='ltr'><strong>implebitur</strong></span> <span class='ocrx_word' id='word_1_141' title='bbox 1584 597 1696 632; x_wconf 87' lang='lat' dir='ltr'><strong>spiritu.</strong></span> <span class='ocrx_word' id='word_1_142' title='bbox 1716 607 1725 623; x_wconf 82' lang='grc' dir='ltr'><strong>ι</strong></span> 
     </span>
    </p>
   </div>
   <div class='ocr_carea' id='block_1_26' title="bbox 1046 642 1806 677">
    <p class='ocr_par' dir='ltr' id='par_1_26' title="bbox 1046 642 1806 677">
     <span class='ocr_line' id='line_1_26' title="bbox 1046 642 1806 677; baseline -0.001 -6"><span class='ocrx_word' id='word_1_143' title='bbox 1046 643 1126 672; x_wconf 81' lang='lat' dir='ltr'><strong>Prov.</strong></span> <span class='ocrx_word' id='word_1_144' title='bbox 1147 651 1205 677; x_wconf 85' lang='lat' dir='ltr'><strong>xvt,</strong></span> <span class='ocrx_word' id='word_1_145' title='bbox 1225 643 1272 670; x_wconf 69' lang='grc'><strong>24.</strong></span> <span class='ocrx_word' id='word_1_146' title='bbox 1288 658 1323 664; x_wconf 81' lang='lat'><strong>——</strong></span> <span class='ocrx_word' id='word_1_147' title='bbox 1339 653 1347 669; x_wconf 79' lang='grc' dir='ltr'><strong>ι</strong></span> <span class='ocrx_word' id='word_1_148' title='bbox 1369 642 1433 670; x_wconf 84' lang='lat' dir='ltr'><strong>Favi</strong></span> <span class='ocrx_word' id='word_1_149' title='bbox 1452 642 1543 670; x_wconf 78' lang='lat' dir='ltr'><strong>mellis</strong></span> <span class='ocrx_word' id='word_1_150' title='bbox 1559 651 1703 671; x_wconf 84' lang='lat' dir='ltr'><strong>sermones</strong></span> <span class='ocrx_word' id='word_1_151' title='bbox 1719 643 1783 670; x_wconf 92' lang='lat' dir='ltr'><strong>boni</strong></span> <span class='ocrx_word' id='word_1_152' title='bbox 1799 652 1806 670; x_wconf 89' lang='lat'><strong>:</strong></span> 
     </span>
    </p>
   </div>
   <div class='ocr_carea' id='block_1_27' title="bbox 1011 689 1752 722">
    <p class='ocr_par' dir='ltr' id='par_1_27' title="bbox 1011 689 1752 722">
     <span class='ocr_line' id='line_1_27' title="bbox 1011 689 1752 722; baseline -0.001 -5"><span class='ocrx_word' id='word_1_153' title='bbox 1011 689 1128 718; x_wconf 84' lang='lat' dir='ltr'><strong>dulcedo</strong></span> <span class='ocrx_word' id='word_1_154' title='bbox 1143 693 1235 717; x_wconf 85' lang='lat' dir='ltr'><strong>autem</strong></span> <span class='ocrx_word' id='word_1_155' title='bbox 1253 696 1362 722; x_wconf 89' lang='lat' dir='ltr'><strong>eorum,</strong></span> <span class='ocrx_word' id='word_1_156' title='bbox 1380 689 1608 716; x_wconf 80' lang='lat' dir='ltr'><strong>medicamentum</strong></span> <span class='ocrx_word' id='word_1_157' title='bbox 1627 690 1752 718; x_wconf 64' lang='lat' dir='ltr'><strong>animae.)</strong></span> 
     </span>
    </p>
   </div>
   <div class='ocr_carea' id='block_1_28' title="bbox 1045 726 1808 767">
    <p class='ocr_par' dir='ltr' id='par_1_28' title="bbox 1045 726 1808 767">
     <span class='ocr_line' id='line_1_28' title="bbox 1045 726 1808 767; baseline -0.001 -5"><span class='ocrx_word' id='word_1_158' title='bbox 1045 726 1126 762; x_wconf 80' lang='lat' dir='ltr'><strong>Prov.</strong></span> <span class='ocrx_word' id='word_1_159' title='bbox 1142 742 1199 767; x_wconf 81' lang='lat' dir='ltr'><strong>xxi,</strong></span> <span class='ocrx_word' id='word_1_160' title='bbox 1213 733 1260 761; x_wconf 75' lang='lat'><strong>23.</strong></span> <span class='ocrx_word' id='word_1_161' title='bbox 1274 749 1310 754; x_wconf 90' lang='lat'><strong>——</strong></span> <span class='ocrx_word' id='word_1_162' title='bbox 1329 743 1338 759; x_wconf 82' lang='lat'><strong>(</strong></span> <span class='ocrx_word' id='word_1_163' title='bbox 1355 734 1407 766; x_wconf 86' lang='lat' dir='ltr'><strong>Qui</strong></span> <span class='ocrx_word' id='word_1_164' title='bbox 1433 734 1554 761; x_wconf 86' lang='lat' dir='ltr'><strong>custodit</strong></span> <span class='ocrx_word' id='word_1_165' title='bbox 1566 741 1599 761; x_wconf 90' lang='lat' dir='ltr'><strong>os</strong></span> <span class='ocrx_word' id='word_1_166' title='bbox 1616 741 1697 762; x_wconf 83' lang='lat' dir='ltr'><strong>sutnn</strong></span> <span class='ocrx_word' id='word_1_167' title='bbox 1713 738 1740 761; x_wconf 79' lang='lat' dir='ltr'><strong>cl</strong></span> <span class='ocrx_word' id='word_1_168' title='bbox 1757 734 1808 761; x_wconf 90' lang='lat' dir='ltr'><strong>lin-</strong></span> 
     </span>
    </p>
   </div>
   <div class='ocr_carea' id='block_1_29' title="bbox 1010 779 1714 817">
    <p class='ocr_par' dir='ltr' id='par_1_29' title="bbox 1010 779 1714 817">
     <span class='ocr_line' id='line_1_29' title="bbox 1010 779 1714 817; baseline -0.003 -9"><span class='ocrx_word' id='word_1_169' title='bbox 1010 788 1104 817; x_wconf 73' lang='lat' dir='ltr'><strong>guam,</strong></span> <span class='ocrx_word' id='word_1_170' title='bbox 1120 779 1241 808; x_wconf 82' lang='lat' dir='ltr'><strong>custodit</strong></span> <span class='ocrx_word' id='word_1_171' title='bbox 1254 780 1288 807; x_wconf 87' lang='lat' dir='ltr'><strong>ab</strong></span> <span class='ocrx_word' id='word_1_172' title='bbox 1301 779 1436 815; x_wconf 79' lang='lat' dir='ltr'><strong>angustiis</strong></span> <span class='ocrx_word' id='word_1_173' title='bbox 1455 780 1574 807; x_wconf 86' lang='lat' dir='ltr'><strong>animam</strong></span> <span class='ocrx_word' id='word_1_174' title='bbox 1591 788 1680 807; x_wconf 88' lang='lat' dir='ltr'><strong>suam.</strong></span> <span class='ocrx_word' id='word_1_175' title='bbox 1705 789 1714 805; x_wconf 78' lang='grc' dir='ltr'><strong>ι</strong></span> 
     </span>
    </p>
   </div>
   <div class='ocr_carea' id='block_1_30' title="bbox 1047 824 1808 862">
    <p class='ocr_par' dir='ltr' id='par_1_30' title="bbox 1047 824 1808 862">
     <span class='ocr_line' id='line_1_30' title="bbox 1047 824 1808 862; baseline -0.004 -8"><span class='ocrx_word' id='word_1_176' title='bbox 1047 826 1128 855; x_wconf 82' lang='lat' dir='ltr'><em>Prov.</em></span> <span class='ocrx_word' id='word_1_177' title='bbox 1150 834 1223 859; x_wconf 82' lang='lat' dir='ltr'><strong>xxv,</strong></span> <span class='ocrx_word' id='word_1_178' title='bbox 1250 825 1296 854; x_wconf 73' lang='lat'><strong>25.</strong></span> <span class='ocrx_word' id='word_1_179' title='bbox 1330 842 1365 847; x_wconf 93' lang='lat'><em>—</em></span> <span class='ocrx_word' id='word_1_180' title='bbox 1382 835 1392 852; x_wconf 83' lang='grc' dir='ltr'><strong>ι</strong></span> <span class='ocrx_word' id='word_1_181' title='bbox 1418 825 1526 862; x_wconf 74' lang='lat' dir='ltr'><strong>Lingua</strong></span> <span class='ocrx_word' id='word_1_182' title='bbox 1545 826 1636 854; x_wconf 89' lang='lat' dir='ltr'><strong>mollis</strong></span> <span class='ocrx_word' id='word_1_183' title='bbox 1659 824 1808 861; x_wconf 76' lang='lat' dir='ltr'><strong>confringit</strong></span> 
     </span>
    </p>
   </div>
   <div class='ocr_carea' id='block_1_31' title="bbox 1013 878 1116 899">
    <p class='ocr_par' dir='ltr' id='par_1_31' title="bbox 1013 878 1116 899">
     <span class='ocr_line' id='line_1_31' title="bbox 1013 878 1116 899; baseline -0.019 -1"><span class='ocrx_word' id='word_1_184' title='bbox 1013 878 1088 899; x_wconf 84' lang='lat' dir='ltr'><strong>ossa.</strong></span> <span class='ocrx_word' id='word_1_185' title='bbox 1108 879 1116 896; x_wconf 77' lang='lat' dir='ltr'><strong>I</strong></span> 
     </span>
    </p>
   </div>
   <div class='ocr_carea' id='block_1_32' title="bbox 203 915 966 961">
    <p class='ocr_par' dir='ltr' id='par_1_32' title="bbox 203 919 964 961">
     <span class='ocr_line' id='line_1_32' title="bbox 203 919 964 961; baseline 0.003 -15"><span class='ocrx_word' id='word_1_186' title='bbox 203 929 212 945; x_wconf 77' lang='grc' dir='ltr'><strong>ι</strong></span> <span class='ocrx_word' id='word_1_187' title='bbox 228 920 350 952; x_wconf 78' lang='grc' dir='ltr'><strong>Θάνατος</strong></span> <span class='ocrx_word' id='word_1_188' title='bbox 369 919 417 947; x_wconf 81' lang='grc' dir='ltr'><strong>καὶ</strong></span> <span class='ocrx_word' id='word_1_189' title='bbox 431 919 491 961; x_wconf 74' lang='grc' dir='ltr'><strong>ζωὴ</strong></span> <span class='ocrx_word' id='word_1_190' title='bbox 501 921 531 948; x_wconf 85' lang='grc' dir='ltr'>ὲν</span> <span class='ocrx_word' id='word_1_191' title='bbox 543 920 617 956; x_wconf 67' lang='grc' dir='ltr'><strong>χειρὶ⁸</strong></span> <span class='ocrx_word' id='word_1_192' title='bbox 642 920 779 956; x_wconf 81' lang='grc' dir='ltr'>γλώσσης,</span> <span class='ocrx_word' id='word_1_193' title='bbox 796 921 822 948; x_wconf 74' lang='grc' dir='ltr'>οἱ</span> <span class='ocrx_word' id='word_1_194' title='bbox 850 921 878 948; x_wconf 82' lang='grc' dir='ltr'><strong>δὲ</strong></span> <span class='ocrx_word' id='word_1_195' title='bbox 896 929 964 957; x_wconf 85' lang='grc' dir='ltr'>κρα-</span> 
     </span>
    </p>
   </div>
   <div class='ocr_carea' id='block_1_33' title="bbox 1004 915 1808 961">
    <p class='ocr_par' dir='ltr' id='par_1_33' title="bbox 1052 915 1808 950">
     <span class='ocr_line' id='line_1_33' title="bbox 1052 915 1808 950; baseline -0.004 -6"><span class='ocrx_word' id='word_1_196' title='bbox 1052 916 1134 945; x_wconf 86' lang='lat' dir='ltr'><strong>Prov.</strong></span> <span class='ocrx_word' id='word_1_197' title='bbox 1151 923 1230 950; x_wconf 83' lang='lat' dir='ltr'><strong>xvtu,</strong></span> <span class='ocrx_word' id='word_1_198' title='bbox 1241 917 1288 944; x_wconf 72' lang='lat' dir='ltr'><strong>2i.</strong></span> <span class='ocrx_word' id='word_1_199' title='bbox 1304 931 1339 937; x_wconf 91' lang='lat'><strong>—-</strong></span> <span class='ocrx_word' id='word_1_200' title='bbox 1362 926 1371 943; x_wconf 81' lang='grc' dir='ltr'><strong>ι</strong></span> <span class='ocrx_word' id='word_1_201' title='bbox 1383 915 1458 945; x_wconf 83' lang='lat' dir='ltr'><strong>Mors</strong></span> <span class='ocrx_word' id='word_1_202' title='bbox 1472 921 1499 945; x_wconf 90' lang='lat' dir='ltr'><strong>et</strong></span> <span class='ocrx_word' id='word_1_203' title='bbox 1511 917 1565 944; x_wconf 89' lang='lat' dir='ltr'><strong>vita</strong></span> <span class='ocrx_word' id='word_1_204' title='bbox 1578 916 1604 944; x_wconf 89' lang='lat' dir='ltr'><strong>in</strong></span> <span class='ocrx_word' id='word_1_205' title='bbox 1619 916 1747 943; x_wconf 78' lang='lat' dir='ltr'><strong>manilnts</strong></span> <span class='ocrx_word' id='word_1_206' title='bbox 1760 916 1808 942; x_wconf 85' lang='lat' dir='ltr'><strong>lin-</strong></span> 
     </span>
    </p>
   </div>
   <div class='ocr_carea' id='block_1_34' title="bbox 165 966 846 1004">
    <p class='ocr_par' dir='ltr' id='par_1_34' title="bbox 165 966 846 1004">
     <span class='ocr_line' id='line_1_34' title="bbox 165 966 846 1004; baseline 0.003 -11"><span class='ocrx_word' id='word_1_207' title='bbox 165 966 277 999; x_wconf 82' lang='grc' dir='ltr'>τοῦντες</span> <span class='ocrx_word' id='word_1_208' title='bbox 288 966 376 1002; x_wconf 81' lang='grc' dir='ltr'>αὐτὴν</span> <span class='ocrx_word' id='word_1_209' title='bbox 388 966 492 994; x_wconf 73' lang='grc' dir='ltr'>ἔδονται</span> <span class='ocrx_word' id='word_1_210' title='bbox 510 966 576 999; x_wconf 80' lang='grc' dir='ltr'>τοὺς</span> <span class='ocrx_word' id='word_1_211' title='bbox 587 968 710 1004; x_wconf 77' lang='grc' dir='ltr'>καρποὺς</span> <span class='ocrx_word' id='word_1_212' title='bbox 725 968 821 1003; x_wconf 81' lang='grc' dir='ltr'>αὐτῆς.</span> <span class='ocrx_word' id='word_1_213' title='bbox 836 977 846 995; x_wconf 79' lang='grc' dir='ltr'><strong>ι</strong></span> 
     </span>
    </p>
   </div>
   <div class='ocr_carea' id='block_1_35' title="bbox 203 1055 960 1092">
    <p class='ocr_par' dir='ltr' id='par_1_35' title="bbox 203 1055 960 1092">
     <span class='ocr_line' id='line_1_35' title="bbox 203 1055 960 1092; baseline 0 -10"><span class='ocrx_word' id='word_1_214' title='bbox 203 1066 212 1081; x_wconf 75' lang='grc' dir='ltr'><strong>ι</strong></span> <span class='ocrx_word' id='word_1_215' title='bbox 231 1055 375 1092; x_wconf 82' lang='grc' dir='ltr'>Μακάριος</span> <span class='ocrx_word' id='word_1_216' title='bbox 391 1055 473 1092; x_wconf 84' lang='grc' dir='ltr'>ἀνὴρ,</span> <span class='ocrx_word' id='word_1_217' title='bbox 487 1055 518 1088; x_wconf 85' lang='grc' dir='ltr'>ὃς</span> <span class='ocrx_word' id='word_1_218' title='bbox 529 1055 580 1083; x_wconf 83' lang='grc' dir='ltr'><strong>οὗκ</strong></span> <span class='ocrx_word' id='word_1_219' title='bbox 595 1055 770 1092; x_wconf 78' lang='grc' dir='ltr'>ὀλισθήσεται</span> <span class='ocrx_word' id='word_1_220' title='bbox 794 1056 824 1083; x_wconf 71' lang='grc' dir='ltr'>ἐν</span> <span class='ocrx_word' id='word_1_221' title='bbox 844 1055 960 1091; x_wconf 81' lang='grc' dir='ltr'>στόματι</span> 
     </span>
    </p>
   </div>
   <div class='ocr_carea' id='block_1_36' title="bbox 165 1102 290 1129">
    <p class='ocr_par' dir='ltr' id='par_1_36' title="bbox 165 1102 290 1129">
     <span class='ocr_line' id='line_1_36' title="bbox 165 1102 290 1129; baseline 0 -1"><span class='ocrx_word' id='word_1_222' title='bbox 165 1102 258 1129; x_wconf 78' lang='grc' dir='ltr'>αὑτοῦ.</span> <span class='ocrx_word' id='word_1_223' title='bbox 281 1112 290 1128; x_wconf 81' lang='grc' dir='ltr'><strong>ι</strong></span> 
     </span>
    </p>
   </div>
   <div class='ocr_carea' id='block_1_37' title="bbox 201 1147 851 1183">
    <p class='ocr_par' dir='ltr' id='par_1_37' title="bbox 201 1147 851 1183">
     <span class='ocr_line' id='line_1_37' title="bbox 201 1147 851 1183; baseline -0.002 -9"><span class='ocrx_word' id='word_1_224' title='bbox 201 1157 211 1173; x_wconf 77' lang='grc' dir='ltr'><strong>ι</strong></span> <span class='ocrx_word' id='word_1_225' title='bbox 227 1147 338 1183; x_wconf 81' lang='grc' dir='ltr'>Λάρυγξ</span> <span class='ocrx_word' id='word_1_226' title='bbox 351 1147 454 1182; x_wconf 78' lang='grc' dir='ltr'>γλυκὺς</span> <span class='ocrx_word' id='word_1_227' title='bbox 467 1147 600 1183; x_wconf 81' lang='grc' dir='ltr'>πληθύνει</span> <span class='ocrx_word' id='word_1_228' title='bbox 613 1147 708 1183; x_wconf 73' lang='grc' dir='ltr'>φίλους</span> <span class='ocrx_word' id='word_1_229' title='bbox 720 1147 820 1175; x_wconf 83' lang='grc' dir='ltr'>αὐτῶν.</span> <span class='ocrx_word' id='word_1_230' title='bbox 841 1156 851 1173; x_wconf 73' lang='grc' dir='ltr'><strong>ι</strong></span> 
     </span>
    </p>
   </div>
   <div class='ocr_carea' id='block_1_38' title="bbox 205 1193 961 1230">
    <p class='ocr_par' dir='ltr' id='par_1_38' title="bbox 205 1193 961 1230">
     <span class='ocr_line' id='line_1_38' title="bbox 205 1193 961 1230; baseline 0.001 -11"><span class='ocrx_word' id='word_1_231' title='bbox 205 1203 213 1219; x_wconf 81' lang='grc' dir='ltr'><strong>ι</strong></span> <span class='ocrx_word' id='word_1_232' title='bbox 233 1194 282 1225; x_wconf 83' lang='grc' dir='ltr'>Τίς</span> <span class='ocrx_word' id='word_1_233' title='bbox 298 1194 378 1220; x_wconf 83' lang='grc' dir='ltr'>δώσει</span> <span class='ocrx_word' id='word_1_234' title='bbox 391 1194 437 1221; x_wconf 68' lang='grc' dir='ltr'>ἐπὶ</span> <span class='ocrx_word' id='word_1_235' title='bbox 449 1194 498 1221; x_wconf 84' lang='grc' dir='ltr'>τοῦ</span> <span class='ocrx_word' id='word_1_236' title='bbox 514 1194 649 1230; x_wconf 80' lang='grc' dir='ltr'>στόματός</span> <span class='ocrx_word' id='word_1_237' title='bbox 673 1203 724 1230; x_wconf 86' lang='grc' dir='ltr'>μου</span> <span class='ocrx_word' id='word_1_238' title='bbox 755 1194 890 1229; x_wconf 78' lang='grc' dir='ltr'>φυλακὴν,</span> <span class='ocrx_word' id='word_1_239' title='bbox 913 1193 961 1220; x_wconf 66' lang='grc' dir='ltr'><strong>καὶ</strong></span> 
     </span>
    </p>
   </div>
   <div class='ocr_carea' id='block_1_39' title="bbox 166 1239 962 1276">
    <p class='ocr_par' dir='ltr' id='par_1_39' title="bbox 166 1239 962 1276">
     <span class='ocr_line' id='line_1_39' title="bbox 166 1239 962 1276; baseline 0.001 -11"><span class='ocrx_word' id='word_1_240' title='bbox 166 1239 212 1265; x_wconf 63' lang='grc' dir='ltr'><strong>ἐπὶ</strong></span> <span class='ocrx_word' id='word_1_241' title='bbox 227 1239 281 1266; x_wconf 82' lang='grc' dir='ltr'>τῶν</span> <span class='ocrx_word' id='word_1_242' title='bbox 297 1240 410 1274; x_wconf 79' lang='grc' dir='ltr'><strong>χειλέων</strong></span> <span class='ocrx_word' id='word_1_243' title='bbox 425 1248 477 1275; x_wconf 83' lang='grc' dir='ltr'>μου</span> <span class='ocrx_word' id='word_1_244' title='bbox 491 1241 637 1276; x_wconf 78' lang='grc' dir='ltr'>σφραγῖδα,</span> <span class='ocrx_word' id='word_1_245' title='bbox 652 1241 696 1267; x_wconf 82' lang='grc' dir='ltr'>ἵνα</span> <span class='ocrx_word' id='word_1_246' title='bbox 716 1241 754 1276; x_wconf 85' lang='grc' dir='ltr'><strong>μὴ</strong></span> <span class='ocrx_word' id='word_1_247' title='bbox 785 1240 890 1276; x_wconf 78' lang='grc' dir='ltr'><strong>ἐκπέσῃ</strong></span> <span class='ocrx_word' id='word_1_248' title='bbox 913 1240 962 1267; x_wconf 76' lang='grc' dir='ltr'><strong>ἀπ’</strong></span> 
     </span>
    </p>
   </div>
   <div class='ocr_carea' id='block_1_40' title="bbox 166 1284 781 1322">
    <p class='ocr_par' dir='ltr' id='par_1_40' title="bbox 166 1284 781 1322">
     <span class='ocr_line' id='line_1_40' title="bbox 166 1284 781 1322; baseline 0.003 -11"><span class='ocrx_word' id='word_1_249' title='bbox 166 1284 262 1320; x_wconf 74' lang='grc' dir='ltr'>αὐτῆς,</span> <span class='ocrx_word' id='word_1_250' title='bbox 281 1285 355 1321; x_wconf 83' lang='grc' dir='ltr'>καὶὴ</span> <span class='ocrx_word' id='word_1_251' title='bbox 371 1285 482 1320; x_wconf 81' lang='grc' dir='ltr'>γλῶσσά</span> <span class='ocrx_word' id='word_1_252' title='bbox 500 1295 551 1320; x_wconf 85' lang='grc' dir='ltr'><strong>μου</strong></span> <span class='ocrx_word' id='word_1_253' title='bbox 569 1286 690 1322; x_wconf 79' lang='grc' dir='ltr'><strong>ἀπολέσῃ</strong></span> <span class='ocrx_word' id='word_1_254' title='bbox 702 1294 752 1322; x_wconf 81' lang='grc' dir='ltr'>μες</span> <span class='ocrx_word' id='word_1_255' title='bbox 771 1295 781 1311; x_wconf 83' lang='grc'><strong>›</strong></span> 
     </span>
    </p>
   </div>
   <div class='ocr_carea' id='block_1_41' title="bbox 203 1330 816 1366">
    <p class='ocr_par' dir='ltr' id='par_1_41' title="bbox 203 1330 816 1366">
     <span class='ocr_line' id='line_1_41' title="bbox 203 1330 816 1366; baseline 0.002 -10"><span class='ocrx_word' id='word_1_256' title='bbox 203 1339 213 1356; x_wconf 75' lang='grc' dir='ltr'><strong>ι</strong></span> <span class='ocrx_word' id='word_1_257' title='bbox 233 1330 264 1357; x_wconf 88' lang='lat'><strong>&#39;0</strong></span> <span class='ocrx_word' id='word_1_258' title='bbox 280 1330 367 1366; x_wconf 80' lang='grc' dir='ltr'>μισῶν</span> <span class='ocrx_word' id='word_1_259' title='bbox 377 1330 484 1364; x_wconf 76' lang='grc' dir='ltr'>λαλιὰν,</span> <span class='ocrx_word' id='word_1_260' title='bbox 500 1330 661 1358; x_wconf 67' lang='grc' dir='ltr'><strong>ἐλαττοῦται</strong></span> <span class='ocrx_word' id='word_1_261' title='bbox 677 1331 787 1358; x_wconf 71' lang='grc' dir='ltr'>κακίαν.</span> <span class='ocrx_word' id='word_1_262' title='bbox 807 1341 816 1357; x_wconf 78' lang='grc' dir='ltr'><strong>ι</strong></span> 
     </span>
    </p>
   </div>
   <div class='ocr_carea' id='block_1_42' title="bbox 206 1418 958 1455">
    <p class='ocr_par' dir='ltr' id='par_1_42' title="bbox 206 1418 958 1455">
     <span class='ocr_line' id='line_1_42' title="bbox 206 1418 958 1455; baseline -0.001 -10"><span class='ocrx_word' id='word_1_263' title='bbox 206 1429 216 1445; x_wconf 76' lang='grc' dir='ltr'><strong>ι</strong></span> <span class='ocrx_word' id='word_1_264' title='bbox 233 1418 339 1453; x_wconf 81' lang='grc' dir='ltr'>’Δγαθὰ</span> <span class='ocrx_word' id='word_1_265' title='bbox 351 1418 537 1454; x_wconf 73' lang='grc' dir='ltr'>ἐκκεχυμένοι,</span> <span class='ocrx_word' id='word_1_266' title='bbox 548 1419 596 1446; x_wconf 73' lang='grc' dir='ltr'><strong>ἐπὶ</strong></span> <span class='ocrx_word' id='word_1_267' title='bbox 604 1419 719 1455; x_wconf 86' lang='grc' dir='ltr'>στόματι</span> <span class='ocrx_word' id='word_1_268' title='bbox 734 1419 932 1454; x_wconf 80' lang='grc' dir='ltr'>κεκλεισμένῳ.</span> <span class='ocrx_word' id='word_1_269' title='bbox 949 1428 958 1444; x_wconf 78' lang='grc' dir='ltr'><strong>ι</strong></span> 
     </span>
    </p>
   </div>
   <div class='ocr_carea' id='block_1_43' title="bbox 208 1504 961 1542">
    <p class='ocr_par' dir='ltr' id='par_1_43' title="bbox 208 1504 961 1542">
     <span class='ocr_line' id='line_1_43' title="bbox 208 1504 961 1542; baseline -0.001 -9"><span class='ocrx_word' id='word_1_270' title='bbox 208 1516 218 1532; x_wconf 77' lang='grc' dir='ltr'><strong>ι</strong></span> <span class='ocrx_word' id='word_1_271' title='bbox 230 1504 315 1538; x_wconf 82' lang='grc' dir='ltr'>Εἷπα,</span> <span class='ocrx_word' id='word_1_272' title='bbox 331 1506 444 1540; x_wconf 78' lang='grc' dir='ltr'>Φυλάξω</span> <span class='ocrx_word' id='word_1_273' title='bbox 459 1506 509 1538; x_wconf 81' lang='grc' dir='ltr'><strong>τὰς</strong></span> <span class='ocrx_word' id='word_1_274' title='bbox 521 1506 597 1538; x_wconf 82' lang='grc' dir='ltr'>ὁδούς</span> <span class='ocrx_word' id='word_1_275' title='bbox 612 1515 674 1542; x_wconf 72' lang='grc' dir='ltr'>μου,</span> <span class='ocrx_word' id='word_1_276' title='bbox 702 1506 750 1533; x_wconf 80' lang='grc' dir='ltr'>τοῦ</span> <span class='ocrx_word' id='word_1_277' title='bbox 771 1507 808 1542; x_wconf 83' lang='grc' dir='ltr'><strong>μὴ</strong></span> <span class='ocrx_word' id='word_1_278' title='bbox 835 1506 961 1542; x_wconf 74' lang='grc' dir='ltr'>ἁμαρτά-</span> 
     </span>
    </p>
   </div>
   <div class='ocr_carea' id='block_1_44' title="bbox 169 1552 551 1588">
    <p class='ocr_par' dir='ltr' id='par_1_44' title="bbox 169 1552 551 1588">
     <span class='ocr_line' id='line_1_44' title="bbox 169 1552 551 1588; baseline 0 -10"><span class='ocrx_word' id='word_1_279' title='bbox 169 1561 225 1579; x_wconf 74' lang='grc' dir='ltr'>νειν</span> <span class='ocrx_word' id='word_1_280' title='bbox 237 1561 271 1588; x_wconf 85' lang='grc' dir='ltr'>με</span> <span class='ocrx_word' id='word_1_281' title='bbox 286 1553 315 1579; x_wconf 81' lang='grc' dir='ltr'>ὲν</span> <span class='ocrx_word' id='word_1_282' title='bbox 329 1552 439 1587; x_wconf 86' lang='grc' dir='ltr'><strong>γλώσσῃ</strong></span> <span class='ocrx_word' id='word_1_283' title='bbox 458 1561 520 1587; x_wconf 88' lang='grc' dir='ltr'>μου.</span> <span class='ocrx_word' id='word_1_284' title='bbox 541 1562 551 1578; x_wconf 77' lang='grc' dir='ltr'><strong>ι</strong></span> 
     </span>
    </p>
   </div>
   <div class='ocr_carea' id='block_1_45' title="bbox 205 1591 997 1634">
    <p class='ocr_par' dir='ltr' id='par_1_45' title="bbox 205 1591 997 1634">
     <span class='ocr_line' id='line_1_45' title="bbox 205 1591 997 1634; baseline 0.001 -10"><span class='ocrx_word' id='word_1_285' title='bbox 205 1608 215 1624; x_wconf 77' lang='grc' dir='ltr'><strong>ι</strong></span> <span class='ocrx_word' id='word_1_286' title='bbox 229 1598 293 1631; x_wconf 86' lang='grc' dir='ltr'>Θοῠ,</span> <span class='ocrx_word' id='word_1_287' title='bbox 315 1597 412 1633; x_wconf 76' lang='grc' dir='ltr'>Κύριε,</span> <span class='ocrx_word' id='word_1_288' title='bbox 428 1598 554 1632; x_wconf 82' lang='grc' dir='ltr'>φυλακὴν</span> <span class='ocrx_word' id='word_1_289' title='bbox 568 1597 607 1633; x_wconf 85' lang='grc' dir='ltr'>τῷ</span> <span class='ocrx_word' id='word_1_290' title='bbox 623 1597 739 1633; x_wconf 81' lang='grc' dir='ltr'>στόματί</span> <span class='ocrx_word' id='word_1_291' title='bbox 762 1607 825 1634; x_wconf 82' lang='grc' dir='ltr'>μου,</span> <span class='ocrx_word' id='word_1_292' title='bbox 842 1599 890 1625; x_wconf 72' lang='grc' dir='ltr'>καὶ</span> <span class='ocrx_word' id='word_1_293' title='bbox 919 1598 962 1625; x_wconf 74' lang='lat'><strong>0&#39;5-</strong></span> <span class='ocrx_word' id='word_1_294' title='bbox 975 1591 997 1619; x_wconf 69' lang='grc' dir='ltr'><strong>(ἶ</strong></span> 
     </span>
    </p>
   </div>
   <div class='ocr_carea' id='block_1_46' title="bbox 170 1643 694 1680">
    <p class='ocr_par' dir='ltr' id='par_1_46' title="bbox 170 1643 694 1680">
     <span class='ocr_line' id='line_1_46' title="bbox 170 1643 694 1680; baseline -0.004 -8"><span class='ocrx_word' id='word_1_295' title='bbox 170 1653 221 1680; x_wconf 78' lang='grc' dir='ltr'><strong>ραν</strong></span> <span class='ocrx_word' id='word_1_296' title='bbox 234 1643 366 1680; x_wconf 79' lang='grc' dir='ltr'>περιοχῆς</span> <span class='ocrx_word' id='word_1_297' title='bbox 378 1644 443 1679; x_wconf 74' lang='grc' dir='ltr'>περὶ</span> <span class='ocrx_word' id='word_1_298' title='bbox 461 1644 496 1671; x_wconf 81' lang='grc' dir='ltr'><strong>τὰ</strong></span> <span class='ocrx_word' id='word_1_299' title='bbox 514 1644 590 1679; x_wconf 84' lang='grc' dir='ltr'>χείλη</span> <span class='ocrx_word' id='word_1_300' title='bbox 611 1652 672 1679; x_wconf 83' lang='grc' dir='ltr'>μου.</span> <span class='ocrx_word' id='word_1_301' title='bbox 683 1653 694 1670; x_wconf 73' lang='grc' dir='ltr'><strong>ι</strong></span> 
     </span>
    </p>
   </div>
   <div class='ocr_carea' id='block_1_47' title="bbox 209 1689 961 1726">
    <p class='ocr_par' dir='ltr' id='par_1_47' title="bbox 209 1689 961 1726">
     <span class='ocr_line' id='line_1_47' title="bbox 209 1689 961 1726; baseline -0.001 -9"><span class='ocrx_word' id='word_1_302' title='bbox 209 1700 219 1717; x_wconf 74' lang='grc' dir='ltr'><strong>ι</strong></span> <span class='ocrx_word' id='word_1_303' title='bbox 241 1691 331 1718; x_wconf 81' lang='grc' dir='ltr'>Ἔστω</span> <span class='ocrx_word' id='word_1_304' title='bbox 357 1691 412 1722; x_wconf 85' lang='grc' dir='ltr'><strong>πᾶς</strong></span> <span class='ocrx_word' id='word_1_305' title='bbox 439 1690 583 1726; x_wconf 80' lang='grc' dir='ltr'>ἄνθρωπος</span> <span class='ocrx_word' id='word_1_306' title='bbox 608 1690 693 1725; x_wconf 74' lang='grc' dir='ltr'>ταχὺς</span> <span class='ocrx_word' id='word_1_307' title='bbox 721 1690 762 1722; x_wconf 71' lang='grc' dir='ltr'>εἰς</span> <span class='ocrx_word' id='word_1_308' title='bbox 788 1689 819 1716; x_wconf 72' lang='grc' dir='ltr'><strong>τὸ</strong></span> <span class='ocrx_word' id='word_1_309' title='bbox 833 1689 961 1722; x_wconf 71' lang='grc' dir='ltr'>ἀκοῦσαι,</span> 
     </span>
    </p>
   </div>
   <div class='ocr_carea' id='block_1_48' title="bbox 169 1736 533 1772">
    <p class='ocr_par' dir='ltr' id='par_1_48' title="bbox 169 1736 533 1772">
     <span class='ocr_line' id='line_1_48' title="bbox 169 1736 533 1772; baseline -0.005 -8"><span class='ocrx_word' id='word_1_310' title='bbox 169 1736 270 1772; x_wconf 75' lang='grc' dir='ltr'>βραδὺς</span> <span class='ocrx_word' id='word_1_311' title='bbox 284 1737 324 1768; x_wconf 82' lang='grc' dir='ltr'><strong>εἰς</strong></span> <span class='ocrx_word' id='word_1_312' title='bbox 338 1736 369 1763; x_wconf 84' lang='grc' dir='ltr'>τὸ</span> <span class='ocrx_word' id='word_1_313' title='bbox 381 1736 507 1771; x_wconf 84' lang='grc' dir='ltr'>λαλῆσαι.</span> <span class='ocrx_word' id='word_1_314' title='bbox 524 1745 533 1762; x_wconf 82' lang='grc' dir='ltr'><strong>ι</strong></span> 
     </span>
    </p>
   </div>
   <div class='ocr_carea' id='block_1_49' title="bbox 206 1778 961 1817">
    <p class='ocr_par' dir='ltr' id='par_1_49' title="bbox 206 1778 961 1817">
     <span class='ocr_line' id='line_1_49' title="bbox 206 1778 961 1817; baseline 0 -9"><span class='ocrx_word' id='word_1_315' title='bbox 206 1792 216 1808; x_wconf 84' lang='grc'><em>‹</em></span> <span class='ocrx_word' id='word_1_316' title='bbox 235 1782 268 1808; x_wconf 74' lang='grc' dir='ltr'><strong>Εἰ</strong></span> <span class='ocrx_word' id='word_1_317' title='bbox 290 1791 335 1814; x_wconf 83' lang='grc' dir='ltr'><strong>τις</strong></span> <span class='ocrx_word' id='word_1_318' title='bbox 361 1783 391 1809; x_wconf 85' lang='grc' dir='ltr'>ὲν</span> <span class='ocrx_word' id='word_1_319' title='bbox 418 1782 491 1817; x_wconf 86' lang='grc' dir='ltr'>λόγῳ</span> <span class='ocrx_word' id='word_1_320' title='bbox 505 1782 537 1809; x_wconf 87' lang='grc' dir='ltr'>οὐ</span> <span class='ocrx_word' id='word_1_321' title='bbox 557 1782 659 1814; x_wconf 79' lang='grc' dir='ltr'>πταίει,</span> <span class='ocrx_word' id='word_1_322' title='bbox 682 1778 761 1815; x_wconf 70' lang='grc' dir='ltr'>οὗτος</span> <span class='ocrx_word' id='word_1_323' title='bbox 773 1783 877 1815; x_wconf 76' lang='grc' dir='ltr'>τέλειός</span> <span class='ocrx_word' id='word_1_324' title='bbox 891 1783 961 1814; x_wconf 75' lang='grc' dir='ltr'>ἐστι,</span> 
     </span>
    </p>
   </div>
   <div class='ocr_carea' id='block_1_50' title="bbox 168 1827 731 1864">
    <p class='ocr_par' dir='ltr' id='par_1_50' title="bbox 168 1827 731 1864">
     <span class='ocr_line' id='line_1_50' title="bbox 168 1827 731 1864; baseline 0.002 -10"><span class='ocrx_word' id='word_1_325' title='bbox 168 1827 318 1863; x_wconf 79' lang='grc' dir='ltr'>δυνάμενος</span> <span class='ocrx_word' id='word_1_326' title='bbox 331 1828 556 1864; x_wconf 66' lang='grc' dir='ltr'>χαλιναγωγῆσαι</span> <span class='ocrx_word' id='word_1_327' title='bbox 568 1829 597 1856; x_wconf 82' lang='grc' dir='ltr'><strong>τὺ</strong></span> <span class='ocrx_word' id='word_1_328' title='bbox 611 1828 702 1864; x_wconf 82' lang='grc' dir='ltr'>σῶμα.</span> <span class='ocrx_word' id='word_1_329' title='bbox 722 1839 731 1855; x_wconf 86' lang='grc' dir='ltr'><strong>ι</strong></span> 
     </span>
    </p>
   </div>
   <div class='ocr_carea' id='block_1_51' title="bbox 204 1918 964 1955">
    <p class='ocr_par' dir='ltr' id='par_1_51' title="bbox 204 1918 964 1955">
     <span class='ocr_line' id='line_1_51' title="bbox 204 1918 964 1955; baseline 0.001 -10"><span class='ocrx_word' id='word_1_330' title='bbox 204 1919 241 1946; x_wconf 86' lang='grc' dir='ltr'><strong>Τὸ</strong></span> <span class='ocrx_word' id='word_1_331' title='bbox 265 1918 328 1954; x_wconf 68' lang='grc' dir='ltr'>περὶ</span> <span class='ocrx_word' id='word_1_332' title='bbox 348 1918 398 1954; x_wconf 80' lang='grc' dir='ltr'>τὴν</span> <span class='ocrx_word' id='word_1_333' title='bbox 415 1918 506 1954; x_wconf 83' lang='grc' dir='ltr'>φωνὴν</span> <span class='ocrx_word' id='word_1_334' title='bbox 530 1919 628 1946; x_wconf 75' lang='grc' dir='ltr'>ἀσκεῖν</span> <span class='ocrx_word' id='word_1_335' title='bbox 645 1920 806 1955; x_wconf 82' lang='grc' dir='ltr'>σωφρονεῖν,</span> <span class='ocrx_word' id='word_1_336' title='bbox 833 1920 964 1954; x_wconf 76' lang='grc' dir='ltr'>λαγνείας</span> 
     </span>
    </p>
   </div>
   <div class='ocr_carea' id='block_1_52' title="bbox 168 1966 385 2002">
    <p class='ocr_par' dir='ltr' id='par_1_52' title="bbox 168 1966 385 2002">
     <span class='ocr_line' id='line_1_52' title="bbox 168 1966 385 2002; baseline -0.005 -9"><span class='ocrx_word' id='word_1_337' title='bbox 168 1966 228 1994; x_wconf 76' lang='grc' dir='ltr'>ἐστὶ</span> <span class='ocrx_word' id='word_1_338' title='bbox 239 1966 385 2002; x_wconf 77' lang='grc' dir='ltr'>καρτερία.</span> 
     </span>
    </p>
   </div>
   <div class='ocr_carea' id='block_1_53' title="bbox 203 2011 964 2048">
    <p class='ocr_par' dir='ltr' id='par_1_53' title="bbox 203 2011 964 2048">
     <span class='ocr_line' id='line_1_53' title="bbox 203 2011 964 2048; baseline 0 -8"><span class='ocrx_word' id='word_1_339' title='bbox 203 2013 261 2040; x_wconf 71' lang='grc' dir='ltr'><strong>οὐκ</strong></span> <span class='ocrx_word' id='word_1_340' title='bbox 291 2013 348 2039; x_wconf 79' lang='grc' dir='ltr'>ἴστε</span> <span class='ocrx_word' id='word_1_341' title='bbox 372 2011 468 2047; x_wconf 80' lang='grc' dir='ltr'>ἡλίκον</span> <span class='ocrx_word' id='word_1_342' title='bbox 487 2012 520 2039; x_wconf 80' lang='grc' dir='ltr'><strong>ἐκ</strong></span> <span class='ocrx_word' id='word_1_343' title='bbox 534 2011 602 2039; x_wconf 75' lang='grc' dir='ltr'>Θεοῦ</span> <span class='ocrx_word' id='word_1_344' title='bbox 619 2012 708 2048; x_wconf 83' lang='grc' dir='ltr'>δῶρον</span> <span class='ocrx_word' id='word_1_345' title='bbox 721 2013 738 2048; x_wconf 80' lang='grc' dir='ltr'>ἡ</span> <span class='ocrx_word' id='word_1_346' title='bbox 757 2013 846 2048; x_wconf 86' lang='grc' dir='ltr'>σιωπή</span> <span class='ocrx_word' id='word_1_347' title='bbox 860 2021 867 2028; x_wconf 73' lang='grc'><strong><em>⁸</em></strong></span> <span class='ocrx_word' id='word_1_348' title='bbox 884 2013 964 2047; x_wconf 77' lang='grc' dir='ltr'>φοέγο</span> 
     </span>
    </p>
   </div>
   <div class='ocr_carea' id='block_1_54' title="bbox 168 2057 963 2095">
    <p class='ocr_par' dir='ltr' id='par_1_54' title="bbox 168 2057 963 2095">
     <span class='ocr_line' id='line_1_54' title="bbox 168 2057 963 2095; baseline 0 -10"><span class='ocrx_word' id='word_1_349' title='bbox 168 2068 216 2094; x_wconf 62' lang='lat' dir='ltr'><strong>you</strong></span> <span class='ocrx_word' id='word_1_350' title='bbox 226 2058 266 2092; x_wconf 84' lang='grc' dir='ltr'><strong>δὲ,</strong></span> <span class='ocrx_word' id='word_1_351' title='bbox 282 2057 343 2084; x_wconf 82' lang='grc' dir='ltr'>εῐτι</span> <span class='ocrx_word' id='word_1_352' title='bbox 356 2059 481 2092; x_wconf 86' lang='grc' dir='ltr'>κρεῖττον</span> <span class='ocrx_word' id='word_1_353' title='bbox 495 2057 601 2094; x_wconf 84' lang='grc' dir='ltr'>σιωπῆς</span> <span class='ocrx_word' id='word_1_354' title='bbox 617 2057 699 2093; x_wconf 76' lang='grc' dir='ltr'>ἔχεις.</span> <span class='ocrx_word' id='word_1_355' title='bbox 720 2058 829 2093; x_wconf 82' lang='grc' dir='ltr'>Ἀγάπα</span> <span class='ocrx_word' id='word_1_356' title='bbox 851 2059 880 2085; x_wconf 78' lang='grc' dir='ltr'><strong>δὲ</strong></span> <span class='ocrx_word' id='word_1_357' title='bbox 895 2059 963 2095; x_wconf 77' lang='grc' dir='ltr'>ἡσυ-</span> 
     </span>
    </p>
   </div>
   <div class='ocr_carea' id='block_1_55' title="bbox 168 2104 726 2141">
    <p class='ocr_par' dir='ltr' id='par_1_55' title="bbox 168 2104 726 2141">
     <span class='ocr_line' id='line_1_55' title="bbox 168 2104 726 2141; baseline 0 -9"><span class='ocrx_word' id='word_1_358' title='bbox 168 2105 240 2140; x_wconf 80' lang='grc' dir='ltr'>χίαν,</span> <span class='ocrx_word' id='word_1_359' title='bbox 253 2105 318 2132; x_wconf 73' lang='grc' dir='ltr'>ἔνθα</span> <span class='ocrx_word' id='word_1_360' title='bbox 334 2105 459 2140; x_wconf 81' lang='grc' dir='ltr'>κρεῖττον</span> <span class='ocrx_word' id='word_1_361' title='bbox 473 2104 554 2140; x_wconf 87' lang='grc' dir='ltr'>λόγου</span> <span class='ocrx_word' id='word_1_362' title='bbox 566 2105 597 2133; x_wconf 72' lang='grc' dir='ltr'>τὸ</span> <span class='ocrx_word' id='word_1_363' title='bbox 609 2105 726 2141; x_wconf 83' lang='grc' dir='ltr'>σιωπᾷν.</span> 
     </span>
    </p>
   </div>
   <div class='ocr_carea' id='block_1_56' title="bbox 204 2196 962 2232">
    <p class='ocr_par' dir='ltr' id='par_1_56' title="bbox 204 2196 962 2232">
     <span class='ocr_line' id='line_1_56' title="bbox 204 2196 962 2232; baseline 0 -9"><span class='ocrx_word' id='word_1_364' title='bbox 204 2196 264 2223; x_wconf 79' lang='grc' dir='ltr'><strong>Οὐκ</strong></span> <span class='ocrx_word' id='word_1_365' title='bbox 279 2196 328 2232; x_wconf 83' lang='grc' dir='ltr'><strong>ἡδὺ</strong></span> <span class='ocrx_word' id='word_1_366' title='bbox 336 2197 391 2227; x_wconf 81' lang='grc' dir='ltr'>τοῖς</span> <span class='ocrx_word' id='word_1_367' title='bbox 407 2197 514 2228; x_wconf 85' lang='grc' dir='ltr'>πιστοῖς</span> <span class='ocrx_word' id='word_1_368' title='bbox 526 2196 679 2232; x_wconf 74' lang='grc' dir='ltr'>ἀδολεσχία,</span> <span class='ocrx_word' id='word_1_369' title='bbox 698 2197 745 2224; x_wconf 78' lang='grc' dir='ltr'>καὶ</span> <span class='ocrx_word' id='word_1_370' title='bbox 770 2196 860 2232; x_wconf 77' lang='grc' dir='ltr'>λόγων</span> <span class='ocrx_word' id='word_1_371' title='bbox 886 2198 962 2224; x_wconf 85' lang='grc' dir='ltr'>ἀντι-</span> 
     </span>
    </p>
   </div>
   <div class='ocr_carea' id='block_1_57' title="bbox 169 2239 776 2278">
    <p class='ocr_par' dir='ltr' id='par_1_57' title="bbox 169 2239 776 2278">
     <span class='ocr_line' id='line_1_57' title="bbox 169 2239 776 2278; baseline 0.003 -10"><span class='ocrx_word' id='word_1_372' title='bbox 169 2241 270 2274; x_wconf 74' lang='grc' dir='ltr'>θέσεις.</span> <span class='ocrx_word' id='word_1_373' title='bbox 293 2242 386 2277; x_wconf 81' lang='grc' dir='ltr'>Ἀρκεῖ</span> <span class='ocrx_word' id='word_1_374' title='bbox 398 2242 453 2277; x_wconf 81' lang='grc' dir='ltr'><strong>γὰρ</strong></span> <span class='ocrx_word' id='word_1_375' title='bbox 465 2242 512 2269; x_wconf 74' lang='grc' dir='ltr'>καὶ</span> <span class='ocrx_word' id='word_1_376' title='bbox 527 2239 567 2275; x_wconf 77' lang='grc' dir='ltr'>εἷς</span> <span class='ocrx_word' id='word_1_377' title='bbox 577 2242 776 2278; x_wconf 73' lang='grc' dir='ltr'>ἀντικείμενος.</span> 
     </span>
    </p>
   </div>
   <div class='ocr_carea' id='block_1_58' title="bbox 209 2330 964 2368">
    <p class='ocr_par' dir='ltr' id='par_1_58' title="bbox 209 2330 964 2368">
     <span class='ocr_line' id='line_1_58' title="bbox 209 2330 964 2368; baseline 0.005 -11"><span class='ocrx_word' id='word_1_378' title='bbox 209 2331 295 2366; x_wconf 67' lang='grc' dir='ltr'>Σοιιςὸς</span> <span class='ocrx_word' id='word_1_379' title='bbox 308 2330 376 2367; x_wconf 79' lang='grc' dir='ltr'>ἀνὴρ</span> <span class='ocrx_word' id='word_1_380' title='bbox 386 2331 432 2358; x_wconf 76' lang='grc' dir='ltr'><strong>καὶ</strong></span> <span class='ocrx_word' id='word_1_381' title='bbox 447 2331 543 2365; x_wconf 84' lang='grc' dir='ltr'>σιγῶν,</span> <span class='ocrx_word' id='word_1_382' title='bbox 559 2331 606 2359; x_wconf 82' lang='grc' dir='ltr'><strong>τὸν</strong></span> <span class='ocrx_word' id='word_1_383' title='bbox 620 2331 686 2358; x_wconf 85' lang='grc' dir='ltr'>Θεδν</span> <span class='ocrx_word' id='word_1_384' title='bbox 707 2333 785 2368; x_wconf 80' lang='grc' dir='ltr'>τιμᾷ,</span> <span class='ocrx_word' id='word_1_385' title='bbox 809 2332 889 2365; x_wconf 76' lang='grc' dir='ltr'>εἰδὼς</span> <span class='ocrx_word' id='word_1_386' title='bbox 916 2335 964 2361; x_wconf 69' lang='grc' dir='ltr'><strong>καὶ</strong></span> 
     </span>
    </p>
   </div>
   <div class='ocr_carea' id='block_1_59' title="bbox 169 2378 341 2414">
    <p class='ocr_par' dir='ltr' id='par_1_59' title="bbox 169 2378 341 2414">
     <span class='ocr_line' id='line_1_59' title="bbox 169 2378 341 2414; baseline -0.006 -8"><span class='ocrx_word' id='word_1_387' title='bbox 169 2378 215 2406; x_wconf 83' lang='grc' dir='ltr'>διὰ</span> <span class='ocrx_word' id='word_1_388' title='bbox 226 2379 253 2405; x_wconf 81' lang='grc' dir='ltr'><strong>τι</strong></span> <span class='ocrx_word' id='word_1_389' title='bbox 267 2379 341 2414; x_wconf 75' lang='grc' dir='ltr'>σιγᾷ.</span> 
     </span>
    </p>
   </div>
   <div class='ocr_carea' id='block_1_60' title="bbox 205 2424 963 2460">
    <p class='ocr_par' dir='ltr' id='par_1_60' title="bbox 205 2424 963 2460">
     <span class='ocr_line' id='line_1_60' title="bbox 205 2424 963 2460; baseline 0.004 -9"><span class='ocrx_word' id='word_1_390' title='bbox 205 2425 299 2452; x_wconf 73' lang='grc' dir='ltr'>Φειδου</span> <span class='ocrx_word' id='word_1_391' title='bbox 328 2433 385 2460; x_wconf 86' lang='grc' dir='ltr'>μοι,</span> <span class='ocrx_word' id='word_1_392' title='bbox 404 2424 568 2460; x_wconf 78' lang='grc' dir='ltr'>παρακαλῶ,</span> <span class='ocrx_word' id='word_1_393' title='bbox 595 2426 642 2454; x_wconf 81' lang='grc' dir='ltr'><strong>τοῦ</strong></span> <span class='ocrx_word' id='word_1_394' title='bbox 661 2426 745 2454; x_wconf 82' lang='grc' dir='ltr'>αὑτοῦ</span> <span class='ocrx_word' id='word_1_395' title='bbox 771 2426 963 2454; x_wconf 77' lang='grc' dir='ltr'>ἀκαταστάτου</span> 
     </span>
    </p>
   </div>
   <div class='ocr_carea' id='block_1_61' title="bbox 169 2470 962 2509">
    <p class='ocr_par' dir='ltr' id='par_1_61' title="bbox 169 2470 962 2509">
     <span class='ocr_line' id='line_1_61' title="bbox 169 2470 962 2509; baseline 0.004 -12"><span class='ocrx_word' id='word_1_396' title='bbox 169 2470 305 2507; x_wconf 61' lang='grc' dir='ltr'>γλώσσης.</span> <span class='ocrx_word' id='word_1_397' title='bbox 320 2471 519 2507; x_wconf 86' lang='grc' dir='ltr'>Χαλεπώτερος</span> <span class='ocrx_word' id='word_1_398' title='bbox 533 2471 587 2509; x_wconf 80' lang='grc' dir='ltr'><strong>γὰρ</strong></span> <span class='ocrx_word' id='word_1_399' title='bbox 601 2472 616 2500; x_wconf 88' lang='grc' dir='ltr'>ὁ</span> <span class='ocrx_word' id='word_1_400' title='bbox 638 2473 688 2509; x_wconf 78' lang='grc' dir='ltr'><strong>τῆς</strong></span> <span class='ocrx_word' id='word_1_401' title='bbox 707 2472 834 2508; x_wconf 77' lang='grc' dir='ltr'>γλώσσης</span> <span class='ocrx_word' id='word_1_402' title='bbox 856 2473 962 2506; x_wconf 58' lang='lat' dir='ltr'><strong>alta-00:,</strong></span> 
     </span>
    </p>
   </div>
   <div class='ocr_carea' id='block_1_62' title="bbox 169 2516 521 2546">
    <p class='ocr_par' dir='ltr' id='par_1_62' title="bbox 169 2516 521 2546">
     <span class='ocr_line' id='line_1_62' title="bbox 169 2516 521 2546; baseline 0.003 -2"><span class='ocrx_word' id='word_1_403' title='bbox 169 2517 216 2544; x_wconf 78' lang='grc' dir='ltr'>τοῦ</span> <span class='ocrx_word' id='word_1_404' title='bbox 229 2517 283 2544; x_wconf 82' lang='grc' dir='ltr'>τῶν</span> <span class='ocrx_word' id='word_1_405' title='bbox 298 2516 387 2544; x_wconf 83' lang='grc' dir='ltr'>ποδῶν</span> <span class='ocrx_word' id='word_1_406' title='bbox 402 2517 521 2546; x_wconf 82' lang='grc' dir='ltr'>ὀλίσθου.</span> 
     </span>
    </p>
   </div>
   <div class='ocr_carea' id='block_1_63' title="bbox 170 2575 962 2637">
    <p class='ocr_par' dir='ltr' id='par_1_63' title="bbox 170 2575 962 2637">
     <span class='ocr_line' id='line_1_63' title="bbox 170 2575 962 2637; baseline 0.004 -36"><span class='ocrx_word' id='word_1_407' title='bbox 170 2575 261 2602; x_wconf 85' lang='grc' dir='ltr'><strong>ΤΙΤΛ.</strong></span> <span class='ocrx_word' id='word_1_408' title='bbox 279 2575 329 2602; x_wconf 85' lang='lat' dir='ltr'><strong>lE’.</strong></span> <span class='ocrx_word' id='word_1_409' title='bbox 348 2591 381 2595; x_wconf 91' lang='lat'><strong><em>—</em></strong></span> <span class='ocrx_word' id='word_1_410' title='bbox 402 2575 473 2610; x_wconf 77' lang='grc' dir='ltr'>Περὶ</span> <span class='ocrx_word' id='word_1_411' title='bbox 490 2575 549 2637; x_wconf 48' lang='lat' dir='ltr'><strong>rei;</strong></span> <span class='ocrx_word' id='word_1_412' title='bbox 563 2576 621 2611; x_wconf 80' lang='grc' dir='ltr'>τὴν</span> <span class='ocrx_word' id='word_1_413' title='bbox 632 2575 778 2612; x_wconf 74' lang='grc' dir='ltr'>γλῶσσαν</span> <span class='ocrx_word' id='word_1_414' title='bbox 785 2577 829 2611; x_wconf 77' lang='grc' dir='ltr'><strong>μὴ</strong></span> <span class='ocrx_word' id='word_1_415' title='bbox 847 2578 962 2611; x_wconf 59' lang='grc' dir='ltr'>φυλατ-</span> 
     </span>
     <span class='ocr_line' id='line_1_64' title="bbox 504 2619 629 2637; baseline 0 0"><span class='ocrx_word' id='word_1_416' title='bbox 504 2619 521 2637; x_wconf 83' lang='grc' dir='ltr'><em>τ</em></span> <span class='ocrx_word' id='word_1_417' title='bbox 540 2620 629 2637; x_wconf 73' lang='grc' dir='ltr'>ντων.</span> 
     </span>
    </p>
   </div>
   <div class='ocr_carea' id='block_1_64' title="bbox 504 2619 629 2639">
    <p class='ocr_par' dir='ltr' id='par_1_64' title="bbox 504 2619 629 2639">
     <span class='ocr_line' id='line_1_65' title="bbox 504 2619 629 2639; baseline 0.016 -2"><span class='ocrx_word' id='word_1_418' title='bbox 504 2619 521 2637; x_wconf 84' lang='grc' dir='ltr'><em>τ</em></span> <span class='ocrx_word' id='word_1_419' title='bbox 523 2619 629 2639; x_wconf 73' lang='grc' dir='ltr'><strong>οντων.</strong></span> 
     </span>
    </p>
   </div>
   <div class='ocr_carea' id='block_1_65' title="bbox 209 2656 862 2693">
    <p class='ocr_par' dir='ltr' id='par_1_65' title="bbox 209 2656 862 2693">
     <span class='ocr_line' id='line_1_66' title="bbox 209 2656 862 2693; baseline 0.003 -11"><span class='ocrx_word' id='word_1_420' title='bbox 209 2665 217 2682; x_wconf 85' lang='grc' dir='ltr'><strong>ι</strong></span> <span class='ocrx_word' id='word_1_421' title='bbox 249 2656 316 2683; x_wconf 82' lang='grc' dir='ltr'><strong>Ἀπὸ</strong></span> <span class='ocrx_word' id='word_1_422' title='bbox 331 2656 431 2688; x_wconf 71' lang='grc' dir='ltr'>παντὸς</span> <span class='ocrx_word' id='word_1_423' title='bbox 451 2657 575 2693; x_wconf 76' lang='grc' dir='ltr'>ῥήματος</span> <span class='ocrx_word' id='word_1_424' title='bbox 585 2657 679 2684; x_wconf 83' lang='grc' dir='ltr'>ἀδίκου</span> <span class='ocrx_word' id='word_1_425' title='bbox 691 2657 833 2693; x_wconf 84' lang='grc' dir='ltr'>ἀπόστηοι.</span> <span class='ocrx_word' id='word_1_426' title='bbox 853 2668 862 2684; x_wconf 76' lang='grc' dir='ltr'><strong>ι</strong></span> 
     </span>
    </p>
   </div>
   <div class='ocr_carea' id='block_1_66' title="bbox 207 2756 787 2794">
    <p class='ocr_par' dir='ltr' id='par_1_66' title="bbox 207 2756 787 2794">
     <span class='ocr_line' id='line_1_67' title="bbox 207 2756 787 2794; baseline 0.007 -12"><span class='ocrx_word' id='word_1_427' title='bbox 207 2766 216 2782; x_wconf 75' lang='grc' dir='ltr'><strong>ι</strong></span> <span class='ocrx_word' id='word_1_428' title='bbox 236 2756 304 2784; x_wconf 73' lang='grc' dir='ltr'><strong>Ἀπὸ</strong></span> <span class='ocrx_word' id='word_1_429' title='bbox 318 2756 451 2793; x_wconf 82' lang='grc' dir='ltr'>μάστιγος</span> <span class='ocrx_word' id='word_1_430' title='bbox 465 2757 592 2794; x_wconf 82' lang='grc' dir='ltr'>γλώσσης</span> <span class='ocrx_word' id='word_1_431' title='bbox 606 2758 706 2794; x_wconf 70' lang='grc' dir='ltr'>κρύψει</span> <span class='ocrx_word' id='word_1_432' title='bbox 720 2766 760 2786; x_wconf 86' lang='grc' dir='ltr'>σε.</span> <span class='ocrx_word' id='word_1_433' title='bbox 778 2769 787 2785; x_wconf 82' lang='grc' dir='ltr'><strong>ι</strong></span> 
     </span>
    </p>
   </div>
   <div class='ocr_carea' id='block_1_67' title="bbox 208 2845 807 2884">
    <p class='ocr_par' dir='ltr' id='par_1_67' title="bbox 208 2845 807 2884">
     <span class='ocr_line' id='line_1_68' title="bbox 208 2845 807 2884; baseline 0.01 -13"><span class='ocrx_word' id='word_1_434' title='bbox 208 2853 218 2871; x_wconf 80' lang='grc' dir='ltr'><strong>ι</strong></span> <span class='ocrx_word' id='word_1_435' title='bbox 234 2845 325 2880; x_wconf 61' lang='grc' dir='ltr'>Τὰφος</span> <span class='ocrx_word' id='word_1_436' title='bbox 343 2846 518 2883; x_wconf 77' lang='grc' dir='ltr'>ἀνεῳγμένος</span> <span class='ocrx_word' id='word_1_437' title='bbox 535 2849 548 2875; x_wconf 73' lang='grc' dir='ltr'>ὁ</span> <span class='ocrx_word' id='word_1_438' title='bbox 561 2848 664 2884; x_wconf 77' lang='grc' dir='ltr'>λάρυγξ</span> <span class='ocrx_word' id='word_1_439' title='bbox 680 2849 779 2877; x_wconf 74' lang='grc' dir='ltr'>αὐτῶν.</span> <span class='ocrx_word' id='word_1_440' title='bbox 799 2860 807 2877; x_wconf 78' lang='grc' dir='ltr'><strong>ι</strong></span> 
     </span>
    </p>
   </div>
   <div class='ocr_carea' id='block_1_68' title="bbox 1011 962 1809 999">
    <p class='ocr_par' dir='ltr' id='par_1_68' title="bbox 1011 962 1809 999">
     <span class='ocr_line' id='line_1_69' title="bbox 1011 962 1809 999; baseline -0.001 -10"><span class='ocrx_word' id='word_1_441' title='bbox 1011 971 1071 999; x_wconf 70' lang='lat' dir='ltr'><strong>gnat</strong></span> <span class='ocrx_word' id='word_1_442' title='bbox 1088 973 1095 991; x_wconf 92' lang='lat'>:</span> <span class='ocrx_word' id='word_1_443' title='bbox 1115 963 1162 999; x_wconf 89' lang='lat' dir='ltr'><strong>qui</strong></span> <span class='ocrx_word' id='word_1_444' title='bbox 1177 967 1269 991; x_wconf 87' lang='lat' dir='ltr'><strong>autem</strong></span> <span class='ocrx_word' id='word_1_445' title='bbox 1296 966 1392 991; x_wconf 88' lang='lat' dir='ltr'><strong>tenent</strong></span> <span class='ocrx_word' id='word_1_446' title='bbox 1424 970 1497 996; x_wconf 88' lang='lat' dir='ltr'><strong>eam,</strong></span> <span class='ocrx_word' id='word_1_447' title='bbox 1528 963 1674 990; x_wconf 87' lang='lat' dir='ltr'><strong>comedent</strong></span> <span class='ocrx_word' id='word_1_448' title='bbox 1702 962 1809 989; x_wconf 77' lang='lat' dir='ltr'><strong>fructus</strong></span> 
     </span>
    </p>
   </div>
   <div class='ocr_carea' id='block_1_69' title="bbox 1011 1009 1110 1045">
    <p class='ocr_par' dir='ltr' id='par_1_69' title="bbox 1011 1009 1110 1045">
     <span class='ocr_line' id='line_1_70' title="bbox 1011 1009 1110 1045; baseline -0.03 -7"><span class='ocrx_word' id='word_1_449' title='bbox 1011 1009 1083 1045; x_wconf 82' lang='lat' dir='ltr'><strong>ejus.</strong></span> <span class='ocrx_word' id='word_1_450' title='bbox 1100 1019 1110 1035; x_wconf 74' lang='grc' dir='ltr'><strong>ι</strong></span> 
     </span>
    </p>
   </div>
   <div class='ocr_carea' id='block_1_70' title="bbox 1048 1053 1808 1088">
    <p class='ocr_par' dir='ltr' id='par_1_70' title="bbox 1048 1053 1808 1088">
     <span class='ocr_line' id='line_1_71' title="bbox 1048 1053 1808 1088; baseline -0.003 -6"><span class='ocrx_word' id='word_1_451' title='bbox 1048 1054 1133 1083; x_wconf 83' lang='lat' dir='ltr'><strong>Eccli.</strong></span> <span class='ocrx_word' id='word_1_452' title='bbox 1154 1062 1219 1088; x_wconf 77' lang='lat' dir='ltr'><strong>xlv,</strong></span> <span class='ocrx_word' id='word_1_453' title='bbox 1234 1055 1260 1082; x_wconf 88' lang='lat' dir='ltr'><strong>l.</strong></span> <span class='ocrx_word' id='word_1_454' title='bbox 1281 1068 1317 1074; x_wconf 91' lang='lat'>—</span> <span class='ocrx_word' id='word_1_455' title='bbox 1333 1063 1342 1080; x_wconf 80' lang='grc' dir='ltr'><strong>ι</strong></span> <span class='ocrx_word' id='word_1_456' title='bbox 1363 1053 1465 1082; x_wconf 85' lang='lat' dir='ltr'><strong>Beatus</strong></span> <span class='ocrx_word' id='word_1_457' title='bbox 1493 1054 1536 1081; x_wconf 86' lang='lat' dir='ltr'><strong>vir</strong></span> <span class='ocrx_word' id='word_1_458' title='bbox 1549 1053 1594 1088; x_wconf 89' lang='lat' dir='ltr'><strong>qui</strong></span> <span class='ocrx_word' id='word_1_459' title='bbox 1623 1061 1678 1080; x_wconf 90' lang='lat' dir='ltr'><strong>non</strong></span> <span class='ocrx_word' id='word_1_460' title='bbox 1693 1058 1734 1081; x_wconf 89' lang='lat' dir='ltr'><strong>cst</strong></span> <span class='ocrx_word' id='word_1_461' title='bbox 1769 1054 1808 1080; x_wconf 83' lang='lat' dir='ltr'><strong>la-</strong></span> 
     </span>
    </p>
   </div>
   <div class='ocr_carea' id='block_1_71' title="bbox 1012 1101 1291 1137">
    <p class='ocr_par' dir='ltr' id='par_1_71' title="bbox 1012 1101 1291 1137">
     <span class='ocr_line' id='line_1_72' title="bbox 1012 1101 1291 1137; baseline -0.007 -8"><span class='ocrx_word' id='word_1_462' title='bbox 1012 1109 1079 1137; x_wconf 84' lang='lat' dir='ltr'><strong>psus</strong></span> <span class='ocrx_word' id='word_1_463' title='bbox 1099 1101 1127 1128; x_wconf 91' lang='lat' dir='ltr'><strong>in</strong></span> <span class='ocrx_word' id='word_1_464' title='bbox 1144 1108 1193 1128; x_wconf 88' lang='lat' dir='ltr'><strong>ore</strong></span> <span class='ocrx_word' id='word_1_465' title='bbox 1212 1107 1291 1128; x_wconf 67' lang='lat' dir='ltr'><strong>suo.)</strong></span> 
     </span>
    </p>
   </div>
   <div class='ocr_carea' id='block_1_72' title="bbox 1047 1146 1806 1181">
    <p class='ocr_par' dir='ltr' id='par_1_72' title="bbox 1047 1146 1806 1181">
     <span class='ocr_line' id='line_1_73' title="bbox 1047 1146 1806 1181; baseline -0.004 -7"><span class='ocrx_word' id='word_1_466' title='bbox 1047 1147 1132 1175; x_wconf 73' lang='lat' dir='ltr'><strong>Ercli.</strong></span> <span class='ocrx_word' id='word_1_467' title='bbox 1142 1155 1180 1179; x_wconf 81' lang='lat' dir='ltr'><strong>vr,</strong></span> <span class='ocrx_word' id='word_1_468' title='bbox 1192 1147 1256 1174; x_wconf 79' lang='grc'><strong>5.-</strong></span> <span class='ocrx_word' id='word_1_469' title='bbox 1266 1156 1274 1172; x_wconf 78' lang='grc' dir='ltr'><strong>ι</strong></span> <span class='ocrx_word' id='word_1_470' title='bbox 1288 1146 1389 1174; x_wconf 85' lang='lat' dir='ltr'><strong>Guttur</strong></span> <span class='ocrx_word' id='word_1_471' title='bbox 1399 1146 1480 1174; x_wconf 85' lang='lat' dir='ltr'><strong>dulce</strong></span> <span class='ocrx_word' id='word_1_472' title='bbox 1494 1146 1658 1181; x_wconf 81' lang='lat' dir='ltr'><strong>multiplicat</strong></span> <span class='ocrx_word' id='word_1_473' title='bbox 1673 1146 1786 1173; x_wconf 63' lang='grc' dir='ltr'>ιιιιιῐινος.</span> <span class='ocrx_word' id='word_1_474' title='bbox 1797 1155 1806 1171; x_wconf 80' lang='grc' dir='ltr'><strong>ι</strong></span> 
     </span>
    </p>
   </div>
   <div class='ocr_carea' id='block_1_73' title="bbox 1048 1191 1809 1226">
    <p class='ocr_par' dir='ltr' id='par_1_73' title="bbox 1048 1191 1809 1226">
     <span class='ocr_line' id='line_1_74' title="bbox 1048 1191 1809 1226; baseline -0.001 -7"><span class='ocrx_word' id='word_1_475' title='bbox 1048 1191 1132 1220; x_wconf 74' lang='grc' dir='ltr'><strong>Ετειὶ.</strong></span> <span class='ocrx_word' id='word_1_476' title='bbox 1158 1200 1225 1225; x_wconf 83' lang='lat' dir='ltr'><strong>xxu,</strong></span> <span class='ocrx_word' id='word_1_477' title='bbox 1247 1192 1340 1225; x_wconf 74' lang='lat'><strong>27,—-</strong></span> <span class='ocrx_word' id='word_1_478' title='bbox 1358 1202 1368 1218; x_wconf 73' lang='grc' dir='ltr'><strong>ι</strong></span> <span class='ocrx_word' id='word_1_479' title='bbox 1386 1192 1455 1226; x_wconf 85' lang='lat' dir='ltr'><strong>Quis</strong></span> <span class='ocrx_word' id='word_1_480' title='bbox 1473 1192 1550 1219; x_wconf 84' lang='lat' dir='ltr'><strong>dabit</strong></span> <span class='ocrx_word' id='word_1_481' title='bbox 1575 1192 1617 1219; x_wconf 90' lang='lat' dir='ltr'><strong>ori</strong></span> <span class='ocrx_word' id='word_1_482' title='bbox 1632 1200 1693 1219; x_wconf 80' lang='lat' dir='ltr'><strong>meo</strong></span> <span class='ocrx_word' id='word_1_483' title='bbox 1715 1195 1809 1219; x_wconf 71' lang='lat' dir='ltr'><strong>custo-</strong></span> 
     </span>
    </p>
   </div>
   <div class='ocr_carea' id='block_1_74' title="bbox 1018 1238 1806 1274">
    <p class='ocr_par' dir='ltr' id='par_1_74' title="bbox 1018 1238 1806 1274">
     <span class='ocr_line' id='line_1_75' title="bbox 1018 1238 1806 1274; baseline -0.003 -8"><span class='ocrx_word' id='word_1_484' title='bbox 1018 1238 1104 1271; x_wconf 83' lang='lat' dir='ltr'><strong>diam,</strong></span> <span class='ocrx_word' id='word_1_485' title='bbox 1116 1244 1144 1266; x_wconf 84' lang='lat' dir='ltr'><strong>et</strong></span> <span class='ocrx_word' id='word_1_486' title='bbox 1157 1246 1242 1274; x_wconf 86' lang='lat' dir='ltr'><strong>supcr</strong></span> <span class='ocrx_word' id='word_1_487' title='bbox 1254 1238 1327 1266; x_wconf 86' lang='lat' dir='ltr'><strong>labia</strong></span> <span class='ocrx_word' id='word_1_488' title='bbox 1339 1246 1398 1266; x_wconf 86' lang='lat' dir='ltr'><strong>mea</strong></span> <span class='ocrx_word' id='word_1_489' title='bbox 1419 1238 1594 1273; x_wconf 76' lang='lat' dir='ltr'><strong>signaculum</strong></span> <span class='ocrx_word' id='word_1_490' title='bbox 1610 1258 1617 1270; x_wconf 90' lang='lat'><strong>,</strong></span> <span class='ocrx_word' id='word_1_491' title='bbox 1633 1243 1663 1265; x_wconf 91' lang='lat' dir='ltr'><strong>ut</strong></span> <span class='ocrx_word' id='word_1_492' title='bbox 1686 1246 1739 1266; x_wconf 88' lang='lat' dir='ltr'><strong>non</strong></span> <span class='ocrx_word' id='word_1_493' title='bbox 1757 1246 1806 1265; x_wconf 83' lang='lat' dir='ltr'><strong>ca-</strong></span> 
     </span>
    </p>
   </div>
   <div class='ocr_carea' id='block_1_75' title="bbox 1012 1283 1633 1321">
    <p class='ocr_par' dir='ltr' id='par_1_75' title="bbox 1012 1283 1633 1321">
     <span class='ocr_line' id='line_1_76' title="bbox 1012 1283 1633 1321; baseline -0.003 -9"><span class='ocrx_word' id='word_1_494' title='bbox 1012 1284 1058 1312; x_wconf 87' lang='lat' dir='ltr'><strong>dat</strong></span> <span class='ocrx_word' id='word_1_495' title='bbox 1075 1285 1109 1312; x_wconf 88' lang='lat' dir='ltr'><strong>ab</strong></span> <span class='ocrx_word' id='word_1_496' title='bbox 1124 1285 1192 1319; x_wconf 82' lang='lat' dir='ltr'><strong>ipsa,</strong></span> <span class='ocrx_word' id='word_1_497' title='bbox 1206 1290 1234 1312; x_wconf 83' lang='lat' dir='ltr'><strong>et</strong></span> <span class='ocrx_word' id='word_1_498' title='bbox 1248 1285 1343 1321; x_wconf 80' lang='lat' dir='ltr'><strong>lingua</strong></span> <span class='ocrx_word' id='word_1_499' title='bbox 1362 1292 1422 1312; x_wconf 74' lang='lat' dir='ltr'><strong>mea</strong></span> <span class='ocrx_word' id='word_1_500' title='bbox 1437 1285 1532 1320; x_wconf 83' lang='lat' dir='ltr'><strong>perdat</strong></span> <span class='ocrx_word' id='word_1_501' title='bbox 1542 1292 1584 1312; x_wconf 90' lang='lat' dir='ltr'><strong>mc</strong></span> <span class='ocrx_word' id='word_1_502' title='bbox 1597 1283 1609 1310; x_wconf 89' lang='lat'><strong>?</strong></span> <span class='ocrx_word' id='word_1_503' title='bbox 1624 1293 1633 1310; x_wconf 80' lang='grc' dir='ltr'><strong>ι</strong></span> 
     </span>
    </p>
   </div>
   <div class='ocr_carea' id='block_1_76' title="bbox 1051 1329 1808 1366">
    <p class='ocr_par' dir='ltr' id='par_1_76' title="bbox 1051 1329 1808 1366">
     <span class='ocr_line' id='line_1_77' title="bbox 1051 1329 1808 1366; baseline -0.001 -9"><span class='ocrx_word' id='word_1_504' title='bbox 1051 1329 1134 1357; x_wconf 73' lang='lat' dir='ltr'><strong>Eucti.</strong></span> <span class='ocrx_word' id='word_1_505' title='bbox 1151 1339 1207 1358; x_wconf 79' lang='lat' dir='ltr'><strong>xix.</strong></span> <span class='ocrx_word' id='word_1_506' title='bbox 1225 1331 1252 1358; x_wconf 85' lang='lat'><strong>5.</strong></span> <span class='ocrx_word' id='word_1_507' title='bbox 1278 1346 1313 1351; x_wconf 78' lang='lat'><strong>——</strong></span> <span class='ocrx_word' id='word_1_508' title='bbox 1332 1339 1341 1357; x_wconf 78' lang='grc' dir='ltr'><strong>ι</strong></span> <span class='ocrx_word' id='word_1_509' title='bbox 1367 1330 1417 1365; x_wconf 87' lang='lat' dir='ltr'><strong>Qui</strong></span> <span class='ocrx_word' id='word_1_510' title='bbox 1434 1331 1494 1359; x_wconf 89' lang='lat' dir='ltr'><strong>odit</strong></span> <span class='ocrx_word' id='word_1_511' title='bbox 1517 1331 1728 1366; x_wconf 77' lang='lat' dir='ltr'><strong>loquacitatem,</strong></span> <span class='ocrx_word' id='word_1_512' title='bbox 1754 1331 1808 1357; x_wconf 88' lang='lat' dir='ltr'><strong>im-</strong></span> 
     </span>
    </p>
   </div>
   <div class='ocr_carea' id='block_1_77' title="bbox 1013 1376 1303 1404">
    <p class='ocr_par' dir='ltr' id='par_1_77' title="bbox 1013 1376 1303 1404">
     <span class='ocr_line' id='line_1_78' title="bbox 1013 1376 1303 1404; baseline 0 -1"><span class='ocrx_word' id='word_1_513' title='bbox 1013 1376 1113 1404; x_wconf 88' lang='lat' dir='ltr'><strong>minuit</strong></span> <span class='ocrx_word' id='word_1_514' title='bbox 1130 1377 1274 1404; x_wconf 86' lang='lat' dir='ltr'><strong>malitiam.</strong></span> <span class='ocrx_word' id='word_1_515' title='bbox 1294 1387 1303 1403; x_wconf 79' lang='grc' dir='ltr'><strong>ι</strong></span> 
     </span>
    </p>
   </div>
   <div class='ocr_carea' id='block_1_78' title="bbox 1048 1422 1811 1459">
    <p class='ocr_par' dir='ltr' id='par_1_78' title="bbox 1048 1422 1811 1459">
     <span class='ocr_line' id='line_1_79' title="bbox 1048 1422 1811 1459; baseline 0 -9"><span class='ocrx_word' id='word_1_516' title='bbox 1048 1422 1132 1459; x_wconf 68' lang='grc'><strong>420</strong></span> <span class='ocrx_word' id='word_1_517' title='bbox 1148 1422 1233 1451; x_wconf 73' lang='lat' dir='ltr'><strong>Eat-li.</strong></span> <span class='ocrx_word' id='word_1_518' title='bbox 1262 1432 1328 1456; x_wconf 83' lang='lat' dir='ltr'><strong>xxx,</strong></span> <span class='ocrx_word' id='word_1_519' title='bbox 1346 1424 1390 1452; x_wconf 85' lang='lat' dir='ltr'><strong>l8.</strong></span> <span class='ocrx_word' id='word_1_520' title='bbox 1407 1440 1442 1444; x_wconf 98' lang='lat'>—</span> <span class='ocrx_word' id='word_1_521' title='bbox 1459 1434 1469 1450; x_wconf 88' lang='grc'><strong><em>‹</em></strong></span> <span class='ocrx_word' id='word_1_522' title='bbox 1490 1424 1567 1451; x_wconf 84' lang='lat' dir='ltr'><strong>Bona</strong></span> <span class='ocrx_word' id='word_1_523' title='bbox 1597 1424 1686 1451; x_wconf 78' lang='lat' dir='ltr'><strong>cll‘usa</strong></span> <span class='ocrx_word' id='word_1_524' title='bbox 1709 1423 1738 1450; x_wconf 92' lang='lat' dir='ltr'><strong>in</strong></span> <span class='ocrx_word' id='word_1_525' title='bbox 1763 1431 1811 1451; x_wconf 82' lang='lat' dir='ltr'><strong>ore</strong></span> 
     </span>
    </p>
   </div>
   <div class='ocr_carea' id='block_1_79' title="bbox 1017 1468 1159 1497">
    <p class='ocr_par' dir='ltr' id='par_1_79' title="bbox 1017 1468 1159 1497">
     <span class='ocr_line' id='line_1_80' title="bbox 1017 1468 1159 1497; baseline 0 -1"><span class='ocrx_word' id='word_1_526' title='bbox 1017 1468 1126 1497; x_wconf 85' lang='lat' dir='ltr'><strong>clauso.</strong></span> <span class='ocrx_word' id='word_1_527' title='bbox 1149 1479 1159 1496; x_wconf 75' lang='grc' dir='ltr'><strong>ι</strong></span> 
     </span>
    </p>
   </div>
   <div class='ocr_carea' id='block_1_80' title="bbox 1050 1515 1811 1552">
    <p class='ocr_par' dir='ltr' id='par_1_80' title="bbox 1050 1515 1811 1552">
     <span class='ocr_line' id='line_1_81' title="bbox 1050 1515 1811 1552; baseline 0.004 -10"><span class='ocrx_word' id='word_1_528' title='bbox 1050 1515 1127 1544; x_wconf 76' lang='lat' dir='ltr'><strong>Psal.</strong></span> <span class='ocrx_word' id='word_1_529' title='bbox 1144 1516 1260 1549; x_wconf 81' lang='lat' dir='ltr'><strong>xxxviu,</strong></span> <span class='ocrx_word' id='word_1_530' title='bbox 1272 1517 1336 1544; x_wconf 78' lang='grc'><strong>1.-</strong></span> <span class='ocrx_word' id='word_1_531' title='bbox 1350 1526 1360 1542; x_wconf 87' lang='grc'><strong><em>‹</em></strong></span> <span class='ocrx_word' id='word_1_532' title='bbox 1378 1516 1438 1544; x_wconf 79' lang='lat' dir='ltr'><strong>Dixi</strong></span> <span class='ocrx_word' id='word_1_533' title='bbox 1457 1526 1464 1544; x_wconf 91' lang='lat'><strong>:</strong></span> <span class='ocrx_word' id='word_1_534' title='bbox 1477 1517 1639 1545; x_wconf 85' lang='lat' dir='ltr'><strong>Custodiam</strong></span> <span class='ocrx_word' id='word_1_535' title='bbox 1653 1518 1711 1545; x_wconf 89' lang='lat' dir='ltr'><strong>vias</strong></span> <span class='ocrx_word' id='word_1_536' title='bbox 1723 1525 1811 1552; x_wconf 87' lang='lat' dir='ltr'><strong>meas,</strong></span> 
     </span>
    </p>
   </div>
   <div class='ocr_carea' id='block_1_81' title="bbox 1014 1561 1566 1597">
    <p class='ocr_par' dir='ltr' id='par_1_81' title="bbox 1014 1561 1566 1597">
     <span class='ocr_line' id='line_1_82' title="bbox 1014 1561 1566 1597; baseline 0.004 -10"><span class='ocrx_word' id='word_1_537' title='bbox 1014 1565 1045 1588; x_wconf 91' lang='lat' dir='ltr'><strong>ut</strong></span> <span class='ocrx_word' id='word_1_538' title='bbox 1064 1569 1117 1587; x_wconf 89' lang='lat' dir='ltr'><strong>non</strong></span> <span class='ocrx_word' id='word_1_539' title='bbox 1135 1561 1297 1596; x_wconf 76' lang='lat' dir='ltr'><strong>delinquant</strong></span> <span class='ocrx_word' id='word_1_540' title='bbox 1314 1562 1341 1588; x_wconf 95' lang='lat' dir='ltr'><strong>in</strong></span> <span class='ocrx_word' id='word_1_541' title='bbox 1354 1562 1447 1597; x_wconf 76' lang='lat' dir='ltr'><strong>lingua</strong></span> <span class='ocrx_word' id='word_1_542' title='bbox 1466 1571 1536 1589; x_wconf 76' lang='lat' dir='ltr'><strong>mea.</strong></span> <span class='ocrx_word' id='word_1_543' title='bbox 1557 1572 1566 1588; x_wconf 83' lang='lat' dir='ltr'><strong>I</strong></span> 
     </span>
    </p>
   </div>
   <div class='ocr_carea' id='block_1_82' title="bbox 1049 1605 1810 1640">
    <p class='ocr_par' dir='ltr' id='par_1_82' title="bbox 1049 1605 1810 1640">
     <span class='ocr_line' id='line_1_83' title="bbox 1049 1605 1810 1640; baseline 0.004 -7"><span class='ocrx_word' id='word_1_544' title='bbox 1049 1605 1198 1638; x_wconf 82' lang='lat' dir='ltr'><strong>Psal.ch,</strong></span> <span class='ocrx_word' id='word_1_545' title='bbox 1212 1607 1239 1633; x_wconf 77' lang='grc'><strong>5.</strong></span> <span class='ocrx_word' id='word_1_546' title='bbox 1254 1622 1288 1626; x_wconf 93' lang='grc'><strong><em>-</em></strong></span> <span class='ocrx_word' id='word_1_547' title='bbox 1307 1617 1315 1633; x_wconf 83' lang='grc' dir='ltr'><strong>ι</strong></span> <span class='ocrx_word' id='word_1_548' title='bbox 1337 1607 1420 1640; x_wconf 78' lang='grc' dir='ltr'>Ροιιο,</span> <span class='ocrx_word' id='word_1_549' title='bbox 1442 1607 1568 1640; x_wconf 82' lang='lat' dir='ltr'><strong>Domine,</strong></span> <span class='ocrx_word' id='word_1_550' title='bbox 1594 1609 1748 1636; x_wconf 65' lang='lat' dir='ltr'><strong>custodiam</strong></span> <span class='ocrx_word' id='word_1_551' title='bbox 1768 1610 1810 1636; x_wconf 84' lang='lat' dir='ltr'><strong>ori</strong></span> 
     </span>
    </p>
   </div>
   <div class='ocr_carea' id='block_1_83' title="bbox 1015 1653 1698 1684">
    <p class='ocr_par' dir='ltr' id='par_1_83' title="bbox 1015 1653 1698 1684">
     <span class='ocr_line' id='line_1_84' title="bbox 1015 1653 1698 1684; baseline 0.001 -5"><span class='ocrx_word' id='word_1_552' title='bbox 1015 1660 1086 1684; x_wconf 85' lang='lat' dir='ltr'><strong>meo,</strong></span> <span class='ocrx_word' id='word_1_553' title='bbox 1102 1656 1129 1680; x_wconf 87' lang='lat' dir='ltr'><strong>et</strong></span> <span class='ocrx_word' id='word_1_554' title='bbox 1143 1653 1245 1680; x_wconf 86' lang='lat' dir='ltr'><strong>ostium</strong></span> <span class='ocrx_word' id='word_1_555' title='bbox 1262 1654 1481 1681; x_wconf 67' lang='lat' dir='ltr'><strong>circumstantia:</strong></span> <span class='ocrx_word' id='word_1_556' title='bbox 1497 1655 1577 1682; x_wconf 85' lang='lat' dir='ltr'><strong>labiis</strong></span> <span class='ocrx_word' id='word_1_557' title='bbox 1596 1655 1675 1682; x_wconf 82' lang='lat' dir='ltr'><strong>meis.</strong></span> <span class='ocrx_word' id='word_1_558' title='bbox 1689 1665 1698 1680; x_wconf 76' lang='grc' dir='ltr'><strong>ι</strong></span> 
     </span>
    </p>
   </div>
   <div class='ocr_carea' id='block_1_84' title="bbox 1047 1697 1811 1732">
    <p class='ocr_par' dir='ltr' id='par_1_84' title="bbox 1047 1697 1811 1732">
     <span class='ocr_line' id='line_1_85' title="bbox 1047 1697 1811 1732; baseline 0.005 -8"><span class='ocrx_word' id='word_1_559' title='bbox 1047 1697 1108 1725; x_wconf 81' lang='lat' dir='ltr'><strong>Jac.</strong></span> <span class='ocrx_word' id='word_1_560' title='bbox 1127 1706 1147 1732; x_wconf 87' lang='grc' dir='ltr'><strong>ι,</strong></span> <span class='ocrx_word' id='word_1_561' title='bbox 1165 1700 1209 1727; x_wconf 78' lang='grc'><strong>19.</strong></span> <span class='ocrx_word' id='word_1_562' title='bbox 1238 1714 1272 1719; x_wconf 87' lang='grc'><strong><em>--</em></strong></span> <span class='ocrx_word' id='word_1_563' title='bbox 1293 1709 1303 1725; x_wconf 78' lang='grc' dir='ltr'><strong>ι</strong></span> <span class='ocrx_word' id='word_1_564' title='bbox 1333 1699 1375 1727; x_wconf 88' lang='lat' dir='ltr'><strong>Sit</strong></span> <span class='ocrx_word' id='word_1_565' title='bbox 1390 1701 1481 1728; x_wconf 79' lang='lat' dir='ltr'><strong>onuiis</strong></span> <span class='ocrx_word' id='word_1_566' title='bbox 1496 1701 1578 1728; x_wconf 84' lang='lat' dir='ltr'><strong>homo</strong></span> <span class='ocrx_word' id='word_1_567' title='bbox 1597 1701 1676 1728; x_wconf 78' lang='lat' dir='ltr'><strong>velox</strong></span> <span class='ocrx_word' id='word_1_568' title='bbox 1702 1704 1736 1728; x_wconf 87' lang='lat' dir='ltr'><strong>ad</strong></span> <span class='ocrx_word' id='word_1_569' title='bbox 1763 1709 1811 1728; x_wconf 77' lang='lat' dir='ltr'><strong>au-</strong></span> 
     </span>
    </p>
   </div>
   <div class='ocr_carea' id='block_1_85' title="bbox 1013 1742 1647 1780">
    <p class='ocr_par' dir='ltr' id='par_1_85' title="bbox 1013 1742 1647 1780">
     <span class='ocr_line' id='line_1_86' title="bbox 1013 1742 1647 1780; baseline 0.003 -10"><span class='ocrx_word' id='word_1_570' title='bbox 1013 1742 1155 1776; x_wconf 80' lang='lat' dir='ltr'><strong>diendum,</strong></span> <span class='ocrx_word' id='word_1_571' title='bbox 1174 1745 1269 1772; x_wconf 89' lang='lat' dir='ltr'><strong>tardus</strong></span> <span class='ocrx_word' id='word_1_572' title='bbox 1288 1749 1379 1772; x_wconf 83' lang='lat' dir='ltr'><strong>autem</strong></span> <span class='ocrx_word' id='word_1_573' title='bbox 1394 1746 1427 1774; x_wconf 89' lang='lat' dir='ltr'><strong>ad</strong></span> <span class='ocrx_word' id='word_1_574' title='bbox 1441 1747 1619 1780; x_wconf 80' lang='lat' dir='ltr'><strong>loquendum.</strong></span> <span class='ocrx_word' id='word_1_575' title='bbox 1638 1757 1647 1772; x_wconf 77' lang='grc' dir='ltr'><strong>ι</strong></span> 
     </span>
    </p>
   </div>
   <div class='ocr_carea' id='block_1_86' title="bbox 1049 1789 1803 1828">
    <p class='ocr_par' dir='ltr' id='par_1_86' title="bbox 1049 1789 1803 1828">
     <span class='ocr_line' id='line_1_87' title="bbox 1049 1789 1803 1828; baseline 0.008 -12"><span class='ocrx_word' id='word_1_576' title='bbox 1049 1789 1110 1817; x_wconf 76' lang='lat' dir='ltr'><strong>Jac.</strong></span> <span class='ocrx_word' id='word_1_577' title='bbox 1127 1798 1168 1823; x_wconf 90' lang='grc' dir='ltr'>ιιι,</span> <span class='ocrx_word' id='word_1_578' title='bbox 1185 1791 1212 1818; x_wconf 75' lang='grc'><strong>2.</strong></span> <span class='ocrx_word' id='word_1_579' title='bbox 1228 1807 1263 1811; x_wconf 86' lang='grc'><strong><em>-</em></strong></span> <span class='ocrx_word' id='word_1_580' title='bbox 1280 1801 1289 1817; x_wconf 83' lang='grc' dir='ltr'><strong>ι</strong></span> <span class='ocrx_word' id='word_1_581' title='bbox 1313 1791 1341 1819; x_wconf 91' lang='lat' dir='ltr'><strong>Si</strong></span> <span class='ocrx_word' id='word_1_582' title='bbox 1360 1793 1424 1828; x_wconf 82' lang='lat' dir='ltr'><strong>quis</strong></span> <span class='ocrx_word' id='word_1_583' title='bbox 1443 1793 1470 1820; x_wconf 92' lang='lat' dir='ltr'><strong>in</strong></span> <span class='ocrx_word' id='word_1_584' title='bbox 1485 1794 1568 1821; x_wconf 85' lang='lat' dir='ltr'><strong>verbo</strong></span> <span class='ocrx_word' id='word_1_585' title='bbox 1601 1803 1654 1821; x_wconf 87' lang='lat' dir='ltr'><strong>non</strong></span> <span class='ocrx_word' id='word_1_586' title='bbox 1675 1795 1803 1827; x_wconf 71' lang='lat' dir='ltr'><strong>olfentlit,</strong></span> 
     </span>
    </p>
   </div>
   <div class='ocr_carea' id='block_1_87' title="bbox 1013 1835 1810 1874">
    <p class='ocr_par' dir='ltr' id='par_1_87' title="bbox 1013 1835 1810 1874">
     <span class='ocr_line' id='line_1_88' title="bbox 1013 1835 1810 1874; baseline 0.005 -11"><span class='ocrx_word' id='word_1_587' title='bbox 1013 1835 1059 1863; x_wconf 83' lang='lat' dir='ltr'><strong>hic</strong></span> <span class='ocrx_word' id='word_1_588' title='bbox 1073 1836 1214 1872; x_wconf 82' lang='lat' dir='ltr'><strong>perlectus</strong></span> <span class='ocrx_word' id='word_1_589' title='bbox 1238 1842 1280 1865; x_wconf 87' lang='lat' dir='ltr'><strong>est</strong></span> <span class='ocrx_word' id='word_1_590' title='bbox 1298 1839 1350 1870; x_wconf 82' lang='lat' dir='ltr'><strong>vir,</strong></span> <span class='ocrx_word' id='word_1_591' title='bbox 1386 1842 1485 1874; x_wconf 87' lang='lat' dir='ltr'><strong>potcns</strong></span> <span class='ocrx_word' id='word_1_592' title='bbox 1506 1837 1617 1867; x_wconf 79' lang='lat' dir='ltr'><strong>frenare</strong></span> <span class='ocrx_word' id='word_1_593' title='bbox 1641 1843 1728 1867; x_wconf 86' lang='lat' dir='ltr'><strong>totum</strong></span> <span class='ocrx_word' id='word_1_594' title='bbox 1745 1848 1810 1868; x_wconf 84' lang='lat' dir='ltr'><strong>cor-</strong></span> 
     </span>
    </p>
   </div>
   <div class='ocr_carea' id='block_1_88' title="bbox 1014 1890 1107 1918">
    <p class='ocr_par' dir='ltr' id='par_1_88' title="bbox 1014 1890 1107 1918">
     <span class='ocr_line' id='line_1_89' title="bbox 1014 1890 1107 1918; baseline -0.032 -8"><span class='ocrx_word' id='word_1_595' title='bbox 1014 1890 1077 1918; x_wconf 87' lang='lat' dir='ltr'><strong>pus.</strong></span> <span class='ocrx_word' id='word_1_596' title='bbox 1099 1892 1107 1907; x_wconf 81' lang='grc' dir='ltr'><strong>ι</strong></span> 
     </span>
    </p>
   </div>
   <div class='ocr_carea' id='block_1_89' title="bbox 1048 1928 1804 1966">
    <p class='ocr_par' dir='ltr' id='par_1_89' title="bbox 1048 1928 1804 1966">
     <span class='ocr_line' id='line_1_90' title="bbox 1048 1928 1804 1966; baseline 0.005 -11"><span class='ocrx_word' id='word_1_597' title='bbox 1048 1928 1133 1957; x_wconf 85' lang='lat' dir='ltr'><strong>Clem.</strong></span> <span class='ocrx_word' id='word_1_598' title='bbox 1152 1945 1186 1950; x_wconf 93' lang='lat'><strong>—-</strong></span> <span class='ocrx_word' id='word_1_599' title='bbox 1213 1930 1412 1965; x_wconf 71' lang='lat' dir='ltr'><strong>Temperandm</strong></span> <span class='ocrx_word' id='word_1_600' title='bbox 1435 1931 1529 1966; x_wconf 76' lang='lat' dir='ltr'><strong>lingua</strong></span> <span class='ocrx_word' id='word_1_601' title='bbox 1542 1932 1667 1965; x_wconf 85' lang='lat' dir='ltr'><strong>studere,</strong></span> <span class='ocrx_word' id='word_1_602' title='bbox 1682 1937 1725 1961; x_wconf 83' lang='lat' dir='ltr'><strong>est</strong></span> <span class='ocrx_word' id='word_1_603' title='bbox 1744 1933 1804 1960; x_wconf 87' lang='lat' dir='ltr'><strong>libi-</strong></span> 
     </span>
    </p>
   </div>
   <div class='ocr_carea' id='block_1_90' title="bbox 1014 1975 1727 2011">
    <p class='ocr_par' dir='ltr' id='par_1_90' title="bbox 1014 1975 1727 2011">
     <span class='ocr_line' id='line_1_91' title="bbox 1014 1975 1727 2011; baseline 0.007 -9"><span class='ocrx_word' id='word_1_604' title='bbox 1014 1975 1139 2003; x_wconf 81' lang='lat' dir='ltr'><strong>dinosam</strong></span> <span class='ocrx_word' id='word_1_605' title='bbox 1160 1976 1338 2010; x_wconf 87' lang='lat' dir='ltr'><strong>petulantiam</strong></span> <span class='ocrx_word' id='word_1_606' title='bbox 1356 1983 1570 2011; x_wconf 80' lang='lat' dir='ltr'><strong>perseveranter</strong></span> <span class='ocrx_word' id='word_1_607' title='bbox 1584 1987 1727 2008; x_wconf 79' lang='lat' dir='ltr'><strong>coercere.</strong></span> 
     </span>
    </p>
   </div>
   <div class='ocr_carea' id='block_1_91' title="bbox 1050 2020 1810 2060">
    <p class='ocr_par' dir='ltr' id='par_1_91' title="bbox 1050 2020 1810 2060">
     <span class='ocr_line' id='line_1_92' title="bbox 1050 2020 1810 2060; baseline 0.008 -13"><span class='ocrx_word' id='word_1_608' title='bbox 1050 2020 1127 2056; x_wconf 78' lang='lat' dir='ltr'><strong>Greg.</strong></span> <span class='ocrx_word' id='word_1_609' title='bbox 1146 2021 1217 2048; x_wconf 74' lang='lat' dir='ltr'><strong>Naz.</strong></span> <span class='ocrx_word' id='word_1_610' title='bbox 1234 2026 1306 2049; x_wconf 86' lang='lat' dir='ltr'><strong>orat.</strong></span> <span class='ocrx_word' id='word_1_611' title='bbox 1326 2022 1371 2049; x_wconf 72' lang='grc'><strong>26.</strong></span> <span class='ocrx_word' id='word_1_612' title='bbox 1388 2037 1423 2042; x_wconf 86' lang='grc'><strong><em>-</em></strong></span> <span class='ocrx_word' id='word_1_613' title='bbox 1445 2022 1567 2052; x_wconf 79' lang='lat' dir='ltr'><strong>Nescitis</strong></span> <span class='ocrx_word' id='word_1_614' title='bbox 1596 2030 1732 2060; x_wconf 86' lang='lat' dir='ltr'><strong>quantum</strong></span> <span class='ocrx_word' id='word_1_615' title='bbox 1760 2027 1810 2054; x_wconf 87' lang='lat' dir='ltr'><strong>do-</strong></span> 
     </span>
    </p>
   </div>
   <div class='ocr_carea' id='block_1_92' title="bbox 1013 2067 1809 2105">
    <p class='ocr_par' dir='ltr' id='par_1_92' title="bbox 1013 2067 1809 2105">
     <span class='ocr_line' id='line_1_93' title="bbox 1013 2067 1809 2105; baseline 0.008 -12"><span class='ocrx_word' id='word_1_616' title='bbox 1013 2074 1078 2094; x_wconf 89' lang='lat' dir='ltr'><strong>nqu</strong></span> <span class='ocrx_word' id='word_1_617' title='bbox 1097 2067 1238 2094; x_wconf 87' lang='lat' dir='ltr'><strong>silentium</strong></span> <span class='ocrx_word' id='word_1_618' title='bbox 1252 2067 1298 2095; x_wconf 90' lang='lat' dir='ltr'><strong>sit.</strong></span> <span class='ocrx_word' id='word_1_619' title='bbox 1330 2067 1458 2103; x_wconf 81' lang='lat' dir='ltr'><strong>Loquere</strong></span> <span class='ocrx_word' id='word_1_620' title='bbox 1469 2077 1545 2101; x_wconf 84' lang='lat' dir='ltr'><strong>vero,</strong></span> <span class='ocrx_word' id='word_1_621' title='bbox 1568 2070 1670 2105; x_wconf 84' lang='lat' dir='ltr'><strong>siquid</strong></span> <span class='ocrx_word' id='word_1_622' title='bbox 1692 2072 1809 2099; x_wconf 80' lang='lat' dir='ltr'><strong>silentio</strong></span> 
     </span>
    </p>
   </div>
   <div class='ocr_carea' id='block_1_93' title="bbox 1013 2113 1856 2152">
    <p class='ocr_par' dir='ltr' id='par_1_93' title="bbox 1013 2113 1856 2152">
     <span class='ocr_line' id='line_1_94' title="bbox 1013 2113 1856 2152; baseline 0.009 -13"><span class='ocrx_word' id='word_1_623' title='bbox 1013 2113 1198 2148; x_wconf 68' lang='lat' dir='ltr'><strong>prmstabilius</strong></span> <span class='ocrx_word' id='word_1_624' title='bbox 1217 2113 1312 2141; x_wconf 86' lang='lat' dir='ltr'><strong>habes.</strong></span> <span class='ocrx_word' id='word_1_625' title='bbox 1333 2113 1381 2141; x_wconf 91' lang='lat' dir='ltr'><strong>Sin</strong></span> <span class='ocrx_word' id='word_1_626' title='bbox 1407 2119 1498 2142; x_wconf 87' lang='lat' dir='ltr'><strong>autem</strong></span> <span class='ocrx_word' id='word_1_627' title='bbox 1530 2117 1698 2152; x_wconf 84' lang='lat' dir='ltr'><strong>amplectere</strong></span> <span class='ocrx_word' id='word_1_628' title='bbox 1723 2119 1809 2146; x_wconf 84' lang='lat' dir='ltr'><strong>silen-</strong></span> <span class='ocrx_word' id='word_1_629' title='bbox 1851 2115 1856 2117; x_wconf 57' lang='grc'><em>’</em></span> 
     </span>
    </p>
   </div>
   <div class='ocr_carea' id='block_1_94' title="bbox 1014 2159 1590 2198">
    <p class='ocr_par' dir='ltr' id='par_1_94' title="bbox 1014 2159 1590 2198">
     <span class='ocr_line' id='line_1_95' title="bbox 1014 2159 1590 2198; baseline 0.005 -12"><span class='ocrx_word' id='word_1_630' title='bbox 1014 2159 1096 2191; x_wconf 88' lang='lat' dir='ltr'><strong>tium,</strong></span> <span class='ocrx_word' id='word_1_631' title='bbox 1113 2159 1159 2186; x_wconf 90' lang='lat' dir='ltr'><strong>ubi</strong></span> <span class='ocrx_word' id='word_1_632' title='bbox 1180 2159 1263 2187; x_wconf 83' lang='lat' dir='ltr'><strong>silere</strong></span> <span class='ocrx_word' id='word_1_633' title='bbox 1277 2165 1388 2194; x_wconf 66' lang='lat' dir='ltr'><strong>prtestat</strong></span> <span class='ocrx_word' id='word_1_634' title='bbox 1405 2169 1487 2196; x_wconf 91' lang='lat' dir='ltr'><strong>quam</strong></span> <span class='ocrx_word' id='word_1_635' title='bbox 1503 2162 1590 2198; x_wconf 86' lang='lat' dir='ltr'><strong>loqui.</strong></span> 
     </span>
    </p>
   </div>
   <div class='ocr_carea' id='block_1_95' title="bbox 1052 2205 1801 2245">
    <p class='ocr_par' dir='ltr' id='par_1_95' title="bbox 1052 2205 1801 2245">
     <span class='ocr_line' id='line_1_96' title="bbox 1052 2205 1801 2245; baseline 0.007 -13"><span class='ocrx_word' id='word_1_636' title='bbox 1052 2205 1207 2240; x_wconf 83' lang='lat' dir='ltr'><strong>injucunda</strong></span> <span class='ocrx_word' id='word_1_637' title='bbox 1235 2205 1287 2241; x_wconf 88' lang='lat' dir='ltr'><strong>piis</strong></span> <span class='ocrx_word' id='word_1_638' title='bbox 1301 2210 1344 2233; x_wconf 91' lang='lat' dir='ltr'><strong>est</strong></span> <span class='ocrx_word' id='word_1_639' title='bbox 1365 2207 1530 2242; x_wconf 77' lang='lat' dir='ltr'><strong>loquacitas,</strong></span> <span class='ocrx_word' id='word_1_640' title='bbox 1546 2213 1801 2245; x_wconf 82' lang='lat' dir='ltr'><strong>conleulluncsquc</strong></span> 
     </span>
    </p>
   </div>
   <div class='ocr_carea' id='block_1_96' title="bbox 980 2251 1809 2289">
    <p class='ocr_par' dir='ltr' id='par_1_96' title="bbox 980 2251 1809 2289">
     <span class='ocr_line' id='line_1_97' title="bbox 980 2251 1809 2289; baseline 0.005 -10"><span class='ocrx_word' id='word_1_641' title='bbox 980 2262 1002 2289; x_wconf 75' lang='grc' dir='ltr'><strong>ι)</strong></span> <span class='ocrx_word' id='word_1_642' title='bbox 1016 2252 1176 2280; x_wconf 85' lang='lat' dir='ltr'><strong>verborum.</strong></span> <span class='ocrx_word' id='word_1_643' title='bbox 1204 2251 1271 2279; x_wconf 79' lang='lat' dir='ltr'><strong>Nam</strong></span> <span class='ocrx_word' id='word_1_644' title='bbox 1288 2252 1357 2280; x_wconf 88' lang='lat' dir='ltr'><strong>satis</strong></span> <span class='ocrx_word' id='word_1_645' title='bbox 1381 2261 1522 2289; x_wconf 77' lang='lat' dir='ltr'><strong>superque</strong></span> <span class='ocrx_word' id='word_1_646' title='bbox 1537 2259 1579 2282; x_wconf 88' lang='lat' dir='ltr'><strong>est</strong></span> <span class='ocrx_word' id='word_1_647' title='bbox 1595 2255 1636 2282; x_wconf 89' lang='lat' dir='ltr'><strong>vcl</strong></span> <span class='ocrx_word' id='word_1_648' title='bbox 1663 2264 1735 2283; x_wconf 86' lang='lat' dir='ltr'><strong>unus</strong></span> <span class='ocrx_word' id='word_1_649' title='bbox 1761 2257 1809 2284; x_wconf 82' lang='lat' dir='ltr'><strong>ad~</strong></span> 
     </span>
    </p>
   </div>
   <div class='ocr_carea' id='block_1_97' title="bbox 1015 2298 1165 2326">
    <p class='ocr_par' dir='ltr' id='par_1_97' title="bbox 1015 2298 1165 2326">
     <span class='ocr_line' id='line_1_98' title="bbox 1015 2298 1165 2326; baseline 0.013 -2"><span class='ocrx_word' id='word_1_650' title='bbox 1015 2298 1165 2326; x_wconf 88' lang='lat' dir='ltr'><strong>vcrsarius.</strong></span> 
     </span>
    </p>
   </div>
   <div class='ocr_carea' id='block_1_98' title="bbox 1052 2343 1808 2380">
    <p class='ocr_par' dir='ltr' id='par_1_98' title="bbox 1052 2343 1808 2380">
     <span class='ocr_line' id='line_1_99' title="bbox 1052 2343 1808 2380; baseline 0.008 -10"><span class='ocrx_word' id='word_1_651' title='bbox 1052 2343 1134 2371; x_wconf 71' lang='lat' dir='ltr'><strong>Sixli.</strong></span> <span class='ocrx_word' id='word_1_652' title='bbox 1149 2359 1183 2364; x_wconf 87' lang='lat'><strong>—-</strong></span> <span class='ocrx_word' id='word_1_653' title='bbox 1202 2343 1248 2371; x_wconf 86' lang='lat' dir='ltr'><strong>Vir</strong></span> <span class='ocrx_word' id='word_1_654' title='bbox 1262 2345 1372 2379; x_wconf 88' lang='lat' dir='ltr'><strong>sapiens</strong></span> <span class='ocrx_word' id='word_1_655' title='bbox 1388 2349 1414 2372; x_wconf 93' lang='lat' dir='ltr'><strong>ct</strong></span> <span class='ocrx_word' id='word_1_656' title='bbox 1430 2350 1525 2373; x_wconf 80' lang='lat' dir='ltr'><strong>tacens</strong></span> <span class='ocrx_word' id='word_1_657' title='bbox 1553 2346 1671 2374; x_wconf 87' lang='lat' dir='ltr'><strong>honorat</strong></span> <span class='ocrx_word' id='word_1_658' title='bbox 1712 2347 1808 2380; x_wconf 85' lang='lat' dir='ltr'><strong>Deum,</strong></span> 
     </span>
    </p>
   </div>
   <div class='ocr_carea' id='block_1_99' title="bbox 1015 2391 1546 2426">
    <p class='ocr_par' dir='ltr' id='par_1_99' title="bbox 1015 2391 1546 2426">
     <span class='ocr_line' id='line_1_100' title="bbox 1015 2391 1546 2426; baseline 0.004 -8"><span class='ocrx_word' id='word_1_659' title='bbox 1015 2398 1078 2420; x_wconf 87' lang='lat' dir='ltr'><strong>cum</strong></span> <span class='ocrx_word' id='word_1_660' title='bbox 1100 2395 1209 2421; x_wconf 87' lang='lat' dir='ltr'><strong>noscat,</strong></span> <span class='ocrx_word' id='word_1_661' title='bbox 1228 2399 1281 2426; x_wconf 88' lang='lat' dir='ltr'><strong>qua</strong></span> <span class='ocrx_word' id='word_1_662' title='bbox 1298 2391 1333 2418; x_wconf 85' lang='lat' dir='ltr'><strong>de</strong></span> <span class='ocrx_word' id='word_1_663' title='bbox 1346 2399 1428 2419; x_wconf 88' lang='lat' dir='ltr'><strong>causa</strong></span> <span class='ocrx_word' id='word_1_664' title='bbox 1446 2396 1546 2420; x_wconf 75' lang='lat' dir='ltr'><strong>luceat.</strong></span> 
     </span>
    </p>
   </div>
   <div class='ocr_carea' id='block_1_100' title="bbox 1051 2436 1811 2476">
    <p class='ocr_par' dir='ltr' id='par_1_100' title="bbox 1051 2436 1811 2476">
     <span class='ocr_line' id='line_1_101' title="bbox 1051 2436 1811 2476; baseline 0.008 -13"><span class='ocrx_word' id='word_1_665' title='bbox 1051 2436 1123 2464; x_wconf 79' lang='lat' dir='ltr'><strong>Nili.</strong></span> <span class='ocrx_word' id='word_1_666' title='bbox 1142 2453 1177 2457; x_wconf 93' lang='lat'><strong>—</strong></span> <span class='ocrx_word' id='word_1_667' title='bbox 1194 2437 1294 2470; x_wconf 80' lang='lat' dir='ltr'><strong>Parce,</strong></span> <span class='ocrx_word' id='word_1_668' title='bbox 1311 2446 1414 2471; x_wconf 74' lang='lat' dir='ltr'><strong>qumso,</strong></span> <span class='ocrx_word' id='word_1_669' title='bbox 1434 2439 1532 2466; x_wconf 77' lang='lat' dir='ltr'><strong>effreni</strong></span> <span class='ocrx_word' id='word_1_670' title='bbox 1552 2440 1651 2476; x_wconf 75' lang='lat' dir='ltr'><strong>lingua:</strong></span> <span class='ocrx_word' id='word_1_671' title='bbox 1666 2445 1729 2469; x_wconf 67' lang='lat' dir='ltr'><strong>tum.</strong></span> <span class='ocrx_word' id='word_1_672' title='bbox 1741 2441 1811 2470; x_wconf 82' lang='lat' dir='ltr'><strong>Gra-</strong></span> 
     </span>
    </p>
   </div>
   <div class='ocr_carea' id='block_1_101' title="bbox 1015 2482 1696 2521">
    <p class='ocr_par' dir='ltr' id='par_1_101' title="bbox 1015 2482 1696 2521">
     <span class='ocr_line' id='line_1_102' title="bbox 1015 2482 1696 2521; baseline 0.007 -11"><span class='ocrx_word' id='word_1_673' title='bbox 1015 2482 1074 2510; x_wconf 83' lang='lat' dir='ltr'><strong>vior</strong></span> <span class='ocrx_word' id='word_1_674' title='bbox 1086 2483 1159 2511; x_wconf 91' lang='lat' dir='ltr'><strong>cnim</strong></span> <span class='ocrx_word' id='word_1_675' title='bbox 1180 2487 1223 2510; x_wconf 83' lang='lat' dir='ltr'><strong>est</strong></span> <span class='ocrx_word' id='word_1_676' title='bbox 1245 2482 1356 2518; x_wconf 66' lang='lat' dir='ltr'><strong>linguae,</strong></span> <span class='ocrx_word' id='word_1_677' title='bbox 1369 2492 1451 2519; x_wconf 85' lang='lat' dir='ltr'><strong>quam</strong></span> <span class='ocrx_word' id='word_1_678' title='bbox 1469 2485 1569 2520; x_wconf 83' lang='lat' dir='ltr'><strong>pedum</strong></span> <span class='ocrx_word' id='word_1_679' title='bbox 1587 2487 1696 2521; x_wconf 80' lang='lat' dir='ltr'><strong>lapsus.</strong></span> 
     </span>
    </p>
   </div>
   <div class='ocr_carea' id='block_1_102' title="bbox 1015 2581 1810 2644">
    <p class='ocr_par' dir='ltr' id='par_1_102' title="bbox 1015 2581 1810 2644">
     <span class='ocr_line' id='line_1_103' title="bbox 1015 2581 1810 2644; baseline 0.004 -34"><span class='ocrx_word' id='word_1_680' title='bbox 1015 2582 1082 2610; x_wconf 90' lang='lat' dir='ltr'><strong>TIT.</strong></span> <span class='ocrx_word' id='word_1_681' title='bbox 1099 2581 1156 2610; x_wconf 73' lang='lat' dir='ltr'><strong>XV.</strong></span> <span class='ocrx_word' id='word_1_682' title='bbox 1169 2598 1204 2604; x_wconf 90' lang='lat'><strong>-</strong></span> <span class='ocrx_word' id='word_1_683' title='bbox 1221 2582 1258 2610; x_wconf 80' lang='lat' dir='ltr'><strong>De</strong></span> <span class='ocrx_word' id='word_1_684' title='bbox 1270 2583 1304 2611; x_wconf 78' lang='lat' dir='ltr'><strong>iis</strong></span> <span class='ocrx_word' id='word_1_685' title='bbox 1320 2584 1365 2618; x_wconf 82' lang='lat' dir='ltr'><strong>qui</strong></span> <span class='ocrx_word' id='word_1_686' title='bbox 1382 2584 1516 2644; x_wconf 65' lang='lat' dir='ltr'><strong>dlinguam</strong></span> <span class='ocrx_word' id='word_1_687' title='bbox 1545 2593 1623 2613; x_wconf 74' lang='lat' dir='ltr'><strong>suam</strong></span> <span class='ocrx_word' id='word_1_688' title='bbox 1637 2594 1690 2613; x_wconf 84' lang='lat' dir='ltr'><strong>mm</strong></span> <span class='ocrx_word' id='word_1_689' title='bbox 1718 2591 1810 2613; x_wconf 69' lang='lat' dir='ltr'><strong>citatu-</strong></span> 
     </span>
     <span class='ocr_line' id='line_1_104' title="bbox 1402 2625 1474 2644; baseline 0 0"><span class='ocrx_word' id='word_1_690' title='bbox 1402 2625 1474 2644; x_wconf 73' lang='lat' dir='ltr'><strong>Ill)”.</strong></span> 
     </span>
    </p>
   </div>
   <div class='ocr_carea' id='block_1_103' title="bbox 1402 2625 1474 2646">
    <p class='ocr_par' dir='ltr' id='par_1_103' title="bbox 1402 2625 1474 2646">
     <span class='ocr_line' id='line_1_105' title="bbox 1402 2625 1474 2646; baseline 0.014 -1"><span class='ocrx_word' id='word_1_691' title='bbox 1402 2625 1474 2646; x_wconf 76' lang='grc' dir='ltr'>ιιιιιι-</span> 
     </span>
    </p>
   </div>
   <div class='ocr_carea' id='block_1_104' title="bbox 1052 2664 1813 2703">
    <p class='ocr_par' dir='ltr' id='par_1_104' title="bbox 1052 2664 1813 2703">
     <span class='ocr_line' id='line_1_106' title="bbox 1052 2664 1813 2703; baseline 0.007 -12"><span class='ocrx_word' id='word_1_692' title='bbox 1052 2664 1138 2692; x_wconf 69' lang='lat' dir='ltr'><strong>Exod.</strong></span> <span class='ocrx_word' id='word_1_693' title='bbox 1156 2672 1236 2699; x_wconf 72' lang='grc' dir='ltr'>χχιιι,</span> <span class='ocrx_word' id='word_1_694' title='bbox 1251 2664 1322 2692; x_wconf 85' lang='grc'><strong>7.-</strong></span> <span class='ocrx_word' id='word_1_695' title='bbox 1342 2674 1351 2691; x_wconf 82' lang='grc' dir='ltr'><strong>ι</strong></span> <span class='ocrx_word' id='word_1_696' title='bbox 1370 2666 1409 2693; x_wconf 83' lang='lat' dir='ltr'><strong>Ab</strong></span> <span class='ocrx_word' id='word_1_697' title='bbox 1439 2667 1512 2694; x_wconf 88' lang='lat' dir='ltr'><strong>oumi</strong></span> <span class='ocrx_word' id='word_1_698' title='bbox 1539 2667 1635 2703; x_wconf 82' lang='lat' dir='ltr'><strong>iniquo</strong></span> <span class='ocrx_word' id='word_1_699' title='bbox 1648 2668 1731 2696; x_wconf 86' lang='lat' dir='ltr'><strong>verbo</strong></span> <span class='ocrx_word' id='word_1_700' title='bbox 1746 2667 1813 2696; x_wconf 83' lang='lat' dir='ltr'><strong>abs-</strong></span> 
     </span>
    </p>
   </div>
   <div class='ocr_carea' id='block_1_105' title="bbox 1015 2712 1113 2738">
    <p class='ocr_par' dir='ltr' id='par_1_105' title="bbox 1015 2712 1113 2738">
     <span class='ocr_line' id='line_1_107' title="bbox 1015 2712 1113 2738; baseline -0.01 0"><span class='ocrx_word' id='word_1_701' title='bbox 1015 2712 1082 2738; x_wconf 81' lang='lat' dir='ltr'><strong>tine.</strong></span> <span class='ocrx_word' id='word_1_702' title='bbox 1105 2721 1113 2737; x_wconf 82' lang='lat' dir='ltr'><strong>I</strong></span> 
     </span>
    </p>
   </div>
   <div class='ocr_carea' id='block_1_106' title="bbox 1050 2757 1811 2796">
    <p class='ocr_par' dir='ltr' id='par_1_106' title="bbox 1050 2757 1811 2796">
     <span class='ocr_line' id='line_1_108' title="bbox 1050 2757 1811 2796; baseline 0.005 -12"><span class='ocrx_word' id='word_1_703' title='bbox 1050 2758 1102 2784; x_wconf 84' lang='lat' dir='ltr'><strong>Job</strong></span> <span class='ocrx_word' id='word_1_704' title='bbox 1139 2766 1164 2790; x_wconf 89' lang='lat' dir='ltr'><strong>v,</strong></span> <span class='ocrx_word' id='word_1_705' title='bbox 1192 2757 1244 2784; x_wconf 77' lang='lat'><strong>2|.</strong></span> <span class='ocrx_word' id='word_1_706' title='bbox 1261 2773 1295 2779; x_wconf 78' lang='lat'><strong>—-</strong></span> <span class='ocrx_word' id='word_1_707' title='bbox 1325 2767 1335 2784; x_wconf 76' lang='grc' dir='ltr'><strong>ι</strong></span> <span class='ocrx_word' id='word_1_708' title='bbox 1355 2759 1373 2786; x_wconf 77' lang='grc' dir='ltr'><strong>Α</strong></span> <span class='ocrx_word' id='word_1_709' title='bbox 1399 2759 1509 2795; x_wconf 73' lang='lat' dir='ltr'><strong>ﬂagello</strong></span> <span class='ocrx_word' id='word_1_710' title='bbox 1536 2759 1638 2796; x_wconf 72' lang='lat' dir='ltr'><strong>linguze</strong></span> <span class='ocrx_word' id='word_1_711' title='bbox 1659 2760 1811 2788; x_wconf 81' lang='lat' dir='ltr'><strong>occultabit</strong></span> 
     </span>
    </p>
   </div>
   <div class='ocr_carea' id='block_1_107' title="bbox 1016 2807 1081 2831">
    <p class='ocr_par' dir='ltr' id='par_1_107' title="bbox 1016 2807 1081 2831">
     <span class='ocr_line' id='line_1_109' title="bbox 1016 2807 1081 2831; baseline 0 -2"><span class='ocrx_word' id='word_1_712' title='bbox 1016 2807 1052 2831; x_wconf 76' lang='lat' dir='ltr'><strong>te.</strong></span> <span class='ocrx_word' id='word_1_713' title='bbox 1073 2813 1081 2829; x_wconf 79' lang='grc' dir='ltr'><strong>ι</strong></span> 
     </span>
    </p>
   </div>
   <div class='ocr_carea' id='block_1_108' title="bbox 1054 2849 1810 2889">
    <p class='ocr_par' dir='ltr' id='par_1_108' title="bbox 1054 2849 1810 2889">
     <span class='ocr_line' id='line_1_110' title="bbox 1054 2849 1810 2889; baseline 0.011 -15"><span class='ocrx_word' id='word_1_714' title='bbox 1054 2849 1119 2876; x_wconf 71' lang='grc' dir='ltr'>ι’ςιιι</span> <span class='ocrx_word' id='word_1_715' title='bbox 1148 2859 1174 2882; x_wconf 79' lang='lat' dir='ltr'><strong>v,</strong></span> <span class='ocrx_word' id='word_1_716' title='bbox 1191 2850 1235 2878; x_wconf 77' lang='grc'><strong>10.</strong></span> <span class='ocrx_word' id='word_1_717' title='bbox 1255 2866 1287 2872; x_wconf 88' lang='lat'><strong>-—</strong></span> <span class='ocrx_word' id='word_1_718' title='bbox 1309 2861 1317 2877; x_wconf 80' lang='grc' dir='ltr'><strong>ι</strong></span> <span class='ocrx_word' id='word_1_719' title='bbox 1345 2851 1505 2887; x_wconf 68' lang='lat' dir='ltr'><strong>Sepulcrum</strong></span> <span class='ocrx_word' id='word_1_720' title='bbox 1524 2859 1619 2889; x_wconf 75' lang='lat' dir='ltr'><strong>patens</strong></span> <span class='ocrx_word' id='word_1_721' title='bbox 1645 2858 1686 2882; x_wconf 87' lang='lat' dir='ltr'><strong>cst</strong></span> <span class='ocrx_word' id='word_1_722' title='bbox 1715 2858 1810 2889; x_wconf 76' lang='lat' dir='ltr'><strong>guttur</strong></span> 
     </span>
    </p>
   </div>
   <div class='ocr_carea' id='block_1_109' title="bbox 1019 2903 1154 2923">
    <p class='ocr_par' dir='ltr' id='par_1_109' title="bbox 1019 2903 1154 2923">
     <span class='ocr_line' id='line_1_111' title="bbox 1019 2903 1154 2923; baseline -0.022 0"><span class='ocrx_word' id='word_1_723' title='bbox 1019 2903 1125 2923; x_wconf 70' lang='lat' dir='ltr'><strong>C(ll‘lllll.</strong></span> <span class='ocrx_word' id='word_1_724' title='bbox 1147 2905 1154 2920; x_wconf 72' lang='grc' dir='ltr'><strong>ι</strong></span> 
     </span>
    </p>
   </div>
  </div>
