2074 3115
259 139 327 173 1343

843 139 872 169 S.
893 139 1052 170 JOANNIS
1072 140 1287 171 DAMASCENI

1824 141 1891 174 13H

292 198 369 226 Paul.
389 205 426 230 ιιι,
442 198 469 224 ι.
485 212 519 218 --
537 206 547 222 ε
577 196 720 232 Disperdet
752 196 886 224 Dominus
914 197 1044 225 universa

1133 207 1143 224 ‹
1166 198 1370 234 Ὲξολοορεύσει
1385 198 1489 234 Κύριος
1506 199 1596 226 πάντα
1607 199 1640 226 τὰ
1653 199 1730 235 χείλη
1750 201 1784 227 τὰ
1804 200 1893 235 δόλια,

261 245 334 272 labia
350 244 457 276 dolosa,
472 248 499 271 et
512 243 632 279 linguam
651 242 866 278 magniloquam.
887 252 895 268 ι

292 289 366 316 Paul.
385 296 484 317 cxxxix
495 308 502 321 ,
517 288 545 320 2,
567 288 609 315 12.
623 302 658 308 -
671 297 680 313 ι
697 287 838 315 Acncrunt
853 287 963 323 linguas
982 295 1046 315 suas

255 336 327 363 sicut
345 336 492 371 scrpcnlis.
505 334 553 362 Vir
568 335 712 370 linguosus
725 341 781 361 non
792 333 928 369 dirigetur
942 334 970 361 in
988 338 1045 362 ter-

256 389 297 408 ra.
319 391 328 407 l

294 426 373 454 Pscl.
390 434 464 458 xmx,
478 426 522 453 l9.
538 441 574 447 --
596 435 606 451 ο
625 426 661 454 Os
678 430 754 454 lunrn
767 427 915 455 abundavit
927 427 1046 460 malitia,

260 476 287 500 et
304 473 398 506 lingua
413 477 458 499 tua
471 471 655 499 concinnabat
667 471 756 499 dolos.
775 480 784 498 ι

293 518 368 545 Prol.
378 526 451 551 cxtv,
463 519 540 545 2.—«
561 518 686 552 Domine,
702 518 790 546 libera
811 518 932 546 animam
958 526 1046 545 meam

257 571 272 591 a
290 564 368 592 labiis
386 564 500 600 iniquis,
517 568 543 592 et
557 572 573 591 a
586 565 678 599 lingua
696 564 819 592 dolesaa

292 610 371 637 Prov.
392 618 429 642 Vl,
449 609 476 637 9..
491 623 526 630 --
554 619 564 634 ι
590 609 717 644 Laqueus
727 609 806 637 fortis
826 610 887 637 viro
907 609 979 637 labia
1008 610 1049 644 ip-

256 657 315 685 sius
335 666 343 684 :
364 657 474 691 capitur
498 661 590 683 autem
609 657 701 684 verbis
714 657 769 683 oris
781 657 834 685 sui.
850 666 859 682 ι

296 702 377 730 Prae.
404 710 432 734 x,
445 702 471 729 8.
485 717 519 721 —-
539 711 548 728 ι
563 700 614 734 Qui
645 702 726 729 labiis
756 702 815 729 suis
842 701 971 729 incautus
994 705 1047 733 est,

257 748 371 782 oblique
387 755 471 783 agens
485 747 721 782 supplantabitur.
745 757 754 774 ι

291 793 372 820 Prov.
391 802 437 827 xv,
458 794 485 825 l,
505 795 532 820 2.
548 808 584 814 —-
616 803 625 818 ι
666 794 762 821 Sermo
789 794 923 821 molestus
948 793 1049 821 excitat

257 840 344 867 rixas.
362 839 410 867 V'ir
430 840 564 874 bilinguis
587 840 693 867 revelat
713 840 830 867 consilia
844 839 871 866 in
900 847 1049 867 consessu.

257 886 296 913 Os
311 886 457 913 stultorum
475 886 652 913 annnntiabit
665 885 747 914 mala.
766 895 775 912 ι

298 931 378 959 Prov.
393 939 466 963 xxvr,
483 931 526 959 l8.
544 945 579 951 —
599 940 608 956 ι
631 930 785 959 Pcrversus
803 931 830 958 in
850 938 898 958 ore
929 938 980 958 suo
1004 938 1051 966 ge-

259 981 315 1005 stat
329 977 451 1004 ruinam.
476 986 486 1002 ι

300 1022 382 1050 Prov.
398 1021 543 1055 xxvn,28.
563 1037 597 1042 —-
619 1031 628 1048 ‹
651 1021 700 1049 Vir
721 1022 813 1058 lingua
838 1022 979 1050 mutabilis
1008 1023 1051 1050 in-

260 1070 335 1098 cidet
350 1070 376 1097 in
396 1069 478 1096 mala.
493 1078 502 1094 ι

296 1115 376 1142 Prov.
396 1123 474 1147 xvnt,
504 1113 531 1148 6,
547 1114 572 1141 7.
593 1129 629 1135 ——
650 1123 660 1141 ι
692 1113 777 1142 Labia
804 1114 882 1142 stulti
911 1114 1052 1143 deducunt

260 1169 323 1189 eum
341 1162 368 1189 in
383 1161 453 1189 mala
469 1169 476 1188 :
492 1168 524 1188 os
543 1166 635 1188 autem
651 1161 725 1189 illius
741 1161 830 1188 audax
839 1166 965 1189 accerset
978 1169 1052 1189 mor-

261 1213 327 1236 tem.
347 1207 384 1235 Os
398 1208 474 1235 stulti
495 1207 614 1234 conterit
628 1214 691 1235 eum
709 1217 715 1234 :
733 1206 805 1235 labia
818 1211 910 1235 autem
922 1207 994 1243 ejus,
1011 1208 1052 1236 la-

260 1263 348 1290 queus
360 1253 459 1282 anima:
476 1253 574 1288 ipsius.
596 1263 605 1278 ι

298 1299 377 1327 Proo.
396 1308 464 1332 xxn,
482 1299 525 1326 Μ.
543 1314 578 1319 --
600 1307 609 1324 ι
631 1298 721 1326 Fovea
737 1298 877 1335 profunda
896 1306 928 1328 os
939 1299 1048 1334 iniqui:

260 1345 304 1373 cui
321 1349 412 1372 autem
433 1345 521 1372 iratus
534 1349 575 1372 est
585 1343 729 1378 Dominus,
746 1344 851 1373 incidet
867 1345 896 1373 in
911 1353 984 1373 eam.
1001 1355 1011 1372 ι

297 1390 377 1418 Prov.
396 1399 469 1423 xxvi,
482 1390 528 1423 20,
541 1389 586 1418 28.
597 1405 633 1410 —
653 1399 662 1416 ‹
675 1390 704 1417 lu
718 1390 899 1419 multitudine
911 1390 1049 1425 lignorum

260 1438 381 1473 vigescet
397 1436 478 1472 ignis.
496 1435 535 1464 0s
559 1441 653 1464 autem
681 1436 825 1464 incautum
852 1436 1050 1467 instabilitates

261 1488 348 1511 creat.
364 1492 374 1509 Ι

1097 243 1225 278 γλῶσσαν
1242 244 1485 280 μεγαλοῤῥήμονα.
1505 253 1514 270 ι

1136 298 1145 314 ι
1167 290 1321 326 Ὴκόνησαν
1336 290 1464 324 γλῶσσαν
1479 290 1571 317 αὐτῶν
1594 290 1660 317 ὡσεὶ
1679 290 1778 325 ὄφεως.
1809 291 1891 327 Ἀνὴρ

1097 334 1261 371 γλωσσώδης
1275 336 1305 363 οὐ
1321 336 1624 372 κατευθυνοήσεταιὲπὶ
1642 336 1692 372 τῆς
1710 337 1775 371 γῆς.
1791 346 1801 363 ι

1138 433 1148 449 ι
1166 424 1204 450 Th
1221 423 1310 459 στόμα
1326 432 1373 451 σου
1383 424 1533 451 ἐπλεόνασε
1550 425 1662 458 κακίαν,
1679 426 1726 452 καὶ
1747 426 1764 461 ἠ
1779 425 1893 461 γλῶσσά

1100 477 1147 496 σου
1164 469 1330 505 περιέπλεκε
1347 469 1497 506 δολιότητα.
1516 480 1525 498 ι

1136 524 1147 540 ι
1165 514 1354 550 Κύριε,ρὗαι
1365 515 1415 550 τὴν
1430 515 1521 550 ψυχήν
1536 523 1588 550 μου
1615 515 1670 542 ἀπὸ
1691 515 1805 551 χειλέων
1834 516 1892 543 ἀδί-

1099 570 1166 595 κων,
1180 561 1227 588 καὶ
1242 561 1296 588 ἀπὸ
1310 561 1437 597 γλώσσης
1452 561 1550 594 δολίας.
1571 571 1582 588 ι

1139 616 1148 633 ι
1163 607 1250 641 Παγὶς
1259 607 1337 643 ἀνδρὶ
1355 607 1453 643 ἰσχυρὰ
1467 607 1501 634 τὰ
1513 607 1567 634 ἴδια
1579 607 1658 644 χείλη
1670 615 1679 624 ο
1705 607 1846 636 ἁλίσκεται
1861 609 1892 636 δὲ

1101 652 1221 688 ῥήμασιν
1233 652 1300 678 ἰδίου
1317 652 1462 687 στόματος.
1482 661 1492 677 ι

1138 708 1148 725 ι
1167 698 1197 726 '0
1212 698 1327 734 ἄστεγος
1340 698 1458 733 χείλεσιν
1474 698 1680 731 ὑποσκολιάζων
1694 699 1893 736 ὑποσκελισθή-

1101 752 1189 772 σεται.
1211 754 1221 770 Ι

1137 799 1147 816 ι
1163 790 1250 824 Λόγος
1263 791 1386 827 λυπηρὸς
1400 791 1503 828 ἐγείρει
1513 792 1609 828 ὀργάς.
1639 791 1723 828 ’Δνὴρ
1741 791 1894 825 δίγλωσσος

1101 836 1290 863 ἀποκαλύπτει
1312 837 1410 872 βουλὰς
1431 838 1460 865 ἐν
1490 837 1630 873 συνεδρίῳ.
1652 837 1743 873 Στόμα
1768 837 1894 872 ἀφρόνων

1067 871 1086 897 Β
1101 882 1249 917 ἀναγγελεῖ
1263 871 1347 912 κακά.
1367 894 1377 910 ι

1140 937 1149 953 ‹
1167 928 1276 961 Σκολιὺς
1295 929 1324 957 ἐν
1346 930 1385 966 τῷ
1407 931 1505 958 ἑαυτοῦ
1521 931 1637 967 στόματι
1654 932 1734 968 φέρει
1758 930 1809 966 τὴν
1839 931 1895 958 ἀπ-

1103 972 1214 1002 ώλειαν.
1230 983 1242 1000 ι

1141 1029 1152 1045 ι
1177 1021 1261 1057 ’Δνὴρ
1288 1020 1472 1057 εὐμετάϐολος
1513 1021 1625 1058 γλώσσῃ
1660 1021 1823 1057 ἐμπεσεῖται
1853 1022 1896 1054 εἰς

1103 1065 1186 1093 κακά.
1210 1075 1219 1092 ι

1140 1121 1150 1138 1
1169 1112 1253 1148 Χείλη
1266 1113 1384 1149 ἄφρονος
1405 1113 1520 1148 ἄγουσιν
1537 1113 1620 1141 αὐτὸν
1641 1114 1682 1146 είς
1699 1114 1783 1147 κακὰ,
1808 1115 1839 1142 τὸ
1864 1114 1894 1141 δὲ

1103 1158 1191 1194 στόμα
1206 1159 1289 1186 αὑτοῦ
1304 1161 1333 1186 τὺ
1346 1159 1434 1195 θρασὺ
1447 1159 1563 1187 θάνατον
1591 1160 1776 1188 ἐπικαλεῖται.
1802 1160 1895 1196 Στόμα

1102 1204 1222 1241 ἄφρονος
1238 1206 1378 1241 συντρίϐει
1399 1205 1492 1240 αὐτὸν,
1504 1206 1539 1234 τὰ
1553 1206 1581 1233 δὲ
1597 1206 1675 1243 χείλη
1697 1206 1781 1234 αὑτοῦ
1810 1207 1895 1242 παγὶς

1102 1251 1134 1286 τῇ
1151 1250 1225 1287 ψυχῇ
1240 1252 1334 1279 αὐτοῦ.
1349 1262 1358 1278 ι

1141 1305 1150 1322 ι
1169 1297 1270 1333 Βόθρος
1286 1297 1370 1332 βαθὺς
1384 1298 1473 1334 στόμα
1488 1298 1667 1334 παρανόμου·
1689 1299 1703 1326 ό
1725 1298 1754 1325 δὲ
1770 1299 1896 1335 μισηθεὶς

1103 1342 1156 1369 ὑπὸ
1175 1343 1279 1378 Κυρίου
1295 1344 1457 1379 ἐμπεσεῖται
1472 1346 1514 1377 εἰς
1529 1345 1621 1373 αὐτόν.
1647 1355 1656 1372 ι

1142 1398 1152 1415 ‹
1171 1389 1216 1416 Ἐν
1228 1389 1335 1422 πολλοῖς
1354 1389 1444 1423 ξύλοις
1462 1390 1541 1418 οαλεί
1562 1391 1635 1427 πῦρ·
1655 1391 1744 1427 στόμα
1767 1392 1796 1419 δὲ
1814 1392 1897 1420 ἄστε-

1102 1443 1151 1469 γον
1163 1435 1236 1462 ποιεῖ
1245 1436 1464 1468 ἀκαταστασίας.
1480 1445 1490 1462 ι

297 1528 379 1556 Prov.
397 1536 444 1562 ιιι,
463 1528 506 1556 l5.
518 1543 554 1549 -—
570 1537 580 1555 ι
596 1528 715 1564 Propter
737 1531 883 1564 peceatum
911 1527 1050 1556 labiornm

1142 1535 1152 1552 ι
1161 1526 1200 1553 Δι’
1209 1526 1346 1563 ἁμαρτίαν
1357 1526 1469 1562 χειλέων
1477 1527 1609 1563 ἐμπίπτει
1617 1528 1658 1561 εἰς
1665 1529 1768 1564 παγίδα
1778 1530 1792 1556 ό
1805 1530 1899 1566 ἀμαρ-

263 1575 361 1603 incidit
372 1575 398 1602 in
412 1575 541 1610 laqueum
554 1578 694 1610 peccator.
713 1582 723 1600 ι

297 1621 377 1657 421,
407 1620 487 1648 Prov.
507 1628 534 1653 x,
558 1620 609 1654 l9;
633 1627 669 1653 Iv,
687 1619 734 1648 24.
749 1634 783 1640 —
801 1628 811 1646 ι
829 1619 858 1647 ln
882 1619 1059 1655 multiloquio

264 1675 320 1695 non
342 1667 456 1702 ell‘ngies
470 1672 624 1703 peccatum.
643 1681 678 1687 —
692 1667 811 1702 Amputa
828 1667 879 1694 abs
895 1671 922 1695 te
944 1674 976 1694 os
996 1675 1059 1703 per-

265 1721 388 1745 versum,
401 1716 429 1741 et
447 1712 547 1747 injusta
564 1713 636 1740 labia
652 1713 760 1748 expelle
775 1712 825 1740 abs
841 1718 878 1740 te.
893 1711 1059 1748 —lnlperiti

266 1758 473 1789 incontinentes
483 1761 549 1785 sunt
565 1758 671 1793 lingua.
683 1757 712 1784 Si
728 1758 883 1786 extraxeris
891 1765 1059 1791 sermonem,

265 1804 351 1831 exibit
364 1803 499 1840 judicium
519 1807 547 1832 et.
564 1811 667 1840 pugna.
687 1813 697 1829 ι

303 1849 383 1877 Prov.
399 1858 477 1882 xvnt,
496 1850 540 1877 l5.
555 1864 591 1870 —
616 1858 626 1875 ι
645 1848 699 1882 Qui
717 1848 794 1883 prius
811 1848 960 1884 respondet
975 1856 1060 1884 quam

266 1896 371 1929 audiat,
388 1896 506 1924 stultitia
525 1900 553 1924 et
565 1895 695 1931 probrum
706 1898 748 1924 est
761 1895 823 1931 ipsi.
844 1905 853 1921 ι

302 1942 386 1970 Ecrli.
398 1951 424 1974 ν,
442 1943 467 1970 l.
480 1957 517 1963 —-
530 1951 539 1968 ι
556 1942 616 1970 Noli
643 1942 775 1970 festinare
799 1942 827 1968 in
851 1941 935 1969 corde
949 1946 1011 1974 tuo,
1032 1945 1060 1969 et

266 1996 318 2016 cor
331 1992 408 2016 tuum
434 1997 488 2016 non
507 1988 620 2016 festinet
632 1988 666 2016 ad
683 1987 878 2023 proferendum
899 1987 1012 2016 verbum
1029 1987 1057 2015 in

267 2038 417 2070 conspectu
439 2034 497 2062 Dei.
516 2044 525 2061 ι

302 2081 387 2108 Eccii.
414 2089 448 2114 x,
466 2081 517 2114 ll;
538 2088 598 2113 VIII,
617 2080 645 2107 ι.
668 2095 702 2100 -—
724 2089 733 2105 ι
753 2079 862 2108 Stultus
893 2079 1059 2115 multiplicat

267 2126 360 2154 verba.
374 2141 410 2146 —
422 2125 461 2154 Ne
474 2127 585 2154 steteris
599 2126 627 2153 in
643 2133 772 2153 sermone
787 2126 870 2152 malo.
891 2134 900 2151 ι

301 2170 359 2198 Jer.
377 2179 416 2204 Ix,
433 2173 460 2200 5.
482 2187 518 2192 -
536 2181 545 2198 ε
560 2171 742 2204 Intenderunt
755 2172 875 2207 linguam
894 2178 973 2199 suam
987 2170 1060 2199 sicut

267 2223 374 2243 arcum.
389 2225 398 2242 ι

304 2262 388 2289 Εεειε.
403 2271 448 2295 xx,
462 2262 489 2290 8.
500 2277 535 2283 —
548 2271 557 2288 ι
572 2261 624 2295 Qui
643 2261 808 2297 multiplicat
821 2269 988 2295 sermonem,
1005 2262 1058 2290 erit

268 2307 458 2335 exsecrabilis.
477 2317 486 2334 ι

304 2350 389 2380 Ει-ειὶ.
403 2359 470 2385 xvn,
481 2353 528 2381 2|.
540 2367 574 2373 --
591 2361 600 2378 ι
618 2351 723 2388 Sagitta
737 2351 822 2379 inﬁxa
836 2360 863 2379 ιιι
878 2352 982 2380 feruore
997 2359 1058 2379 car-

269 2398 324 2429 nis.
346 2399 387 2427 sic
411 2399 526 2427 verbum
547 2398 574 2426 in
600 2398 685 2426 corde
707 2398 795 2426 stulti.
814 2413 849 2418 ——
862 2397 990 2426 Crudelis
1005 2401 1058 2430 est,

269 2445 316 2480 qui
337 2453 391 2473 non
410 2449 532 2474 reservat
545 2452 701 2473 sermones.
721 2453 731 2470 ι

305 2490 390 2518 Eccli.
407 2497 466 2524 vnt,
478 2491 515 2524 ὃς
534 2498 571 2523 Ix,
590 2490 618 2518 8.
632 2505 667 2510 —-
685 2499 695 2516 ε
709 2489 749 2517 Ne
762 2489 855 2525 litiges
869 2497 932 2517 cum
948 2489 1060 2517 homine

269 2537 404 2573 linguato,
417 2545 468 2565 nec
480 2541 572 2565 struas
585 2537 613 2564 in
631 2537 692 2572 igne
704 2536 780 2563 illius
795 2536 924 2571 ligna.—
936 2535 1060 2564 Terribi-

269 2584 304 2612 lis
321 2583 348 2611 in
364 2583 478 2611 civitate
494 2590 543 2611 sua
560 2582 602 2610 vir
617 2582 769 2619 linguosus.
789 2591 798 2608 ν

306 2630 389 2658 lt‘ccli.
417 2638 452 2657 xx
464 2649 472 2663 ,
495 2629 540 2657 20.
556 2645 591 2650 —
610 2639 619 2655 ε
638 2629 744 2664 Lapsus
760 2636 776 2657 e
797 2628 955 2665 pavimento
970 2627 1061 2656 minus

271 2683 354 2710 grave
370 2681 423 2710 est,
440 2684 552 2712 quanta
570 2675 674 2711 lingua.
694 2685 704 2702 ι

307 2719 392 2748 Eccli.
411 2729 509 2753 xxvm,
523 2721 554 2748 21
569 2729 577 2754 ;
604 2728 680 2753 xxix,
693 2720 739 2748 ’22.
754 2735 789 2740 —
816 2729 826 2746 ς
843 2719 956 2755 Flagelli
982 2718 1060 2754 plaga

272 2764 387 2792 livorem
417 2765 484 2793 facit
506 2775 513 2794 :
542 2767 622 2802 plaga
646 2771 737 2793 autem
765 2767 867 2801 lingua:
891 2766 1061 2792 comminuet

276 2818 351 2837 ossa.
366 2827 400 2831 —
411 2811 559 2846 Argentum
574 2817 650 2840 tuum
666 2817 693 2840 et
710 2821 807 2840 aurum
821 2813 914 2846 alliga,
929 2816 956 2838 et
969 2811 1060 2839 verbis

275 2856 331 2883 tuis
347 2855 433 2884 facito
455 2860 596 2886 stateram.
615 2864 642 2886 ct
659 2866 829 2893 mcusurnm,
844 2863 869 2883 et
887 2857 928 2884 nri
949 2861 996 2885 tuo
1019 2857 1060 2892 ja-

1108 1572 1202 1604 τωλός.
1220 1581 1230 1597 ι

1147 1627 1156 1644 ε
1179 1618 1227 1645 Ἐκ
1237 1617 1399 1653 πολυλογίας
1409 1618 1460 1646 οὐκ
1474 1619 1593 1656 ἐκφεύξῃ
1609 1620 1758 1656 ἁμαρτίαν.
1768 1637 1803 1642 -
1813 1622 1898 1659 Περί-

1109 1663 1153 1690 ελε
1173 1663 1289 1691 σεαυτοῦ
1315 1664 1421 1691 σκολιὺν
1451 1665 1552 1701 στόμα,
1584 1666 1632 1693 καὶ
1649 1667 1729 1694 ἄδικα
1747 1668 1824 1704 χείλη
1845 1677 1899 1704 μι-

1108 1709 1179 1745 κρὰν
1199 1710 1253 1737 ἀπὸ
1273 1709 1321 1737 σοῦ
1337 1710 1456 1738 ἄπωσαι.
1471 1727 1507 1732 -
1521 1712 1555 1738 Οἱ
1576 1712 1744 1745 ἀπαίδευτοι,
1767 1714 1898 1749 ἀκρατεῖς

1109 1754 1231 1790 γλώσσῃ,
1251 1754 1314 1781 Ἐἀν
1330 1754 1480 1791 ἐξελκύσῃς
1498 1755 1587 1791 λόγον,
1602 1755 1773 1789 ἐξελεύσεται
1794 1758 1898 1794 κρίσις,

1110 1801 1155 1827 καὶ
1170 1801 1254 1836 μάχη.
1276 1810 1286 1826 ι

1148 1857 1158 1873 σ
1176 1847 1225 1878 ’ος
1240 1846 1420 1882 ἀποκρίνεται
1439 1847 1519 1882 λόγον
1541 1847 1609 1883 πρὶν
1627 1848 1744 1885 ἀκούσῃ,
1758 1849 1898 1886 ἀφροσύνη

1109 1893 1157 1920 καὶ
1170 1893 1270 1925 ὄνειδος
1286 1893 1360 1929 αὐτῷ
1372 1894 1440 1921 ἐστι.
1464 1903 1474 1920 ι

1149 1948 1159 1965 ι
1178 1938 1224 1974 Μὴ
1237 1938 1336 1966 σπεῦδε
1353 1939 1401 1966 ἐπὶ
1418 1938 1534 1975 στόματί
1548 1948 1607 1973 σου,
1624 1940 1672 1967 καὶ
1693 1941 1710 1976 ἠ
1733 1941 1830 1976 καρδία
1850 1950 1901 1969 σου

1111 1985 1149 2021 μὴ
1170 1985 1316 2020 ταχυνάτω
1335 1985 1383 2012 τοῦ
1400 1985 1552 2020 ἐξενεγκεῖν
1575 1985 1653 2021 λόγον
1677 1986 1730 2023 πρὸ
1753 1987 1900 2023 προσώπου

1108 2032 1157 2059 τοῦ
1173 2032 1252 2059 Θεοῦ.
1268 2042 1278 2059 ο

1148 2088 1157 2104 ι
1177 2078 1289 2114 Ἄφρων
1304 2078 1433 2114 πληθύνει
1455 2079 1561 2114 λόγους.
1574 2096 1610 2101 -
1624 2081 1671 2117 Μὴ
1689 2082 1755 2117 στῇς
1775 2082 1804 2108 ἐν
1825 2080 1899 2116 λόγῳ

1110 2130 1178 2158 πονη
1249 2131 1259 2149 ι

1148 2178 1158 2195 ‹
1182 2168 1333 2198 Ἐνέτειναν
1348 2170 1475 2205 γλῶσσαν
1487 2172 1577 2200 αὐτῶν
1587 2172 1626 2205 ὼς
1638 2172 1727 2206 τόξον.

1147 2268 1157 2286 ‹
1179 2259 1209 2287 ’0
1225 2259 1383 2294 πλεονάζων
1399 2261 1489 2298 λόγον,
1506 2262 1727 2299 βδελυχθήσεται.

1148 2358 1158 2375 ‹
1181 2349 1262 2382 Βέλος
1282 2351 1408 2387 πεπηγὸς
1432 2352 1463 2379 ἐν
1483 2351 1564 2388 μηρῷ
1586 2352 1699 2388 σαρκὸς,
1715 2351 1803 2384 οὕτως
1821 2351 1901 2385 λόγος

1109 2395 1139 2422 ἐν
1161 2395 1250 2433 κοιλίᾳ
1275 2396 1379 2433 μωροῦ.
1397 2413 1433 2421 -
1464 2399 1636 2434 ’Δνελεήμων
1657 2399 1672 2426 ό
1697 2398 1735 2434 μὴ
1759 2397 1901 2433 συντηρῶν

1109 2441 1215 2476 λόγους.
1232 2452 1242 2468 ι

1150 2497 1160 2514 ι
1183 2488 1229 2523 Μὴ
1243 2488 1377 2525 διαμάχου
1406 2490 1475 2526 μετά
1494 2490 1638 2526 ἀνθρώπου
1652 2489 1840 2525 γλωσσώδους,
1854 2489 1903 2516 καὶ

1112 2531 1150 2567 μὴ
1163 2532 1358 2570 ἐπιποιὸἀσῃς
1373 2535 1420 2561 ἐπὶ
1433 2534 1463 2561 τδ
1478 2534 1534 2570 πῦρ
1549 2535 1631 2562 αὑτοῦ
1643 2535 1719 2569 ξύλα.
1733 2550 1768 2555 --
1781 2534 1902 2570 Φοὸερος

1111 2578 1140 2604 ἐν
1154 2577 1230 2604 πόλει
1246 2578 1316 2614 ἀνὴρ
1332 2579 1507 2615 γλωσσώδης.
1526 2590 1535 2606 ι

1149 2632 1160 2650 ι
1183 2624 1332 2661 Ὀλίσθημα
1347 2626 1401 2653 ἀπὸ
1411 2626 1536 2662 ἐδάφους,
1551 2627 1568 2662 ἢ
1580 2627 1634 2654 ἀπὸ
1647 2626 1783 2663 γλώσσης.
1803 2637 1814 2654 ι

1146 2715 1242 2751 Πληγὴ
1254 2716 1386 2751 μάστιγος
1397 2717 1469 2743 ποιεῖ
1481 2716 1615 2752 μώλωπα,
1631 2716 1724 2753 πληγὴ
1734 2717 1763 2744 δὲ
1775 2715 1904 2751 γλώσσης

1113 2761 1259 2795 συγκλάσει
1280 2762 1356 2789 ὀστᾶ.
1370 2777 1406 2782 -
1421 2763 1457 2789 Τὸ
1476 2762 1608 2798 ἀργύριόν
1629 2771 1688 2794 σου,
1715 2761 1763 2788 καὶ
1781 2761 1811 2788 τδ
1835 2769 1905 2795 χρυ-

1113 2808 1169 2834 σίον
1189 2816 1236 2835 σου
1251 2809 1412 2844 κατάδησον,
1431 2808 1479 2835 καὶ
1490 2810 1547 2840 τοῖς
1557 2809 1646 2843 λόγοις
1663 2816 1710 2835 σου
1726 2807 1840 2842 ποίησον
1851 2806 1903 2838 ζυ-

1112 2854 1160 2888 γὸν
1172 2855 1218 2882 καὶ
1229 2855 1360 2891 σταθμὸν,
1377 2856 1423 2883 καὶ
1434 2855 1473 2890 τῷ
1489 2855 1603 2890 στόματί
1620 2863 1667 2882 σου
1684 2854 1797 2891 ποίησον
1813 2852 1903 2889 θύραν
