2074 3115
181 116 249 150 13Ᾱ5

805 121 925 150 ΒΑΕΠΛ
944 121 1168 150 PAIMLLELA

1741 126 1810 158 13i6

179 175 225 202 καὶ
238 173 336 210 μοχλόν
350 180 356 188 ·
377 172 495 209 πρόσεχε
512 173 548 209 μή
559 182 617 206 πως
634 173 780 210 ὀλισοήσῃς
796 176 824 201 ὲν
837 175 966 210 a51t§.-

1020 183 1103 203 nuam
1120 182 1147 204 et
1167 180 1259 205 vectes
1276 188 1282 205 :
1301 179 1411 206 attende
1437 187 1471 207 ne
1491 179 1561 207 forte
1577 180 1681 209 labaris
1705 182 1809 217 lingua.

179 221 275 248 ὶῐολλοὶ
289 219 390 246 ἔπεσαν
410 219 440 245 ὲν
463 219 578 254 στόματι
599 220 747 256 μαχαίρας,
766 221 814 248 καὶ
827 221 876 256 οὐχ
887 221 923 253 ὡς
942 221 966 247 ot

177 266 354 298 πεπτωκότες
370 265 413 294 διὰ
428 265 565 300 γλώσσης.
586 275 595 292 ›

214 323 223 338 ι
238 312 272 338 Εἴ
293 320 335 343 τις
352 312 381 338 ἐν
405 311 477 345 λόγῳ
493 311 523 338 οὐ
543 311 647 344 πταίει,
663 308 740 344 οὗτος
759 312 862 345 τέλειος
882 313 964 349 ἀνὴρ,

173 359 324 392 δυνάμενος
339 357 564 393 χαλιναγωγῆσαι
582 358 628 384 καὶ
649 358 709 385 ὅλον
730 360 760 386 τὸ
784 359 874 394 σῶμα.
891 360 922 386 Et
937 360 965 387 δὲ

174 403 228 429 τῶν
241 403 332 430 ἳππων
357 402 420 434 τοὺς
439 402 564 438 χαλινοὺς
580 403 619 434 εἰς
639 401 674 429 τὰ
697 403 820 438 στόματα
832 403 965 440 βάλλομεν

175 449 216 481 εἰς
228 449 258 475 τὸ
273 448 417 475 πείθεσθαι
437 448 536 480 αὐτοὺς
551 449 628 484 ἡμῖν,
645 449 691 476 καὶ
702 449 762 476 ὅλον
778 449 808 476 τδ
823 450 901 485 σῶμα
916 451 965 478 αὐ-

173 494 229 522 τῶν
245 494 403 529 μετάγομεν
414 501 422 508 ·
445 493 500 520 ίδοὺ
515 494 564 521 καὶ
575 494 610 521 τὰ
625 494 706 520 πλοῖα
722 494 873 530 τηλικαῦτα
887 495 963 529 ὄντα,

175 540 222 567 καὶ
234 540 286 566 ὑπὸ
302 540 412 575 ἀνέμων
425 538 553 576 σκληρῶν
564 539 733 575 ἐλαυνόμενα
750 541 898 576 μετάγεται
911 542 965 569 ὑπὸ

174 587 315 622 ἐλαχίστου
331 585 473 621 πηδαλίου,
486 585 554 612 ὅπου
567 584 600 613 ἂν
616 586 633 621 ἡ
651 586 724 621 ὁρμὴ
740 586 787 613 τοῦ
806 587 964 620 εὐθύνοντος

175 633 300 668 βούλεται
311 641 317 647 ·
334 632 420 664 οὕτως
434 633 481 659 καὶ
497 633 513 668 ἡ
528 631 638 667 γλῶσσα
656 633 772 669 σμικρὸν
797 633 878 668 μέλος
892 634 962 667 ἐστὶ,

175 680 222 707 καὶ
240 679 417 715 μεγαλαυχεῖ.
442 678 507 705 Ἰδοὺ
526 678 616 712 ὀλίγον
634 678 690 714 πῦρ
710 678 809 714 ἡλίκην
830 679 896 715 ὓλην
915 681 964 707 ἀν-

174 727 254 754 άπτει
267 726 273 752 l
291 725 346 751 Καὶ
355 725 373 761 ἡ
385 724 496 760 γλῶσσα
511 723 576 760 πῦρ,
588 725 602 750 ὁ
618 724 720 760 κόσμος
735 725 783 760 τῆς
794 725 911 757 ἀδικίας.
931 726 964 753 Ἦ

174 772 285 806 γλῶσσα
299 767 462 798 καθίσταται
488 770 517 797 ὲν
542 771 600 802 τοῖς
623 771 735 805 μέλεσιν
752 771 842 807 ἡμῶν,
862 773 878 808 ἡ
900 781 963 799 σπι-

173 817 257 843 λοῦσα
271 816 332 843 ὅλον
346 816 377 843 τὺ
389 816 480 852 σῶμα,
498 817 545 843 καὶ
560 816 726 851 φλογίζουσα
739 817 785 845 τὸν
800 818 897 852 τροχὸν
913 818 962 854 τῆς

173 863 318 897 γενέσεως,
333 862 381 889 καὶ
401 861 584 897 φλογιζομένη
601 862 656 888 ὑπο
675 862 725 898 τῆς
747 864 869 899 γεέννης.
884 864 962 890 Πᾶσα

173 908 228 944 γὰρ
243 908 323 942 φύσις
342 907 443 943 θηρίων
462 915 491 933 τε
513 909 561 934 καὶ
574 907 716 941 πετεινῶν,
733 908 856 943 ἑρπετῶν
871 918 899 936 τε
915 910 963 936 καὶ

173 954 285 981 ὲναλίων
303 952 454 989 δαμάζεται
467 952 514 979 καὶ
527 952 694 988 δεδάμασται
709 954 741 988 τῇ
761 953 840 988 φύσει
867 955 899 989 τῇ
917 954 963 981 ἀν-

173 1000 310 1036 θρωπίνῃ,
335 999 384 1035 τὴν
407 999 436 1026 δὲ
453 994 588 1034 γλῶσσαν
607 999 693 1031 οὐδεὶς
718 1000 829 1026 δύναται
858 999 964 1035 ἀνθρώ-

173 1056 232 1074 πων
249 1047 386 1082 δαμάσαι·
415 1041 603 1082 ἀκατάσχετον
626 1046 722 1079 κακὸν,
752 1046 839 1082 μεστὴ
856 1047 896 1073 ἱοῦ
917 1047 965 1073 θα-

174 1094 339 1129 νατηφόρου.
355 1093 398 1119 Ἐν
417 1093 485 1128 αὐτῇ
503 1092 668 1128 εὐλογοῦμεν
684 1092 729 1120 τὸν
750 1093 818 1120 Θεὸν
842 1093 889 1120 καὶ
905 1094 963 1120 Πα-

174 1139 250 1174 τέρα,
267 1139 315 1165 καὶ
344 1139 373 1165 ἐν
399 1139 468 1174 αὐτῇ
496 1138 683 1173 καταρώμεθα
708 1139 772 1170 τοὺς
802 1139 964 1175 ἀνθρώπους

174 1185 236 1216 τοὺς
258 1184 319 1211 καθ⁴
339 1185 470 1220 ὁμοίωσιν
484 1183 553 1210 Θεοῦ
576 1185 733 1218 γεγονότας.
755 1185 803 1212 Ἐκ
817 1185 865 1212 τοῦ
880 1185 963 1212 αὑτοῦ

174 1231 308 1266 στόματος
325 1231 466 1267 ἐξέρχεται
489 1231 600 1264 εὐλογία
623 1232 671 1258 καὶ
692 1231 810 1267 κατάρα.
843 1232 880 1258 Οὐ
897 1231 961 1267 χρὴ,

173 1276 283 1311 ἀδελφοί
298 1285 361 1311 μου.
373 1277 419 1312 Μή
434 1285 460 1303 τι
478 1277 495 1311 ἡ
510 1277 586 1311 πηγὴ
603 1276 635 1303 ἐκ
647 1276 697 1312 τῆς
709 1276 793 1311 αὐτῆς
803 1276 873 1312 ὀπῆς
887 1275 965 1311 βρύει

173 1323 203 1349 τὸ
218 1322 315 1356 γλυκὺ,
329 1323 376 1349 καὶ
388 1324 419 1349 τὸ
434 1324 533 1359 πικρόν
543 1332 550 1357 ;
561 1333 570 1348 ι

209 1369 299 1404 Κῦρος
322 1370 404 1404 λόγου
427 1370 558 1406 πολέμιος
577 1371 684 1404 ἀκοαῖς,
699 1369 738 1402 ὡς
756 1369 965 1406 ὑπερϐάλλουσα

174 1414 263 1451 τροφὴ
283 1414 403 1451 σώματι.

1016 237 1050 241 -—
1066 222 1144 249 illiilli
1161 223 1322 251 ceciderunt
1349 225 1376 252 in
1395 233 1444 252 ore
1473 225 1554 261 gladii
1579 235 1586 252 :
1607 227 1656 254 sed
1679 236 1734 254 non
1757 228 1808 260 sic,

1016 268 1091 294 velut
1106 269 1154 303 qui
1171 269 1337 297 interierunt
1353 278 1401 306 per
1416 271 1548 307 linguam.
1564 282 1573 298 ι

1050 312 1113 340 lar.
1136 322 1176 345 in.
1192 314 1275 348 λιι.
1291 331 1321 335 -
1347 326 1358 342 ε
1377 317 1405 344 Si
1419 318 1481 352 quis
1501 318 1528 345 in
1547 319 1631 346 verbo
1651 327 1704 346 non
1724 320 1810 347 oll‘en-

1015 358 1066 391 dit,
1085 359 1129 386 hic
1145 365 1188 387 est
1207 361 1345 396 perfectus
1363 363 1423 395 vir;
1444 367 1542 398 potens
1559 363 1642 391 etiam
1659 364 1737 392 freno
1756 373 1810 392 ctr-

1015 405 1184 434 cumducere
1200 411 1286 434 totum
1305 415 1425 443 corpus.
1446 407 1474 436 Si
1489 413 1580 437 autem
1595 411 1674 445 equis
1689 411 1764 438 frena
1780 412 1809 439 in

1014 457 1063 477 ora
1082 451 1218 479 mittimus
1233 452 1266 479 ad
1282 453 1513 481 consentiendum
1527 454 1619 487 nobis,
1631 455 1713 481 etiam
1727 464 1810 484 onme

1013 503 1115 530 corpus
1131 496 1239 524 illorum
1257 497 1481 525 circuml‘erimus
1499 504 1546 526 :et
1557 506 1624 526 ecce
1641 507 1735 533 naves,
1745 509 1809 529 cum

1014 549 1121 577 magna:
1137 542 1203 576 sint,
1219 547 1246 569 et
1269 551 1283 570 a
1299 544 1389 571 ventis
1405 545 1507 572 validis
1524 545 1675 578 minentur,
1691 546 1810 578 circum-

1015 588 1142 616 feruntur
1159 596 1174 616 a
1189 589 1299 616 modico
1318 584 1516 625 gubernaculo,
1535 591 1580 617 ubi
1602 591 1722 626 impetus
1739 592 1810 619 diri-

1014 635 1104 669 gentis
1131 633 1249 663 voluerit
1274 644 1281 662 :
1309 635 1346 662 ita
1371 639 1398 663 et
1426 636 1519 671 lingua
1543 636 1680 664 modicum
1698 638 1809 672 quidem

1013 680 1168 708 membrum
1185 685 1236 713 est,
1248 685 1275 708 et
1292 689 1390 716 magna
1404 682 1515 709 exaltat.
1532 674 1604 709 Ecce
1617 689 1718 717 parvus
1738 684 1809 719 ignis

1014 733 1096 760 quam
1113 733 1239 761 magnam
1252 726 1350 753 silvam
1365 726 1507 754 incendit!
1523 727 1556 754 Et
1571 727 1663 762 lingua
1674 728 1746 763 ignis
1755 734 1808 762 est,

1015 772 1184 799 universitas
1221 772 1392 807 iniquitatis.
1429 772 1535 807 Lingua
1569 775 1749 801 constituitur
1780 775 1807 801 in

1015 817 1147 845 membris
1162 818 1277 851 nostris,
1300 826 1362 853 qua:
1382 818 1504 845 maculat
1527 823 1615 845 totum
1644 826 1758 855 corpus,
1781 824 1809 847 et

1013 861 1167 889 inflammat
1180 867 1268 889 rotam
1285 863 1440 891 nativitatis
1453 867 1563 897 nostrae,
1579 869 1606 891 et
1622 864 1809 896 inﬂammatur

1014 914 1029 934 a
1045 907 1181 942 gehenna.
1199 907 1297 935 Omnis
1312 909 1385 936 enim
1406 913 1507 936 natura
1530 909 1694 943 bestiarum,
1712 916 1738 938 et
1760 919 1808 938 vo-

1014 953 1136 985 lucrum,
1152 958 1178 980 ct
1196 953 1378 988 serpentium,
1398 959 1424 981 et
1444 955 1607 989 aquatilimu
1623 955 1764 990 domatur,
1780 961 1808 984 et

1014 998 1118 1026 domita
1131 1004 1174 1026 est
1191 1006 1206 1025 a
1227 1003 1326 1026 natura
1343 1000 1472 1027 humana.
1485 999 1620 1035 Linguam
1638 1007 1728 1029 autem
1745 1004 1808 1029 nul—

1015 1045 1058 1072 lus
1081 1044 1223 1073 hominum
1245 1044 1358 1072 domare
1382 1049 1484 1080 potest,
1511 1045 1666 1081 inquietant
1691 1047 1806 1079 malum,

1014 1090 1095 1126 plena
1113 1098 1218 1118 veneno
1233 1090 1385 1118 mortifero.
1395 1091 1430 1120 -ιη
1446 1091 1505 1126 ipsa
1519 1092 1708 1120 bencdicimus
1723 1092 1807 1121 Deum

1014 1139 1041 1162 et
1059 1134 1216 1168 Patrem,et
1230 1136 1257 1163 iu
1275 1136 1334 1172 ipsa
1351 1136 1540 1164 maledicimus
1558 1137 1684 1165 homines
1701 1139 1747 1172 qui
1773 1139 1808 1165 ad

1015 1181 1224 1209 similitudinem
1243 1182 1289 1209 Dei
1308 1179 1372 1210 facti
1393 1187 1468 1210 sunt.
1485 1182 1523 1210 Ex
1541 1183 1602 1218 ipso
1614 1191 1663 1211 ore
1685 1184 1809 1219 procedit

1016 1227 1170 1255 benedictio
1181 1233 1208 1255 et
1221 1228 1387 1256 maledictio.
1401 1228 1459 1255 Non
1479 1233 1597 1264 oportet,
1621 1229 1722 1257 fratres
1741 1231 1805 1257 mei.

1015 1271 1144 1308 Nunquid
1164 1273 1225 1301 fons
1240 1273 1274 1301 de
1292 1273 1390 1301 eodem
1407 1273 1544 1302 foramine
1568 1279 1678 1302 emanat
1699 1275 1808 1302 dulcem

1015 1323 1042 1348 et
1061 1327 1182 1347 amaram
1199 1320 1317 1355 aquam?
1331 1329 1340 1346 ι

1052 1364 1131 1400 Creg.
1155 1364 1225 1392 Naz.
1240 1381 1275 1385 —-
1292 1364 1458 1393 Immodicas
1479 1373 1571 1394 sermo
1588 1366 1701 1393 auribus
1718 1366 1809 1394 inimi-

1017 1418 1067 1439 cus
1084 1416 1139 1445 est,
1158 1411 1231 1440 haud
1249 1419 1330 1440 secus
1345 1416 1429 1447 atque
1442 1412 1642 1440 immoderatus
1658 1412 1738 1441 cibus
1749 1421 1810 1441 eor-

1018 1465 1091 1493 porr.

213 1506 339 1538 ’Ὀλισοος
364 1505 519 1542 ἀνθρώποις
535 1505 658 1541 γλῶσσα,
675 1505 715 1542 μὴ
731 1506 805 1542 λόγῳ
828 1506 966 1542 κυϐερνω-

1054 1503 1150 1539 Ejusd.
1166 1508 1235 1531 orat.
1256 1504 1331 1531 2.-
1350 1503 1440 1532 Ruina
1466 1505 1628 1534 hominibus
1646 1510 1688 1534 est
1705 1506 1808 1542 lingua,

176 1553 257 1588 μένης

213 1597 300 1630 Λόγος
313 1596 411 1628 ἁπλῶς
427 1596 623 1632 προσενεχθεὶς
639 1597 803 1633 ὁλοκλήρους
817 1597 968 1634 ἀνέτρεψεν

176 1643 276 1675 οίχίας,
294 1643 341 1669 καὶ
357 1642 446 1677 ψυχὰς
462 1643 588 1669 ἀπώλεσε
614 1644 662 1670 καὶ
679 1643 822 1670 κατέδυσε.
841 1643 897 1670 Καὶ
913 1643 969 1671 τῶν

179 1688 229 1724 μὲν
243 1687 394 1724 χρημάτων
415 1688 464 1723 τὴν
489 1688 594 1724 ζημίαν
614 1688 788 1724 διορθοῦσθαι
810 1689 892 1716 πάλιν
916 1688 967 1722 ἔνι,

177 1735 255 1769 λόγον
271 1735 300 1761 δι
321 1734 514 1770 ἐκπηδήσαντα
533 1734 609 1768 ἆπαξ
630 1734 785 1770 ἀνακτῆσαι
809 1735 891 1762 πάλιν
918 1736 968 1762 οὐκ

177 1781 228 1808 ἔνι.

213 1827 258 1862 Μὴ
271 1826 417 1862 χελιδῶνας
433 1827 474 1858 εἰς
490 1825 578 1857 οἰκίας
592 1825 714 1862 δέχεσθε,
733 1827 857 1854 τουτέστι
870 1827 968 1860 λάλους

177 1872 349 1908 ἀνθρώπους,
382 1872 430 1899 καὶ
464 1871 529 1904 τοὺς
556 1871 622 1907 περὶ
650 1871 779 1906 γλῶσσαν
804 1873 970 1909 ἀνακρατεῖς

176 1919 341 1954 ὸμοροφίους
356 1918 395 1954 μὴ
412 1917 544 1946 ποιεῖσθε.

213 1963 326 1991 Γλῶσσα
342 1964 415 1999 κακὴ
425 1963 581 1998 ἀνθρώπου,
598 1963 704 1996 πτῶσις
729 1963 814 1998 αὐτῷ.
837 1964 893 1991 Καὶ
912 1964 967 1991 πά-

177 2010 219 2037 λιν
233 2018 239 2024 ·
271 2010 308 2037 ἰι
331 2009 458 2044 γλῶσσά
487 2017 557 2042 σου,
586 2009 633 2037 ἀεὶ
662 2008 756 2043 ξυρὸν
777 1999 968 2044 ἠκονημένὼ

177 2057 325 2091 ἐποίησας
350 2055 454 2083 δόλον.
478 2056 533 2082 Καὶ
555 2054 658 2082 πάλιν·
685 2055 718 2082 Τί
742 2055 855 2090 δοθείη,
873 2055 922 2083 καί
940 2056 969 2083 τί

178 2103 355 2138 προσ-τεθείη
372 2111 421 2130 σοι
436 2102 512 2136 πρὸς
527 2101 673 2137 γλῶσσαν
692 2101 820 2135 δολίαν;
842 2103 895 2129 Καὶ
917 2103 969 2130 πά-

177 2149 234 2177 λιν·
251 2149 283 2176 '0
298 2150 370 2183 Θεὸς
380 2149 437 2183 τὴν
448 2148 569 2176 αῖνεσίν
582 2156 641 2183 μου
655 2148 699 2183 μὴ
715 2149 966 2183 παρασιωπὴσῃς,

1019 1559 1081 1587 qua:
1096 1551 1202 1578 ratione
1217 1558 1272 1577 non
1288 1551 1470 1585 gubernatur.

1058 1596 1245 1632 Chrysost.-—
1263 1596 1359 1624 Sermo
1391 1600 1494 1624 temere
1524 1597 1653 1632 profusus
1687 1597 1810 1633 integras

1018 1643 1116 1671 domos
1138 1644 1247 1676 evertit,
1275 1643 1437 1678 animasque
1463 1643 1585 1678 perdidit
1600 1647 1627 1671 et
1644 1643 1808 1671 submersit.

1018 1691 1057 1717 Ac
1074 1690 1255 1726 pecuniarum
1274 1689 1355 1725 422
1374 1689 1483 1725 quidem
1495 1691 1603 1724 jactura
1622 1690 1720 1717 sarciri
1747 1698 1809 1717 rur-

1018 1744 1079 1765 sum
1096 1740 1187 1771 potest
1207 1745 1213 1762 :
1241 1743 1334 1763 sermo
1358 1739 1462 1770 autem,
1487 1736 1533 1763 ubi
1551 1735 1637 1763 semel
1662 1735 1808 1768 exsilierit,

1018 1783 1113 1818 nequit
1128 1783 1226 1810 iterum
1243 1782 1418 1817 recuperari.

1053 1828 1150 1864 Cyrill.
1168 1844 1204 1848 —
1216 1828 1385 1855 llirundines
1398 1827 1481 1855 domo
1496 1827 1580 1854 nolite
1592 1826 1720 1866 excipere
1732 1835 1740 1860 ;
1757 1826 1809 1854 hoc

1021 1879 1063 1903 est
1079 1895 1086 1907 ,
1106 1874 1233 1910 garrulas
1255 1874 1391 1907 homines,
1411 1878 1438 1901 et
1454 1873 1565 1909 procaci
1586 1873 1690 1908 lingua,
1710 1878 1810 1901 contu-

1019 1920 1147 1948 bernales
1161 1923 1269 1946 vestros
1283 1919 1398 1946 minime
1414 1917 1507 1946 facite.

1055 1964 1152 1991 Euseb.
1168 1979 1202 1984 —
1215 1962 1320 1999 Lingua
1340 1971 1458 1998 nequam
1476 1963 1608 1995 hominis,
1622 1963 1703 1991 ruina
1722 1963 1810 1998 ipsius

1020 2016 1074 2040 est.
1091 2008 1268 2045 Rursumque
1281 2009 1364 2037 David
1387 2018 1394 2036 :
1414 2008 1518 2044 Lingua
1537 2014 1583 2036 tua
1599 2010 1667 2036 sicut
1681 2010 1810 2037 novacula

1019 2058 1108 2094 fecisti
1122 2057 1212 2084 dolum
1225 2054 1314 2091 (Prol.
1332 2063 1371 2087 ιι,
1384 2055 1424 2091 4).
1442 2056 1475 2083 Et
1502 2055 1604 2084 iterum
1619 2066 1624 2083 :
1642 2055 1714 2089 Quid
1733 2057 1812 2084 detur

1020 2104 1078 2137 tibi,
1096 2108 1142 2130 aut
1157 2102 1220 2138 quid
1236 2107 1386 2137 apponatur
1410 2101 1457 2129 tibi
1476 2102 1511 2129 ad
1528 2103 1644 2137 linguth
1661 2102 1782 2130 dolosam
1797 2103 1810 2130 .’

1020 2149 1110 2186 (Psal.
1125 2156 1199 2180 eux,
1210 2148 1249 2183 5.)
1263 2147 1295 2174 Et
1310 2147 1338 2175 in
1353 2147 1407 2175 alio
1419 2147 1480 2175 loco
1493 2157 1500 2175 :
1515 2147 1596 2180 Deus,
1608 2147 1714 2175 laudent
1725 2156 1810 2174 meam

179 2195 223 2222 ὅτι
241 2196 338 2230 στόμα
354 2194 542 2230 ιὶμσρτωλοῦ,
557 2193 606 2221 καί
621 2194 719 2229 στόμα
737 2194 842 2222 δολίου
856 2195 901 2222 ἐπ’
915 2195 966 2230 ἐμὲ

1020 2203 1051 2223 ne
1065 2194 1190 2227 tacueris,
1204 2194 1268 2229 quia
1280 2201 1308 2220 οε
1323 2193 1470 2228 peccatoris
1486 2199 1509 2220 et
1530 2201 1558 2220 os
1571 2192 1657 2229 dolosi
1675 2201 1754 2227 super
1771 2201 1811 2219 me

178 2241 315 2275 ἠνοίχθη.
328 2241 382 2267 Καὶ
400 2240 499 2267 πάλιν·
521 2240 694 2273 Ἠκόνησαν
707 2240 853 2275 γλῶσσαν
869 2239 968 2268 αὐτῶν

178 2286 249 2314 ὡσεί
264 2286 373 2322 ὄφεως·
391 2287 434 2320 ἰὸς
454 2286 592 2314 ἀσπίδων
611 2286 671 2313 ὑπὸ
695 2286 730 2314 τὰ
750 2286 837 2321 χείλη
857 2286 966 2314 αὐτῶν.

179 2331 231 2358 Τὸν
245 2332 306 2365 ὅφιν
319 2332 429 2366 λέγεται
442 2331 528 2358 δεινὸν
549 2331 621 2366 ἔχειν
635 2331 665 2358 τὺ
683 2331 796 2367 κέντρον
814 2332 864 2367 τῆς
881 2332 968 2366 γλώσ-

180 2387 229 2413 σης
241 2378 335 2411 αὐτοῦ,
347 2378 404 2405 ἀλλ’
419 2378 469 2404 οὒκ
489 2377 548 2404 ἐστι
562 2377 712 2413 δεινότερον
726 2376 853 2413 γλώσσης
864 2377 969 2412 ἀνθρώ-

179 2433 231 2451 που
264 2424 364 2459 κακῆς.
387 2424 503 2459 Λέγεται
524 2423 571 2450 καὶ
594 2422 684 2459 σαῦρα
707 2422 811 2458 χλωρὰ,
838 2423 895 2449 ἀλλ’
917 2423 968 2450 οὐκ

181 2470 238 2496 ἔστι
262 2469 419 2505 χλωροτέρα
440 2469 486 2496 τοῦ
503 2469 636 2505 φλυάρου.
657 2469 794 2504 Σκορπίου
816 2468 909 2504 δῆγμα
925 2468 969 2495 Θε-

182 2514 342 2551 ραπεύεται,
352 2514 430 2549 λόγος
450 2515 479 2541 δὲ
495 2514 580 2547 κακὸς
596 2514 774 2550 ἐξερχόμενος
787 2515 819 2541 ὲκ
836 2515 968 2550 στόματος

182 2559 302 2596 φλυάρου
319 2559 434 2594 πλήσσει
456 2560 502 2587 τὸν
526 2560 641 2596 πλησίον
662 2560 756 2587 αὑτοῦ.
771 2560 860 2595 Φλόγα
885 2560 970 2596 πυρὸς

181 2605 376 2634 κατασϐεννύει
388 2605 470 2642 ὕδωρ,
483 2606 608 2640 γλῶσσαν
627 2606 655 2632 δὲ
677 2606 764 2642 κακὴν
776 2606 864 2638 οὐδεὶς
879 2615 970 2634 κατα-

181 2653 307 2689 πραῧνει.
329 2653 428 2679 Ἵππον
453 2653 691 2689 σκληροτράχηλον
708 2653 822 2688 δαμάζει
844 2653 969 2689 χαλινὸς,

181 2700 307 2736 γλῶσσαν
329 2699 357 2725 δὲ
381 2698 469 2734 κακὴν
488 2699 576 2730 οὐδεὶς
592 2699 703 2726 δύναται
725 2699 855 2735 δαμάσαι.
871 2700 970 2735 Θηρῐον

181 2748 277 2782 ἄγριον
308 2745 429 2781 εὐχερῶς
456 2744 620 2780 ἡμεροῦται,
648 2745 759 2779 γλῶσσα
786 2746 815 2772 δὲ
842 2746 915 2782 κακὴ
940 2747 970 2772 οὐ

183 2793 343 2829 πραΰνεται.
357 2791 414 2819 Οὐκ
431 2790 506 2818 ἔστιν
526 2791 555 2817 ὲν
571 2789 610 2825 τῷ
626 2791 721 2825 κόσμῳ
739 2791 829 2826 χεῖρον
845 2791 971 2826 γλώσσης

1019 2245 1137 2275 apertum
1153 2245 1191 2268 est
1216 2238 1303 2274 (Psat.
1324 2246 1403 2270 cvm.
1426 2238 1475 2274 2).
1505 2239 1538 2265 Et
1561 2238 1626 2266 alibi
1648 2248 1654 2266 :
1674 2240 1810 2266 Acueruut

1020 2288 1124 2322 linguas
1139 2295 1202 2314 suas
1227 2286 1296 2313 sicut
1321 2286 1460 2319 serpentis,
1476 2293 1602 2313 veneriam
1623 2285 1746 2320 aspidum
1762 2284 1810 2311 sub

1020 2334 1098 2362 labiis
1114 2341 1205 2361 eorum
1232 2332 1321 2368 (Paul.
1349 2340 1470 2366 cxxxix,
1489 2332 1535 2365 4).
1567 2331 1709 2367 Serpentis
1733 2331 1811 2358 aiunt

1020 2385 1141 2408 atrocem
1168 2379 1268 2415 linguae
1293 2378 1420 2406 aculeum
1441 2385 1528 2406 esse:
1555 2385 1650 2404 verum
1672 2376 1739 2404 nihil
1764 2376 1811 2403 iile

1020 2427 1139 2455 atrocior
1159 2429 1202 2454 est
1229 2425 1300 2453 mala
1327 2424 1449 2452 hominis
1473 2424 1578 2460 lingua.
1601 2423 1708 2450 Dicitur
1726 2422 1811 2449 etiam

1020 2475 1123 2502 lacerta
1136 2473 1260 2503 decolor.
1276 2471 1324 2499 sed
1347 2479 1378 2499 ea
1395 2471 1508 2498 decolor
1525 2471 1613 2505 magis
1630 2477 1684 2497 nou
1700 2473 1743 2497 est
1759 2469 1811 2496 ho-

1020 2521 1095 2549 mine
1122 2520 1215 2554 inepte
1232 2517 1364 2554 loquaci.
1386 2517 1496 2553 Scerpii
1523 2523 1634 2544 morsus
1659 2515 1811 2544 remedium

1021 2566 1142 2594 admittit
1159 2574 1166 2592 :
1185 2569 1213 2592 at
1231 2572 1323 2593 sermo
1339 2563 1430 2591 malus
1454 2571 1488 2591 cx
1510 2562 1652 2598 nugatoris
1671 2569 1718 2589 ore
1733 2568 1810 2596 egre-

1021 2612 1110 2645 diens,
1128 2610 1330 2638 immedicabile
1344 2609 1443 2637 vulnus
1458 2608 1583 2644 proximo
1598 2606 1707 2641 inﬂigit.
1723 2605 1807 2632 Flam-

1022 2666 1065 2686 ma
1091 2658 1162 2694 iguis
1184 2665 1256 2693 aqua
1272 2656 1459 2691 exstinguitur
1474 2664 1481 2683 :
1498 2654 1568 2682 nihil
1582 2657 1674 2682 autem
1689 2653 1809 2688 linguam

1023 2704 1177 2739 improbam
1198 2702 1316 2737 mitigat.
1335 2701 1442 2736 Equum
1461 2700 1568 2728 duriori
1583 2699 1690 2727 cervice
1704 2697 1810 2725 frenum

1023 2749 1117 2777 domat
1133 2761 1139 2776 ;
1157 2748 1278 2783 linguam
1303 2754 1368 2774 vero
1393 2753 1504 2782 pravam
1524 2745 1638 2772 domare
1656 2742 1748 2770 nullus
1763 2749 1814 2778 po-

1024 2801 1088 2823 test.
1104 2794 1275 2823 Truculenta
1296 2793 1355 2822 fera
1377 2792 1450 2820 facili
1474 2791 1585 2828 negotio
1601 2790 1742 2818 cicuratur
1760 2797 1767 2815 :
1784 2791 1810 2815 at

183 2839 281 2874 κακῆς,
310 2837 460 2875 Συγκρούει
485 2836 563 2864 πόσιν
593 2836 660 2872 προς
688 2836 778 2870 πόσιν,
801 2837 889 2864 οἰκίαν
903 2837 966 2870 πρὸς

1025 2840 1124 2868 malum
1146 2840 1267 2875 linguam
1294 2839 1379 2869 lenire
1405 2837 1579 2868 impossibile
1600 2840 1653 2863 est.
1679 2834 1754 2862 Nihil
1783 2833 1811 2860 in
