2074 3115
279 115 346 149 1347

861 115 891 144 S.
908 113 1068 144 JOANNIS
1089 112 1305 143 DAMASCENI

1849 112 1918 145 1348

276 172 380 201 mundo
392 172 463 200 mala
479 171 571 206 lingua
583 171 664 206 peius
676 174 727 198 cst.
744 169 872 197 Maritum
887 176 951 196 cum
971 176 1068 200 uxore,

1126 169 1220 201 >ἱκίαν,
1238 169 1322 195 τέκνα
1334 168 1405 196 κατὰ
1419 169 1532 203 γονέων,
1553 168 1684 204 ἀδελφοὺς
1700 169 1771 196 κατὰ
1783 169 1841 197 diis)
1848 172 1905 205 φῶν

274 221 387 247 domum
411 226 474 245 cum
490 218 583 248 domo,
601 217 672 243 lilios
695 224 758 243 cum
776 216 952 252 parentibus,
968 214 1070 241 fratres

276 273 339 292 cum
367 264 500 292 fratribus
524 263 684 290 committit.
705 260 778 289 Nihil
796 262 907 290 demum
931 269 984 288 non
1005 261 1070 287 mali

277 319 324 346 per
340 312 459 347 linguam
475 310 574 337 oritur.

570 355 727 383 LITTERA
749 356 779 381 Δ.

461 399 529 426 ΉΤ.
547 400 566 426 l.
582 415 617 419 —
632 399 670 426 De
687 399 808 434 potentia
825 399 885 426 Dei.

315 446 391 473 Deut.
407 454 454 477 vn,
473 445 518 473 26.
536 461 570 465 —
586 455 594 471 ι
616 445 749 473 Dominus
765 445 838 477 Deus
855 449 920 472 tuus
937 446 964 472 in
977 449 1003 472 to
1017 449 1071 476 est,

285 486 355 518 Deus
369 498 485 526 magnus
503 495 530 518 ct
548 490 640 518 fortis.
660 500 668 516 ι

313 535 365 562 Job
391 544 418 570 ν,
438 538 463 565 8.
482 552 516 556 —
531 546 541 562 ι
562 536 709 564 Dominum
727 536 931 564 dominatorem
946 536 1072 563 omnium

279 582 426 617 invocabo,
453 583 500 618 qui
529 583 597 611 facit
628 591 727 619 magna
756 586 784 610 et
809 581 1072 617 imperscrutabilia,

280 630 410 665 gloriosa,
429 635 511 665 atque
524 630 673 662 mirabilia,
693 636 811 665 quorum
829 636 881 655 non
906 632 948 656 est
977 634 1073 655 nume-

281 683 340 702 l‘llS.
361 684 370 700 Ι

315 719 366 746 Job
388 727 436 752 xu,
454 719 498 746 Η.
513 734 547 739 -—
567 729 576 745 ι
598 719 626 747 Si
640 718 818 750 destruxerit,
832 719 895 755 quis
908 717 1073 745 aedilieabit?

281 763 309 791 Si
328 764 459 791 clauserit
474 772 558 799 supra
575 764 725 795 hominem,
741 764 804 799 quis
822 763 949 798 aperiet?
967 773 975 788 ι

315 809 366 836 Job
386 817 452 842 xui,
480 810 508 836 2.
525 825 560 829 —
573 819 583 835 ι
603 809 670 836 Novi
695 810 767 844 quod
785 810 877 837 omnia
893 814 972 844 potes
995 818 1001 835 :
1023 809 1073 835 imo

282 856 413 890 possibile
434 860 525 883 autem
549 855 618 882 nihil
635 859 677 883 cst
698 856 758 882 tibi.
781 865 791 881 ι

316 901 366 929 Job
395 910 423 934 ν,
455 902 499 929 Η.
521 916 555 922 -
573 911 581 926 ι
602 901 653 935 Qui
677 901 743 929 facit
765 902 882 930 humiles
899 901 926 928 in
944 901 1072 934 sublimo,

282 951 309 974 et
326 955 373 975 eos
387 947 434 982 qui
456 952 571 982 pereunt
587 948 680 982 erigit.
702 957 712 973 ι

316 992 367 1019 Job
388 1001 426 1024 ix,
459 993 485 1020 5.
503 1008 536 1013 —
548 1001 558 1018 ι
576 992 626 1026 Qui
644 992 710 1019 facit
731 999 838 1020 montes
852 997 1031 1025 veterascere,
1048 996 1074 1020 et

279 1039 429 1072 nesciunt;
447 1043 473 1066 et
490 1039 587 1066 evertit
604 1046 653 1066 eos
667 1038 810 1065 iracundia
829 1048 834 1065 :
855 1039 900 1073 qui
919 1041 1074 1065 commovet

278 1084 375 1111 orbem
395 1084 440 1119 qui
462 1084 514 1111 sub
533 1084 611 1111 cadis
640 1088 699 1114 est.
723 1092 738 1110 a
763 1083 962 1116 fundamentis,
980 1087 1006 1111 et
1025 1091 1073 1110 eo-

284 1129 384 1156 lumnze
401 1129 461 1164 ejus
477 1131 652 1164 quatiuntur.
669 1128 721 1162 Qui
740 1129 808 1156 dicit
822 1129 872 1156 soli
887 1134 915 1156 ut
933 1136 988 1156 non
1002 1130 1076 1157 oria-

282 1180 340 1208 tur,
357 1179 384 1202 et
408 1183 462 1202 non
485 1175 595 1202 oritur:
613 1175 746 1202 adversus
771 1180 863 1202 autem
891 1175 982 1202 sidera
1006 1183 1073 1202 ροη-

282 1222 384 1257 signat.
405 1221 457 1254 Qui
489 1221 613 1248 extendit
640 1221 740 1248 cadum
769 1221 856 1253 solus,
873 1226 899 1248 ct
922 1221 1074 1249 ambulate

283 1267 413 1294 inanibus
439 1267 493 1294 tuis
519 1267 662 1302 abreptus.
690 1266 717 1293 Si
747 1267 877 1294 universa
895 1267 1072 1299 subvertet-it,

281 1314 346 1347 quis
357 1313 429 1340 dicet
446 1313 470 1339 ei
491 1322 498 1339 ι
516 1311 588 1344 Quid
606 1312 719 1339 fet-isti?
738 1322 747 1336 ι

317 1357 369 1384 Job
391 1366 438 1389 xu.
469 1357 563 1384 l3—2l.
589 1373 622 1377 —
641 1367 650 1382 ι
669 1358 746 1392 Apud
771 1358 861 1393 ipsum
889 1358 1024 1393 sapientia
1047 1362 1075 1385 ct

285 1405 417 1439 potentia.
435 1404 486 1438 ipsi
516 1404 663 1431 consilium
686 1409 713 1431 et
741 1404 910 1431 intellectus.
936 1420 971 1424 —
993 1405 1072 1440 Apud

285 1450 374 1484 ipsum
399 1449 520 1484 potentia
545 1453 572 1476 et
593 1448 736 1482 fortitudo,
754 1449 806 1484 ipsi
827 1449 962 1483 rsapientia
982 1454 1010 1477 et
1029 1450 1072 1476 in-

285 1496 423 1523 tcllectus.
442 1494 584 1522 Deduccns
608 1495 784 1522 consiliarios
802 1495 926 1530 captivos
941 1505 947 1522 :
963 1495 1073 1530 jutliccs

284 1546 376 1569 autem
396 1545 476 1569 terra:
498 1541 625 1576 stupidus
645 1539 721 1567 fecit.
740 1540 886 1569 Collocans
902 1549 980 1577 rcges
993 1550 1076 1577 super

287 1587 416 1620 thronos,
431 1591 459 1615 et
476 1587 677 1622 circumligavit
690 1586 799 1615 lumbos
818 1595 924 1614 eorum.
944 1588 1077 1616 Emittens

284 1633 442 1661 sacerdotes
457 1633 592 1668 captivos,
610 1636 736 1667 potentes
759 1637 849 1661 autem
864 1637 944 1661 terra:
959 1635 1076 1663 subver-

284 1680 327 1707 tit.
349 1678 498 1706 Ell'undens
525 1678 691 1713 ignominias
709 1686 793 1713 super
817 1679 958 1714 principes
976 1691 982 1707 :
999 1688 1077 1708 revo-

284 1725 345 1753 lans
358 1724 494 1760 profunda
508 1723 542 1763 de
556 1723 703 1751 tenebris»
812 1756 816 1760 '

321 1770 336 1797 I
357 1769 421 1805 Reg.
437 1778 467 1802 ιι,
489 1769 516 1796 4.
531 1783 566 1797 -.-—
580 1769 661 1805 423
682 1778 691 1795 ι
710 1769 798 1798 Areus
817 1769 932 1797 fortium
949 1771 1077 1800 infirmus

284 1817 374 1844 factus
388 1820 442 1849 est,
461 1820 488 1844 ct
506 1815 607 1844 inlirmi
629 1816 746 1843 accincti
768 1822 833 1844 sunt
856 1817 964 1845 robore.
981 1817 1077 1846 Domi-

284 1871 338 1890 nus
358 1869 507 1898 pauperem
531 1861 598 1889 facit
626 1868 653 1889 et
679 1861 757 1894 ditat,
786 1861 913 1890 humiliat
936 1867 963 1891 et
981 1864 1076 1892 suble-

285 1914 340 1942 vat,
360 1918 369 1935 ι
393 1913 447 1936 etc.

321 1955 398 1982 Psal.
415 1962 497 1986 Lxxv,
520 1953 546 1981 5.
564 1969 599 1974 —-
615 1963 624 1979 ι
638 1953 678 1981 Tu
704 1954 835 1982 terribilis
851 1962 892 1989 es,
914 1959 941 1983 et
955 1956 1017 1990 quis
1031 1963 1075 1984 re-

282 2002 363 2030 sistet
379 2000 447 2028 tibi?
461 2003 516 2028 etc.
533 1999 634 2028 Omnes
648 2001 694 2036 qui
713 2001 739 2028 in
753 2001 871 2029 circuitu
888 2001 948 2037 ejus
961 2002 1076 2030 aﬂercnt

284 2055 410 2081 munera,
429 2057 438 2073 )
456 2051 511 2074 etc.

324 2094 399 2122 Psal.
417 2100 509 2123 LxxVi.
533 2092 605 2119 l3.—
647 2100 655 2116 ι
673 2091 740 2124 Quis
770 2091 838 2119 deus
856 2099 973 2127 magnus
1003 2093 1075 2121 sicut

284 2139 357 2167 Dens
373 2138 485 2166 noster?
499 2136 540 2164 Tu
553 2145 583 2165 es
604 2135 675 2164 Deus
691 2137 738 2171 qui
757 2135 826 2165 facis
840 2137 987 2165 mirabilia.
1008 2147 1017 2163 ι

319 2184 394 2211 I‘sul.
410 2191 543 2215 Lxxxvnt.
560 2183 596 2215 9;
615 2190 726 2215 Lxxxix,
753 2183 782 2210 ll
799 2191 806 2216 ;
826 2189 870 2216 ev,
889 2183 924 2217 2;
949 2192 1016 2216 cxtt,
1043 2184 1070 2213 7.
1089 2194 1110 2222 ι)

283 2245 319 2250 -
333 2238 342 2255 ι
360 2228 461 2256 Potens
474 2236 515 2260 es,
536 2228 661 2261 Domine,
677 2231 704 2255 et
719 2229 820 2256 veritas
840 2232 887 2255 tua
908 2229 935 2256 in
952 2230 1070 2258 circuitu

283 2278 342 2305 tuo,
358 2278 410 2300 etc.
426 2273 540 2306 —Quis
555 2273 628 2299 novit
647 2276 808 2307 potestatem
827 2273 875 2300 ira:
891 2278 954 2307 tum,
967 2279 1020 2302 etc.
1037 2290 1072 2295 —

282 2321 352 2355 Quis
367 2320 495 2355 loquetur
515 2321 652 2355 potentias
672 2318 802 2347 Domini?
821 2320 940 2354 auditas,
965 2326 1019 2349 etc.
1038 2323 1078 2344 —.‘

283 2367 430 2394 Suscitans
446 2368 478 2393 de
494 2370 569 2393 terra
594 2366 716 2401 inopem,
739 2370 767 2393 et
787 2366 820 2394 de
835 2371 968 2400 stercore,
987 2377 995 2393 ι
1016 2372 1070 2396 etc.

319 2413 402 2440 Nion.
431 2421 450 2446 ι,
469 2412 495 2439 4.
513 2428 547 2432 -
563 2421 574 2438 ι
592 2412 770 2440 Comminans
790 2413 868 2444 mari,
884 2417 911 2440 et
926 2413 1071 2442 exsiccans

283 2460 362 2493 illud,
377 2463 402 2486 et
419 2458 531 2486 [lumina
554 2458 581 2486 in
597 2459 733 2486 desertum
754 2459 902 2486 deducens.
924 2469 933 2486 ι

320 2506 395 2533 Ρδαί.
410 2513 454 2538 ιι,
472 2507 523 2539 12;
547 2505 688 2532 15-22.;—
708 2514 717 2531 ι
735 2505 802 2538 Quis
814 2512 926 2533 mensus
936 2510 978 2533 est
989 2513 1071 2534 manu

281 2561 393 2590 aquam,
406 2557 434 2591 et
448 2552 559 2584 cadum,
576 2556 602 2579 et
613 2559 723 2580 omnem
740 2557 844 2579 terram
862 2553 987 2588 pugillo?
1003 2553 1071 2586 Quis

280 2598 378 2627 statuit
396 2601 503 2625 montes
518 2596 649 2632 pondere,
675 2601 701 2623 et
721 2597 809 2624 saltus
824 2597 950 2624 statera?
970 2597 1071 2627 Omnes

281 2650 379 2681 gentes
391 2645 464 2672 sicut
482 2644 556 2672 stilla
578 2643 611 2671 de
638 2643 733 2676 situla,
750 2647 778 2670 et
803 2644 882 2678 quasi
900 2649 1070 2672 momentum

280 2697 390 2718 statera:
404 2694 537 2725 reputatae
560 2693 635 2717 sunt.
651 2689 703 2723 Qui
721 2693 795 2717 tenet
811 2697 908 2725 gyrum
931 2694 1023 2724 terrae,
1044 2696 1071 2719 et

282 2737 451 2764 habitatures
468 2736 528 2771 ejus
544 2736 624 2771 quasi
640 2737 773 2763 locustas.
793 2745 801 2762 ι

319 2782 467 2815 IUL-LXVI,
489 2783 514 2810 ί.
538 2796 573 2802 -ι
600 2792 609 2808 ‹
627 2781 672 2810 Sic
688 2782 756 2809 dicit
780 2782 912 2810 Dominus
931 2791 938 2810 :
963 2782 1070 2811 leum

282 2829 347 2855 mihi
363 2829 442 2856 sedes
459 2834 509 2862 CSI,
527 2833 552 2857 et
566 2833 637 2856 terra
658 2829 808 2856 scabellum
823 2828 921 2863 pedum
934 2837 1068 2858 meorum.

1121 214 1213 241 Πάντα
1226 216 1259 242 τὰ
1275 215 1347 241 κακὰ
1359 215 1403 242 διὰ
1422 214 1558 250 γλώσσης.

1391 350 1594 377 ΣΤΟΙΧΕΙΟΝ
1608 352 1638 376 Δ.

1246 397 1339 423 ΤΙΤΛ.
1357 398 1396 424 A’.
1411 411 1445 416 —
1455 396 1525 431 Περὶ
1541 395 1694 430 δυνάμεως
1707 395 1792 424 Θεοῦ.

1159 454 1169 470 ι
1190 443 1293 480 Κύριος
1307 444 1321 469 ὁ
1335 443 1401 475 Θεός
1418 451 1465 469 σου
1485 443 1515 469 ἐν
1535 442 1588 474 σοὶ,
1603 442 1670 473 Θεὸς
1685 442 1772 477 μέγας
1786 442 1834 469 xa‘t
1850 451 1917 479 κρα-

1122 489 1210 521 ταιός.
1230 499 1239 516 ι

1160 545 1170 562 ι
1203 535 1307 571 Κύριον
1333 536 1379 563 τὸν
1410 535 1520 562 πάντων
1543 534 1683 568 Δεσπότην
1706 533 1914 568 ὲπικαλέσομαι,

1122 583 1169 609 τὸν
1196 581 1325 608 ποιοῦντα
1354 581 1460 616 μεγάλα
1486 580 1534 606 καὶ
1553 579 1755 615 ἁνεξιχνὶαστα,
1770 579 1864 614 ἓνδοξά
1884 589 1915 607 τε

1123 628 1170 655 καὶ
1183 627 1302 660 ἐξαίσια,
1316 624 1354 654 ὧν
1366 627 1416 653 οὐκ
1428 626 1503 652 ἔστιν
1515 625 1643 661 ἀριθμός.
1663 635 1672 650 ›

1163 727 1173 743 ι
1195 717 1258 744 Ἐὰν
1273 716 1425 751 καταϐάλῃ,
1448 715 1490 747 τίς
1511 714 1706 751 οἰκοδομήσεις
1729 714 1793 742 Ἐὰν
1820 713 1917 751 κλείσῃ

1124 763 1194 790 κατὰ
1210 762 1367 798 ἀνθρώπου,
1385 762 1427 793 τίς
1443 761 1564 793 rivatim;
1583 770 1591 786 I

1163 820 1171 836 ι
1193 808 1258 837 Οἶδα
1270 810 1311 836 ὅτι
1331 809 1420 836 πάντα
1431 808 1556 835 δύναται·
1571 807 1734 835 ἀδυνατεῖδέ
1749 816 1790 834 σοι
1801 807 1886 834 οὐδέν.
1905 816 1914 832 i

1163 911 1173 926 Ι
1193 900 1245 926 Τὸν
1266 899 1394 926 ποιοῦντα
1407 898 1553 930 ταπεινοὺς
1578 898 1618 929 εἰς
1643 896 1720 932 ὕψος,
1741 896 1789 923 καὶ
1811 896 1918 923 ἀπολω-

1126 946 1206 979 λότας
1223 945 1404 981 ὲξεγείροντα.
1430 954 1438 970 ι

1165 1004 1173 1019 ι
1200 993 1229 1019 '0
1256 991 1379 1019 παλαιῶν
1397 991 1459 1027 ὅρη,
1475 991 1523 1017 καὶ
1547 990 1597 1017 οὐκ
1617 989 1738 1017 οἴδασιν·
1757 990 1771 1016 ὁ
1794 989 1917 1025 στρέφων

1126 1039 1195 1066 αὐτᾶ
1211 1038 1297 1074 ὀργῇ·
1322 1038 1337 1064 ὁ
1357 1037 1437 1064 σείων
1454 1036 1503 1072 τὴν
1519 1036 1565 1062 ὑπ’
1583 1035 1713 1071 οὐρανὸν,
1733 1035 1759 1061 οἱ
1782 1035 1811 1061 δὲ
1827 1034 1917 1061 στύλοι

1126 1086 1211 1121 αὐτῆς
1240 1084 1410 1111 σαλεύονται.
1433 1083 1462 1110 '0
1485 1083 1572 1117 λέγων
1588 1082 1658 1119 ἡλίῳ
1685 1081 1724 1117 μὴ
1752 1081 1917 1112 ἀνατέλλειν,

1126 1132 1174 1160 καί
1195 1132 1247 1159 οὐκ
1268 1131 1421 1163 ἀνατέλλει,
1435 1129 1506 1157 κατὰ
1520 1129 1548 1156 δὲ
1565 1128 1673 1164 ἄστρων
1687 1128 1916 1164 κατασφραγίζει.

1132 1178 1161 1205 Ὀ
1200 1177 1317 1210 τανύσας
1343 1176 1389 1204 τὸν
1414 1175 1527 1211 οὐρανὸν
1557 1175 1658 1211 μόνος,
1684 1174 1733 1201 καὶ
1759 1172 1917 1209 περιπατῶν

1126 1224 1225 1261 χειρῶν
1255 1232 1301 1250 σου
1337 1222 1542 1258 ἐξαιρούμενος.
1577 1220 1641 1247 Ἐὰν
1673 1219 1850 1255 καταστρέψῃ
1884 1219 1918 1245 τὰ

1127 1272 1228 1304 πάντα,
1247 1270 1289 1302 τίς
1304 1270 1362 1305 ἐρεῖ
1373 1268 1458 1304 αὐτῷ,
1475 1268 1507 1295 Τί
1521 1268 1655 1303 ἐποίησας
1669 1275 1677 1300 ;
1697 1275 1707 1293 ι

1165 1369 1174 1386 ι
1194 1358 1262 1394 Παρ¹
1278 1358 1353 1394 αὐτῷ
1368 1358 1449 1393 σοφία
1468 1357 1515 1384 καὶ
1533 1356 1660 1392 δύναμις,
1673 1355 1748 1391 αὐτῷ
1765 1354 1847 1391 βουλὴ
1870 1355 1918 1382 καὶ

1126 1406 1244 1437 σύνεσις.
1278 1421 1312 1426 -
1339 1404 1407 1440 Παρ*
1423 1403 1497 1440 αὐτῷ
1522 1403 1623 1440 κράτος
1650 1403 1697 1430 καὶ
1727 1402 1813 1437 ἰσχὺς,
1844 1400 1919 1433 αὐτῷ

1125 1453 1268 1488 ἐπιστήμη
1285 1451 1333 1478 καὶ
1350 1450 1469 1482 σύνεσις.
1484 1450 1592 1483 Διάγων
1610 1447 1758 1483 βουλευτὰς
1775 1445 1918 1482 αἰχμαλώ-

1126 1507 1199 1530 τους,
1221 1497 1318 1534 κριτὰς
1342 1497 1370 1524 δὲ
1385 1496 1438 1531 γῆς
1453 1495 1596 1531 ἐξέστησε.
1619 1493 1781 1526 Καθιζάνων
1798 1492 1918 1527 βασιλεῖς

1128 1545 1176 1571 ἐπὶ
1193 1544 1306 1580 θρόνων,
1329 1543 1377 1569 καὶ
1396 1541 1558 1577 περιέδησεν
1580 1540 1669 1575 ζώνην
1691 1538 1796 1573 ὀσφύας
1815 1537 1917 1565 αὐτῶν.

1134 1588 1353 1623 Ἐξαποστέλλων
1367 1587 1449 1622 ἱερεῖς
1461 1585 1663 1621 αἰχμαλώτους,
1674 1583 1807 1614 δυνάστας
1822 1582 1850 1609 δὲ
1865 1582 1918 1616 γῆς

1128 1636 1285 1671 ἐξέστησεν.
1306 1634 1426 1669 Ἐκχέων
1441 1632 1553 1667 ἀτιμίας
1565 1631 1611 1659 ἐπ’
1623 1631 1767 1668 ἄρχοντας,
1785 1628 1919 1656 ἀνακαλύ-

1129 1692 1204 1710 πτων
1219 1682 1305 1718 βαθέα
1325 1683 1357 1708 ἐκ
1369 1681 1493 1713 σκότους.
1516 1690 1525 1706 ι

1164 1786 1174 1802 ι
1193 1775 1276 1808 Τόξον
1299 1772 1421 1800 δυνατῶν
1448 1771 1596 1807 ἢσθένησε,
1618 1770 1665 1797 καὶ
1687 1769 1711 1796 οἱ
1738 1767 1917 1799 ἀσθενοῦντες

1127 1821 1332 1857 περιεσώσαντο
1354 1819 1480 1854 δύναμιν.
1502 1818 1605 1857 Κλύριος
1622 1815 1753 1851 πτωχίζει
1770 1815 1817 1841 καὶ
1833 1813 1916 1840 πλου-

1126 1867 1207 1901 τίζει,
1221 1864 1343 1894 ταπεινοῖ
1356 1865 1404 1892 καὶ
1419 1855 1531 1900 ἀνυψοῖξ
1545 1874 1555 1891 ι
1571 1863 1618 1890 καὶ
1632 1862 1666 1889 τὰ
1682 1861 1775 1888 λοιπά.

1166 1966 1174 1983 ι
1190 1957 1226 1983 Σὺ
1243 1955 1358 1992 φοϐερὸς
1372 1952 1409 1988 εἴ,
1424 1955 1474 1982 καὶ
1491 1954 1534 1986 τίς
1550 1951 1743 1989 ἀντιστήσεται
1765 1945 1824 1984 σοις
1843 1960 1851 1976 ι
1868 1950 1916 1976 καὶ

1126 2003 1161 2031 τὰ
1174 2003 1265 2030 λοιπά.
1287 2011 1296 2029 ‹
1315 2001 1419 2033 Πάντες
1434 2001 1458 2028 οἱ
1472 2000 1565 2036 κύκλῳ
1580 1999 1663 2027 αὑτοῦ
1678 2000 1781 2026 οἴσουσι
1794 1998 1878 2033 δῶρα,
1903 2006 1912 2021 ι

1125 2051 1174 2078 καὶ
1188 2050 1223 2077 τὰ
1238 2049 1330 2076 λοιπά.

1165 2106 1173 2122 ι
1195 2095 1243 2127 Τίς
1258 2095 1324 2126 Θεὸς
1341 2095 1439 2130 μέγας,
1459 2094 1497 2125 ὡς
1511 2092 1578 2125 Θεὸς
1593 2091 1686 2128 ἡμῶνς
1701 2091 1734 2118 σὺ
1751 2091 1775 2118 εἰ
1794 2091 1808 2117 ὁ
1821 2089 1887 2121 Θεὸς
1900 2089 1916 2115 ὁ

1127 2142 1212 2169 ποιῶν
1226 2142 1376 2177 θαυμάσια.
1402 2151 1411 2167 i

1162 2198 1171 2215 t
1192 2189 1308 2221 Δυνατδς
1333 2186 1367 2221 εἴ,
1391 2187 1488 2224 Κύριε,
1515 2187 1563 2214 καὶ
1586 2187 1602 2222 ἡ
1627 2185 1741 2221 ἀλήθειά
1761 2194 1807 2212 σου
1821 2183 1916 2218 κύκλῳ

1127 2244 1184 2268 σου,
1204 2245 1214 2262 ι
1229 2236 1276 2262 καὶ
1287 2235 1320 2261 τὰ
1329 2235 1422 2262 λοιπά.
1437 2249 1469 2254 -
1485 2244 1495 2260 (
1513 2234 1562 2266 Τίς
1571 2233 1740 2268 γινώσκειτδ
1752 2232 1851 2267 κράτος
1865 2231 1916 2266 τῆς

1126 2281 1211 2318 ὀργῆς
1227 2289 1288 2315 σου;
1309 2290 1318 2306 ι
1332 2295 1368 2301 -—
1393 2290 1402 2306 ι
1421 2279 1470 2312 Τίς
1492 2280 1604 2315 λαλήσει
1621 2279 1671 2311 τὰς
1684 2278 1842 2308 δυναστείας
1856 2278 1915 2303 Κυ-

1127 2328 1204 2363 ρίου;
1222 2327 1368 2361 ἀκουστὰς,
1397 2335 1406 2353 ι
1425 2327 1473 2354 καὶ
1496 2326 1532 2353 τὰ
1550 2325 1642 2353 λοιπά.
1658 2341 1694 2345 ——-
1713 2334 1723 2350 ε
1747 2325 1775 2351 Ὀ
1799 2324 1916 2358 ἐγείρων

1125 2375 1180 2402 ἀπὸ
1195 2375 1245 2410 γῆς
1262 2373 1380 2409 πτωχὸν,
1393 2373 1441 2400 καὶ
1456 2373 1511 2400 ἀπὺ
1520 2372 1648 2407 κοπριας,
1668 2380 1678 2397 ι
1697 2371 1745 2398 καὶ
1764 2370 1798 2397 τὰ
1822 2369 1913 2397 λοιπά.

1164 2430 1173 2447 ι
1205 2418 1337 2447 Ἀπειλῶν
1361 2419 1494 2456 Θαλάσσῃ,
1521 2420 1568 2446 καὶ
1592 2418 1726 2455 ξηραίνων
1746 2417 1840 2453 αὐτὴν,
1869 2417 1916 2443 καὶ

1126 2467 1231 2500 πάντας
1244 2466 1307 2498 τοὺς
1322 2466 1462 2501 ποταμοὺς
1481 2465 1631 2502 ἐξερημῶν.
1652 2474 1661 2491 ι
1855 2483 1864 2492 ι

1165 2522 1174 2540 ε
1193 2513 1240 2545 Τις
1251 2513 1388 2549 ὲμέτρησε
1408 2514 1442 2548 τῇ
1457 2513 1530 2548 χειρὶ
1552 2512 1583 2540 τὸ
1608 2511 1690 2548 ὕδωρ,
1708 2511 1756 2538 καὶ
1770 2510 1814 2536 τὸν
1831 2510 1918 2544 οὐρα-

1126 2561 1181 2594 νὸν,
1200 2561 1247 2587 καὶ
1264 2561 1355 2587 πᾶσαν
1379 2559 1429 2595 τὴν
1449 2560 1500 2595 γῆν
1522 2558 1620 2594 opimi;
1644 2557 1686 2589 τις
1703 2557 1798 2592 ἔστησε
1814 2556 1848 2582 τὰ
1863 2556 1916 2591 ὅρη

1126 2606 1250 2642 σταθμῷ,
1269 2606 1316 2632 καὶ
1335 2606 1385 2638 τὰς
1401 2607 1491 2637 νάπας
1508 2604 1599 2639 ζυγῷς
1620 2604 1714 2630 Πάντα
1736 2602 1770 2629 τὰ
1789 2601 1853 2636 ἓονη
1877 2602 1917 2632 ὡς

1126 2651 1234 2687 σταγὼν
1250 2652 1304 2679 ἀπὸ
1315 2652 1409 2684 κάδον,
1421 2652 1468 2679 καὶ
1481 2652 1519 2683 ὡς
1533 2651 1606 2687 ῥοπὴ
1621 2649 1705 2685 ζυγοῦ
1722 2648 1915 2683 ἐλογίσθησαν.

1131 2696 1161 2722 '0
1176 2695 1299 2731 κατέχων
1312 2696 1358 2722 τὸν
1378 2695 1463 2731 γῦρον
1478 2697 1528 2730 τῆς
1544 2695 1606 2731 γῆς,
1625 2695 1745 2726 καὶτοὺς
1757 2693 1919 2720 κατοικοῦν-

1124 2750 1174 2773 τας
1186 2741 1215 2768 ὲν
1228 2743 1296 2778 αὐτῇ
1315 2742 1382 2769 ὡσεὶ
1397 2742 1521 2777 ἀκρίδας.
1540 2751 1548 2767 ι

1164 2796 1173 2813 ι
1194 2787 1289 2820 Οὕτως
1302 2787 1376 2823 λέγει
1394 2787 1496 2824 Κύριος
1505 2796 1511 2803 ·
1520 2788 1549 2814 '0
1558 2787 1672 2823 οὐρανός
1683 2795 1728 2822 μοι
1741 2785 1846 2821 θρόνος,
1858 2786 1875 2820 ἡ
1888 2785 1920 2812 δὲ

1126 2834 1161 2869 γῆ
1174 2834 1319 2861 ὑποπόδιον
1334 2835 1387 2862 τῶν
1405 2834 1492 2870 ποδῴν
1512 2843 1573 2869 μου.
1592 2834 1670 2860 Ποῖον
1685 2831 1758 2861 οἷκον
1771 2831 1919 2869 οἰκοδομή-
