2074 3115
204 110 268 144 1349

829 109 947 139 SACIIA
967 110 1064 140 PARA
1072 109 1201 139 LLELA.

1763 108 1834 143 1350

200 169 261 196 me
278 177 334 204 μοι,
362 167 378 203 ἢ
408 167 483 198 ποῖος
507 166 586 198 τόπος
606 166 654 201 τῆς
683 166 882 197 καταπαύσεώς
914 175 986 200 pm;

1044 167 1132 199 Quam
1149 167 1261 192 domum
1278 164 1452 192 reditu-abitis
1469 165 1548 198 mihi,
1571 169 1598 192 et
1620 166 1683 201 quis
1701 166 1777 195 locus
1792 176 1833 196 rc-

201 215 292 242 Πάντα
310 214 364 249 γὰρ
380 213 466 240 ταῦτα
491 212 619 247 ἐποίησεν
642 214 658 247 ή
684 212 744 247 χείρ
768 220 830 247 μου,
853 212 900 238 καὶ
916 212 990 238 ἔστιν

198 261 254 297 ἐμὰ
266 260 354 286 ταῦτα
371 259 470 290 πάντα,
486 258 562 292 λέγει
577 257 690 293 Κύριος.
711 267 720 283 ι

235 315 248 334 τ
267 306 298 333 '0
313 305 522 341 λυτρωσάμενος
546 304 644 336 αὐτοὺς
665 303 785 339 ἰσχυρὸς,
799 303 902 339 Κύριος
919 311 990 329 παν-

198 352 340 389 τοκράτωρ
351 351 436 386 ὕνομα
450 349 534 384 αὐτῷ.
554 358 563 375 ι

237 408 246 424 ι
266 398 371 429 Πάντες
388 397 414 424 οἱ
434 395 628 426 κατοικοῦντες
644 395 693 430 τὴν
708 395 772 430 γῆν,
790 395 827 426 ὡς
840 396 918 423 οὐθὲν
932 396 991 423 ἐλο-

199 445 343 479 γίσθησαν,
362 443 409 470 καὶ
430 443 480 469 οὐκ
501 442 575 468 ἔστιν
599 441 629 473 ὃς
655 442 832 477 ἐπιστήσεται
858 444 891 478 τῇ
918 443 990 478 χειρὶ

197 491 293 523 αὐτοῦ,
310 490 358 517 καὶ
372 490 440 522 ἐρεῖ,
455 488 487 516 Τί
503 489 651 524 ἐποίησας;
673 497 683 514 ι

236 545 246 562 ‹
267 535 304 561 Τὸ
316 535 441 570 μεγάλως
459 533 560 569 ἰσχύειν
583 533 701 569 πάρεστε
725 542 765 560 σοι
794 534 920 566 πάντοτε,
942 535 990 561 καὶ⁵

200 581 295 616 κράτει
315 579 459 616 βραχίονός
486 588 533 606 σου
555 579 598 611 τίς
615 579 825 614 ἀντιστήσεται;
852 580 897 611 Ὠς
918 581 989 616 ῥοπὴ

199 627 231 652 ἐκ
244 626 419 660 πλαστίγγων
433 625 492 657 ὅλος
511 625 525 651 ὁ
543 624 646 660 κόσμος
663 625 786 652 ἐναντίον
805 634 863 652 σου.
890 626 990 658 Ἑλεείς

198 672 227 698 δὲ
243 673 357 705 πάντας,
372 672 413 697 ὅτι
428 671 518 698 πάντα
530 671 656 698 δύνασαι.
677 680 687 697 ι

236 774 245 789 ι
271 764 303 789 Ἦ
321 763 398 798 ἰσχὺς
417 770 464 789 σου
479 762 654 797 δικαιοσύνης
673 763 755 798 ἁρχὴ,
774 763 822 790 καὶ
837 763 867 790 τὸ
880 764 991 792 πάντων

200 818 230 836 σε
245 808 396 842 δεσπόζειν,
411 809 521 835 πάντων
538 808 678 843 φείδεσθαί
693 817 723 835 σε
739 810 819 836 ποιεῖ.
842 819 851 836 ι

233 906 244 924 ε
262 899 325 930 Τοῖς
338 898 479 934 κραταιοῖς
492 897 591 933 ισχυρὰ
607 898 752 932 ἐφίσταται
765 898 872 934 ἔρευνα.
889 915 922 920 ——
936 899 992 936 Τὴν

201 943 250 979 σὴν
266 945 345 980 χεῖρα
359 944 490 978 ἐκφυγεῖν
509 943 649 971 ἀδύνατον.
670 952 679 969 ι

236 1042 246 1058 ‹
265 1033 314 1065 Τίς
327 1033 386 1069 ἐρεῖ
401 1041 453 1066 σοι,
469 1033 504 1060 τι
526 1033 677 1070 Emi-quq;
693 1035 710 1070 ἢ
736 1035 778 1067 τίς
799 1035 992 1072 ἀντιστήσεται

199 1079 238 1114 τῷ
255 1079 368 1114 κρίματι
383 1087 447 1111 σου;
464 1088 473 1104 ›

238 1134 247 1149 ι
267 1124 384 1159 Φοῦερὸς
407 1124 521 1160 Κύριος,
541 1124 589 1151 καὶ
606 1124 710 1161 σφόδρα
734 1125 832 1161 μέγας,
853 1127 901 1153 καὶ
925 1127 991 1153 θαυ-

201 1171 318 1206 μαστὴή
333 1170 479 1197 δυναστεία
494 1170 589 1197 αὑτοῦ.
606 1180 616 1197 ι

241 1259 270 1285 ὐ
285 1259 376 1295 φέρων
391 1259 426 1286 τὰ
449 1259 539 1287 πάντα
555 1259 658 1295 ῥήματι
672 1260 722 1296 τῆς
735 1261 880 1297 δυνάμεως
893 1261 990 1294 αὐτοῦ,

201 1305 247 1332 καὶ
273 1305 311 1341 μὴ
331 1305 498 1340 σωματικῶς
515 1306 646 1340 ἐνεργῶν,
673 1307 740 1342 μηδὲ
762 1308 938 1343 χειρουργίας
953 1308 993 1339 εἰς

200 1352 249 1387 τὴν
288 1351 469 1386 δημιουργίαν
506 1352 691 1387 ἐπιδεόμενος,
727 1353 795 1380 ἀλλὰ
840 1353 992 1389 βουλήματι

200 1396 324 1432 ἀδιάστῳ
343 1396 545 1424 ἀκολουθοῦσαν
563 1397 632 1433 ἔχων
652 1398 702 1434 τὴν
727 1398 809 1434 φύσιν
832 1399 888 1426 τῶν
916 1407 992 1433 γινο-

202 1442 300 1477 μένων.
321 1442 458 1469 σ-Ὂπου
486 1442 552 1475 Θεὸς
577 1444 713 1478 βούλεται,
741 1446 852 1473 νικᾶται
885 1446 992 1480 φύσεως

200 1487 287 1521 τάξις.
309 1488 462 1524 Ἦεῖουλήθη
477 1488 542 1525 γὰρ,
561 1490 607 1516 καὶ
621 1489 754 1526 ἠδυνήθη.

237 1575 349 1607 Φύσεως
366 1576 498 1611 κρείττων
518 1578 532 1604 6
545 1577 622 1610 Θεὸς,
640 1578 688 1604 καὶ
704 1579 771 1614 παρ’
791 1579 873 1606 αὑτοῦ
899 1580 930 1606 τὸ
948 1580 992 1607 οέ-

201 1621 269 1656 λειν,
282 1623 324 1650 ὅτι
337 1622 438 1657 ἁγαθός
450 1624 520 1657 ἐστι,
535 1624 583 1652 καὶ
602 1624 633 1651 τὸ
652 1625 795 1658 δύνασθαι,
810 1627 852 1652 ὅτι
867 1626 990 1660 δυνατὸς,

202 1669 249 1697 καὶ
264 1669 294 1696 τὸ
310 1669 467 1696 ἐπιτελέσαι
478 1670 519 1696 ὅτι
533 1669 659 1706 εὔπορος.
673 1686 708 1691 -
720 1671 801 1706 Λέγω
815 1672 889 1706 ὑμῖν,
906 1672 947 1698 ὅτι
960 1673 992 1699 ἐκ

201 1715 256 1741 τῶν
269 1714 351 1742 λίθων
364 1714 480 1747 τούτων,
502 1715 627 1742 τουτέστι
652 1715 706 1743 τῶν
729 1716 914 1752 λατρευόντων
935 1718 992 1748 τοῖς

201 1760 296 1794 λίθοις,
312 1760 424 1788 δύναται
443 1761 458 1787 6
476 1760 543 1792 Θεὸς
557 1762 662 1798 ἐγεῖραι
689 1761 775 1789 τέκνα
796 1762 835 1797 τῷ
854 1762 991 1797 Ἁϐραάμ..

202 1865 292 1892 ἸΙΤΛ,
313 1863 350 1891 Β¹.
369 1864 438 1898 Περὶ
454 1864 647 1899 δημιουργίας
658 1864 749 1891 Θεοῦ·
766 1864 817 1892 καὶ
837 1865 882 1892 ὅτι
901 1864 992 1893 οὐδὲν

401 1899 468 1934 εἰκῆ
481 1899 586 1935 γέγονε
600 1899 669 1934 παρ’
683 1899 787 1927 αὐτοῦ.

241 1956 251 1972 ι
268 1945 344 1973 Εἷδεν
363 1947 378 1974 6
390 1946 457 1978 Θεὸς
483 1945 518 1972 τὰ
545 1945 635 1972 πάντα
658 1946 710 1977 ὅσα
735 1946 860 1982 emines,
874 1947 922 1974 καὶ
938 1946 993 1974 ἰδοὺ

202 1992 274 2020 καλὰ
288 1992 358 2019 λίαν.
381 2001 392 2018 ι

239 2048 250 2064 ί
268 2039 306 2074 Σή
317 2039 392 2065 ἐστιν
409 2039 425 2073 ὴ
444 2035 545 2074 ἡμέρα,
560 2037 607 2064 καὶ
627 2038 659 2073 σή
671 2037 746 2065 ἐστιν
760 2038 778 2074 ή
790 2037 839 2071 νύξ
851 2045 858 2052 ”
875 2038 909 2065 σὺ
926 2047 994 2066 κατ-

203 2085 319 2120 ἡρτισας
351 2084 451 2118 φαῦσιν
467 2084 514 2110 καὶ
529 2084 621 2119 ἧλιονυ
647 2083 680 2111 σὺ
705 2083 836 2119 ἐποίησας
851 2084 939 2111 πάντα
958 2084 993 2112 τὰ

202 2132 263 2166 ὅρια
277 2130 327 2165 τῆς
340 2129 402 2165 γῆς.
421 2139 430 2156 ι

1042 212 1193 247 quietionis
1209 211 1297 238 meas?
1312 211 1409 237 Omnia
1435 211 1508 237 enim
1526 211 1590 238 fecit
1605 220 1704 240 manus
1720 220 1791 245 mea,
1804 217 1833 241 et

1041 258 1133 285 omnia
1152 258 1208 284 luce
1222 263 1281 284 mea
1300 261 1376 289 sunt,
1390 257 1458 284 dicit
1475 257 1618 285 Dominus.
1637 267 1648 284 ι

1075 303 1173 331 Ιρνειη.
1191 312 1217 336 ι..
1235 303 1331 330 54.-‹
1348 302 1512 337 Redemptor
1530 311 1624 331 eorum
1635 303 1725 336 fortis,
1739 300 1833 332 Domi-

1041 358 1094 377 nus
1107 349 1278 376 exercituum
1293 355 1394 376 nomen
1410 349 1481 383 ejus.
1502 358 1510 374 ι

1076 394 1146 422 Dan.
1163 402 1199 427 Iv,
1215 393 1260 421 '52.
1281 408 1313 413 —
1331 402 1340 419 ι
1359 394 1462 421 Omnes
1478 393 1649 421 habitatores
1663 400 1742 422 terra:
1758 395 1832 429 apud

1040 448 1102 468 eum
1129 442 1156 467 in
1181 440 1300 467 nihilum
1317 439 1434 473 reputati
1455 443 1538 472 sunt;
1552 445 1579 466 et
1594 447 1647 466 non
1665 441 1767 475 estqui
1790 447 1832 468 re-

1040 487 1120 514 sistat
1133 487 1226 514 manui
1242 486 1341 520 ipsius,
1357 491 1383 512 et
1398 485 1473 512 dicat
1490 487 1514 513 ei
1532 495 1539 513 :
1554 485 1624 519 Quid
1638 487 1748 514 fecisti?
1762 497 1770 512 ι

1076 532 1139 566 Sap.
1157 541 1195 564 ιι,
1213 531 1257 558 2-3.
1270 547 1304 552 -
1315 540 1324 556 ι
1340 531 1456 557 Multum
1471 531 1563 558 valere
1577 532 1625 559 tibi
1640 533 1690 559 soli
1706 538 1834 567 superest

1040 586 1147 613 seraper
1164 587 1171 606 :
1187 581 1215 605 et
1231 577 1325 604 virtuti
1341 577 1448 604 brachii
1469 578 1506 604 lui
1525 578 1586 610 quis
1602 579 1736 606 resistet?
1761 578 1833 606 Tau-

1039 631 1122 658 quam
1141 627 1308 650 momentum
1336 626 1455 654 statur-rc.
1484 623 1524 650 sic
1544 628 1586 650 est
1614 629 1677 651 ante
1706 629 1731 651 te
1756 625 1833 652 orbis

1040 674 1188 696 terrarum.
1210 669 1348 696 Miseret-is
1362 673 1456 696 autem
1475 669 1612 701 omnium,
1628 670 1760 704 quoniam
1772 677 1833 698 οιιι-

1040 715 1085 742 nia
1100 721 1188 749 poles.
1206 724 1215 740 ι

1075 760 1140 795 Snp.
1160 769 1210 792 xu.
1236 760 1280 787 16.
1297 776 1332 781 --
1351 769 1361 785 ι
1383 759 1478 788 Virtus
1499 764 1557 793 tua,
1579 760 1694 795 iustitia
1724 760 1833 788 initium
1855 771 1859 782 ι

1040 810 1092 837 est,
1107 810 1134 832 et
1153 805 1226 840 quod
1237 806 1360 833 omnium
1375 805 1505 833 dominus
1519 805 1568 838 sis,
1582 809 1609 832 te
1621 813 1734 840 parcere
1745 807 1832 833 omni-

1006 845 1027 875 Β
1041 851 1093 878 bus
1110 851 1184 878 facit.
1204 861 1214 877 ι

1078 896 1144 930 Sap.
1162 905 1200 928 \‘t,
1216 897 1250 931 9;
1268 897 1379 929 xvr,15.
1395 912 1427 917 ——
1448 906 1457 924 ι
1474 896 1636 924 Potentibus
1653 896 1732 924 fortis
1748 897 1834 924 instat

1043 943 1222 970 examinatio.
1238 958 1270 962 —
1297 943 1407 970 Manum
1430 947 1505 970 tuam
1525 942 1646 977 eﬂ’ugerc
1662 942 1834 977 impossibile

1043 993 1095 1016 est.
1112 998 1123 1014 ι

1079 1034 1144 1068 Sap.
1158 1041 1206 1063 xu,
1224 1033 1267 1060 I9.
1286 1049 1321 1053 —
1337 1043 1347 1060 ι
1365 1033 1432 1066 Quis
1451 1034 1524 1061 dicet
1535 1034 1583 1061 tibi
1600 1042 1607 1061 :
1622 1033 1694 1066 Quid
1723 1035 1836 1062 fecisti?

1044 1083 1090 1105 aut
1104 1080 1167 1113 quis
1180 1079 1263 1106 stabit
1281 1085 1377 1106 contra
1390 1079 1525 1114 judicium
1540 1079 1638 1106 tuum?
1658 1089 1668 1105 ι

1080 1124 1164 1151 Eccli.
1192 1132 1269 1158 uni,
1293 1126 1338 1153 5|.
1363 1141 1397 1146 —
1428 1134 1438 1150 ι
1457 1125 1601 1153 Terribilis
1636 1126 1780 1158 Dominus,
1808 1131 1836 1153 et

1043 1177 1160 1204 magnus
1200 1170 1399 1204 vehementer,
1438 1174 1466 1198 et
1500 1170 1675 1199 admirabilis
1712 1173 1834 1206 potentia

1044 1217 1142 1252 ipsius.
1167 1225 1176 1242 ι

1080 1261 1166 1289 Basil.
1182 1261 1214 1289 de
1225 1261 1321 1296 Spiril.
1342 1261 1372 1290 S.
1388 1270 1447 1296 cap.
1461 1261 1487 1289 8.
1506 1276 1541 1281 -—
1558 1262 1610 1295 Qui
1632 1266 1722 1297 portat
1742 1263 1836 1290 omnia

1044 1309 1128 1336 verbo
1148 1309 1256 1336 virtutis
1273 1316 1341 1340 suae.
1357 1316 1408 1336 nec
1432 1315 1580 1342 corporum
1602 1316 1679 1335 more
1693 1313 1834 1342 operatur,

1044 1362 1095 1382 nec
1128 1362 1260 1382 manuum
1293 1361 1376 1389 opera
1412 1353 1450 1381 ad
1485 1362 1577 1381 rerum
1617 1354 1835 1389 procreationem

1044 1408 1114 1436 opus
1137 1401 1241 1434 habet;
1257 1400 1304 1427 sed
1331 1404 1481 1434 spontanea
1498 1400 1639 1428 voluntate
1665 1400 1837 1435 subsequen-

1044 1450 1100 1473 tem
1118 1445 1201 1472 habet
1217 1453 1309 1472 rerum
1332 1453 1393 1480 quae
1416 1445 1484 1472 fiunt
1499 1450 1637 1473 naturam.
1648 1461 1683 1466 —
1698 1444 1748 1472 Ubi
1765 1445 1838 1473 Deus

1044 1491 1113 1523 vult,
1130 1491 1198 1518 ordo
1215 1494 1315 1518 natura
1328 1489 1570 1525 superatur.Quod
1584 1491 1658 1518 enim
1670 1490 1767 1524 voluit,
1783 1490 1837 1518 hoc

1044 1536 1146 1571 potuit.

1080 1581 1154 1608 Ινωι.
1171 1581 1216 1608 lib.
1233 1589 1263 1614 ιι,
1280 1589 1304 1608 c.
1319 1581 1408 1608 5I.——
1419 1580 1493 1608 Deus
1517 1584 1617 1608 natura
1636 1580 1772 1607 valentior
1795 1584 1838 1608 est

1043 1630 1127 1662 atque
1137 1627 1209 1661 apud
1225 1633 1288 1653 eum
1300 1630 1344 1660 est
1356 1625 1436 1658 velle,
1448 1625 1512 1660 quia
1529 1624 1618 1652 bonus
1628 1629 1687 1658 est;
1702 1629 1729 1651 ct
1743 1632 1838 1660 posse.

1043 1672 1110 1708 quia
1126 1675 1224 1707 potens
1239 1675 1301 1704 est;
1314 1675 1342 1698 ct
1357 1672 1502 1706 perlicere,
1518 1671 1581 1706 quia
1596 1671 1688 1698 omnia
1702 1671 1728 1699 ei
1744 1670 1839 1699 facilia

1043 1722 1119 1746 sunt.
1135 1717 1247 1745 —-JDico
1270 1717 1360 1749 vobis,
1385 1717 1448 1753 quia
1462 1725 1495 1745 ex
1514 1716 1664 1751 lapidibus.
1680 1717 1732 1744 hoc
1745 1722 1788 1745 est
1803 1725 1837 1745 ex

1044 1764 1078 1792 iis
1094 1764 1139 1800 qui
1159 1763 1265 1799 lapides
1288 1763 1395 1795 colunt,
1417 1767 1507 1798 potest
1523 1762 1595 1790 Deus
1611 1763 1749 1791 suscitare
1767 1763 1838 1791 ﬁlios

1044 1810 1170 1838 Abrahae.

1046 1866 1114 1895 'I'l'l‘.
1130 1866 1162 1895 ll.
1175 1881 1210 1886 —
1229 1865 1313 1902 424
1332 1865 1368 1902 De
1391 1865 1526 1902 creatione
1543 1870 1568 1892 et
1587 1865 1694 1902 opiﬁrjo
1713 1865 1761 1892 Dei
1780 1873 1790 1892 :
1812 1869 1838 1892 ει

1173 1900 1324 1936 ιμιοάίιὶΙῐὶι
1340 1901 1443 1935 {rustra
1459 1901 1559 1935 [uelum
1572 1901 1606 1927 sit
1624 1909 1641 1927 a
1655 1900 1721 1928 Deo.

1080 1947 1145 1975 Gen.
1165 1956 1184 1979 I,
1196 1947 1241 1975 51.
1254 1962 1289 1967 --
1309 1955 1319 1972 ι
1343 1945 1418 1974 Vidit
1434 1946 1505 1974 Deus
1529 1951 1629 1974 cuncta
1644 1953 1706 1982 qua:
1721 1945 1836 1978 fecerat,

1043 1998 1072 2022 et
1082 2002 1146 2022 ecce
1159 1994 1240 2022 valde
1252 1994 1333 2021 bona.
1352 2003 1362 2019 ι
1403 2011 1408 2013 -

1079 2041 1156 2068 Psat.
1174 2048 1272 2072 Lxxni,
1291 2040 1336 2067 16.
1354 2056 1387 2060 -
1406 2049 1415 2066 ι
1436 2039 1513 2067 Tuus
1532 2043 1574 2067 est
1595 2039 1666 2071 dies,
1683 2043 1711 2067 et
1733 2044 1778 2066 tua
1794 2043 1837 2066 est

1044 2096 1100 2117 nox
1114 2097 1121 2115 :
1138 2092 1167 2115 tu
1187 2087 1336 2115 fabricatus
1350 2093 1381 2114 es
1397 2092 1526 2113 auroram
1537 2089 1565 2113 ct
1580 2085 1665 2113 solem
1681 2094 1688 2112 :
1707 2089 1734 2112 tu
1747 2084 1837 2112 fecisti

1044 2142 1140 2162 omnes
1151 2133 1286 2161 terminos
1305 2136 1398 2160 terrae.
1417 2141 1426 2157 ι
1632 2132 1638 2134 “

241 2186 251 2203 ε
268 2176 313 2203 Σοί
332 2177 401 2202 εἰσιν
416 2176 441 2202 οἱ
459 2175 582 2211 οὐρανοὶ,
606 2176 654 2202 καὶ
679 2176 713 2211 σή
737 2177 810 2203 ἐστιν
830 2177 844 2212 ἡ
866 2176 901 2212 γῆ
915 2186 922 2192 ·
943 2177 991 2213 τὴν

1081 2179 1157 2207 Psat.
1170 2186 1303 2212 unvnr,
1329 2178 1383 2211 12;
1407 2184 1478 2211 χειν,
1491 2177 1518 2204 5.
1532 2192 1567 2197 ——
1583 2185 1592 2202 ι
1611 2175 1663 2203 Tui
1679 2180 1746 2204 sunt
1761 2177 1838 2209 cwli,

202 2223 378 2258 οἰκουμένην,
395 2223 441 2249 καὶ
463 2222 493 2249 τὸ
524 2221 769 2257 πλήρωμαάὑτῆς
789 2222 820 2248 σὺ
842 2222 987 2257 ἐθεμελίω-

204 2278 264 2301 σας.
281 2284 310 2288 -
323 2267 410 2295 Αὑτοῦ
421 2268 496 2294 ἐστιν
508 2268 526 2302 ἡ
542 2267 677 2299 Θάλασσα,
696 2267 743 2294 κα)⁸
762 2267 844 2299 αὐτὸς
863 2267 992 2303 ἐποίησεν

203 2318 298 2353 αὐτήν,
317 2326 327 2342 ι

240 2373 250 2390 ι
277 2364 321 2396 Ὧς
334 2363 508 2399 ἐμεγαλύνθη
526 2361 560 2389 τὰ
583 2361 652 2398 ἔργα
667 2369 726 2395 σου,
742 2360 843 2396 Κύριεῑ
860 2361 948 2389 πάντα
963 2361 993 2389 ἐν

205 2410 285 2445 σοφίᾳ
301 2411 444 2445 ἐποίησας.
460 2419 470 2436 ι

243 2465 252 2482 ι
277 2456 347 2490 Ἐγὼ
362 2456 464 2491 Κύριος
484 2456 498 2482 6
514 2454 589 2486 Θεὸς,
609 2454 623 2480 6
636 2453 845 2486 κατασκευάσας
861 2453 930 2488 φῶς,
945 2453 991 2480 καὶ

204 2503 322 2537 ποιήσας
343 2502 448 2534 σκότος.
469 2500 540 2536 Ἐγὼ
562 2500 677 2535 ἐποίησα
703 2500 755 2535 γῆν
776 2499 825 2526 καὶ
850 2499 995 2535 ἄνθρωπον

204 2549 249 2576 ἐπ’
271 2548 365 2584 αὐτῆς.
385 2548 457 2582 Ἐγὼ
470 2549 506 2583 τῇ
520 2546 592 2583 χειρί
618 2546 842 2583 pou-inspiciat:
854 2545 900 2574 τὸν
912 2546 993 2582 οὐρα-

203 2594 258 2622 νόν.
271 2603 283 2619 ι

241 2650 251 2667 ι
269 2639 382 2675 Πνεῦμα
407 2640 474 2675 παρ’
495 2640 562 2675 ἐμοῦ
578 2639 762 2673 ἐξελεύσεται,
778 2638 827 2666 καὶ
840 2639 924 2674 πνοὴν
940 2639 994 2666 πᾶ-

205 2696 254 2716 σαν
270 2685 326 2721 ἐγὼ
338 2685 466 2721 ἐποίησα.
487 2694 499 2712 ι

241 2744 250 2761 ‹
271 2733 375 2769 Κύριος
392 2733 406 2759 ὁ
422 2731 508 2758 ποιῶν
524 2732 576 2768 γῆν
591 2732 621 2758 ἐν
634 2733 668 2767 τῇ
685 2730 759 2766 ἰσχύῖ
773 2729 869 2762 αὑτοῦ,
884 2730 995 2765 ἑτοιμά-

203 2782 258 2813 ζων
274 2780 324 2815 τὴν
340 2779 504 2814 οἱκούμενην
519 2779 549 2806 ἐν
568 2779 601 2813 τῇ
621 2777 701 2813 σοφίᾳ
717 2777 812 2811 αὐτοῦ,
838 2775 885 2804 καὶ⁴
910 2777 940 2803 ὲν
960 2778 994 2812 τῇ

204 2828 312 2854 συνέσει
331 2826 414 2854 αὑτοῦ
437 2825 554 2859 ἐξέτεινε
579 2824 624 2851 τὸν
649 2823 774 2859 οὐρανὸν,
801 2823 849 2849 καὶ
871 2823 993 2858 ἀνήγαγε

1043 2229 1071 2252 et
1088 2229 1134 2252 tua
1147 2229 1189 2253 est
1201 2228 1274 2252 terra
1290 2233 1297 2251 :
1315 2223 1409 2251 orbem
1426 2227 1505 2250 terra:
1519 2226 1547 2250 et
1560 2221 1759 2257 plenitudinem
1775 2224 1842 2256 ejus

1043 2275 1074 2299 tu
1089 2270 1263 2299 fundasti.——
1274 2269 1364 2304 Ipsius
1377 2273 1419 2297 est
1433 2276 1519 2301 mare,
1532 2272 1559 2296 et
1577 2269 1635 2304 ipse
1652 2268 1718 2296 fecit
1733 2268 1809 2296 illud.
1825 2278 1839 2294 ν

1080 2360 1223 2392 Ριαι.ειιι,
1234 2359 1281 2387 24.
1297 2374 1331 2379 -—-
1350 2368 1360 2384 ε
1376 2357 1464 2391 Quam
1480 2357 1656 2392 magnificam
1671 2360 1740 2384 sunt
1753 2363 1840 2390 opera

1044 2411 1103 2441 tua,
1123 2406 1249 2434 Domini!
1266 2405 1359 2434 omnia
1371 2405 1399 2433 in
1416 2404 1552 2435 sapientia
1570 2403 1672 2431 fecisti.
1692 2411 1703 2429 ι

1080 2453 1139 2481 Im.
1156 2460 1217 2484 ην,
1237 2452 1317 2479 7-12.
1334 2466 1369 2472 —
1383 2460 1393 2477 ι
1410 2450 1467 2485 Ego
1483 2449 1615 2477 Dominus
1628 2448 1699 2476 Deus
1713 2448 1839 2476 formans

1044 2499 1148 2532 lucem,
1162 2503 1190 2526 et
1205 2497 1311 2525 faciens
1327 2497 1466 2524 tenebras.
1482 2495 1538 2530 Ego
1557 2494 1610 2522 feci
1623 2497 1726 2521 terram
1743 2497 1770 2521 et
1786 2493 1838 2521 ho-

1046 2545 1147 2573 minem
1175 2551 1259 2579 super
1277 2550 1349 2571 eam.
1374 2541 1432 2577 Ego
1448 2548 1530 2568 manu
1560 2547 1621 2568 mea
1649 2539 1755 2567 firmavi
1779 2546 1837 2567 cce-

1045 2592 1113 2619 luul.
1131 2601 1140 2618 ι
1555 2617 1559 2619 ἓ

1081 2637 1216 2668 Isa.r.vu,
1230 2635 1273 2663 l6.
1288 2651 1323 2656 —
1342 2644 1352 2660 ι
1376 2633 1498 2669 Spiritus
1521 2640 1537 2661 ιι
1562 2639 1607 2660 me
1625 2632 1795 2668 egredietur,
1810 2634 1838 2659 et

1046 2683 1141 2711 ﬂatum
1156 2689 1266 2711 onmem
1284 2689 1336 2717 ego
1354 2681 1419 2709 feci.
1438 2690 1448 2706 i

1081 2729 1182 2756 Jerem.
1194 2735 1223 2761 χ,
1240 2726 1284 2755 12.
1300 2743 1335 2749 -—-
1353 2736 1362 2752 ι
1381 2725 1514 2754 Dominus
1529 2725 1577 2760 qui
1597 2723 1664 2752 facit
1692 2727 1794 2751 terram
1809 2722 1838 2750 in

1047 2774 1208 2804 fortitudine
1224 2781 1284 2808 sua,
1298 2780 1457 2809 pratparans
1471 2772 1566 2800 orbem
1583 2772 1611 2799 in
1623 2769 1762 2806 sapientia
1775 2776 1838 2800 sua.

1047 2827 1074 2850 et
1091 2822 1118 2850 in
1131 2820 1276 2857 prudentia
1300 2828 1349 2849 sua
1365 2820 1464 2849 cmlum
1486 2818 1619 2847 extendit.
1638 2816 1736 2846 Educit
1751 2815 1840 2844 nubes
