2074 3115
254 117 320 149 ῙἎΗ

837 113 866 143 S-
884 112 1044 143 JOANNIS
1065 110 1280 142 DAMASCENI

1816 110 1888 144 1352

253 173 289 200 ab
313 177 435 199 extremo
463 175 554 202 terra),
586 168 695 204 fulgura
719 170 745 195 in
770 167 892 202 pluviam
915 167 1001 195 fecit:
1018 171 1040 194 et

1096 167 1210 202 νεφέλας
1236 167 1284 193 ἀπ’
1308 165 1425 202 ἐσχάτου
1441 165 1491 202 τῆς
1507 165 1557 201 γῆς
1567 175 1573 181 ι
1588 165 1733 202 ἁστραπέις
1748 166 1790 199 είς
1813 166 1889 194 ὑετὸν

253 219 348 246 eluxit
365 218 457 245 lumen
473 224 567 244 suurn.
587 224 596 241 ι

290 263 396 291 Barnclt
422 271 463 295 ut,
487 262 581 290 59η-
597 271 606 287 ι
621 260 673 294 Qui
698 260 863 296 praeparavit
884 264 986 288 terram
1017 259 1046 287 in

253 314 358 336 aeterno
385 313 518 343 tempore,
539 312 567 334 et
593 306 707 342 replevit
728 314 788 334 eam
809 306 962 341 pecudibus
981 312 1048 341 qua-

253 354 435 390 drupedibus.
447 353 500 386 Qui
513 353 615 380 emittit
629 353 736 384 lumen,
749 356 777 379 ct
791 351 866 378 vadit
880 356 927 379 :et
940 350 1048 378 vocavit

254 400 332 434 illud,
344 404 372 427 et
390 399 485 426 obedit.
501 398 540 426 illi
555 397 582 424 in
600 402 731 425 tremore.
744 396 836 424 Stellte
850 400 942 423 autem
961 394 1046 423 dede-

255 450 318 474 runt
332 446 423 473 lumen
437 444 464 472 in
477 443 614 472 custodiis
623 442 693 476 suis,
703 446 730 470 et
743 442 838 470 lanatae
848 445 912 469 sunt
924 451 930 468 ι
944 445 1047 468 vocatae

254 496 320 520 sunt
334 496 362 519 et.
378 491 507 518 dixerunt.
524 499 531 517 :
548 489 688 517 Adsumus
700 496 709 514 :
727 492 755 516 et
768 488 897 516 luxerunt
917 495 981 515 cum
998 486 1046 522 ju-

254 539 398 566 cunditate
411 538 435 565 ei
452 538 498 572 qui
516 537 582 564 fecit
599 537 686 572 ipsas.
703 546 712 562 ι

290 578 482 625 Snp.
502 600 536 606 -ι-
554 593 564 610 ι
584 583 656 611 Dens
687 587 803 610 mortem
828 590 883 609 non
903 581 979 614 fecit,
996 588 1047 609 nec

254 632 409 659 delectatur
427 631 453 657 in
468 630 623 665 perditione
639 630 776 656 vivorum.
793 628 906 655 Creavit
920 628 1006 659 cnim,
1019 631 1047 654 ul

254 681 362 709 essent,
381 676 473 704 omnia
495 681 546 703 :et
570 675 710 703 sanabiles
727 674 792 702 fecit
820 675 947 702 nationes
971 673 1047 700 orbis

255 729 390 751 terrarum
407 731 413 750 :
431 726 458 749 et
474 730 528 748 non
547 725 588 749 est
604 721 631 748 in
645 721 699 749 illis
712 720 944 748 medicamentum
955 723 1047 747 exter-

254 771 344 803 minii,
365 777 414 797 nec
428 769 579 796 inferorum
595 775 706 803 regnum
723 768 750 795 in
767 771 851 794 terra.
871 776 880 792 ι

289 816 354 850 Sup.
369 824 406 847 χι,
419 815 466 843 25.
479 831 514 835 -
528 824 537 840 ι
552 814 648 849 Diligis
657 814 760 846 omnia,
770 820 833 848 quae
845 817 921 846 sunt,
935 816 962 840 et
979 811 1045 839 nihil

253 862 335 889 odisti
363 868 458 888 corum
476 868 537 895 qua:
553 859 652 888 fecisti.
672 859 816 892 Quomodo
842 863 934 886 autem
954 861 1048 893 posset

253 908 357 942 aliquid
373 914 544 942 permanere,
561 905 614 934 nisi
631 909 660 932 tu
676 905 852 933 voluisses?»

289 952 354 986 ϐαρ.
373 959 431 984 xm,
444 951 471 978 5.
486 966 522 971 -—-
536 960 545 976 ι
560 951 583 978 Α
610 950 799 985 magnitudine
814 955 841 978 et
860 950 952 985 specie
969 957 1047 977 crea-

254 1003 392 1031 turarum,
408 996 633 1033 cognoscibiliter
654 995 751 1023 horum
768 1000 878 1023 creator
893 995 1012 1022 vitietur.
1034 1005 1043 1021 ι

289 1043 374 1070 Eccli.
389 1050 465 1074 xvnt,
477 1042 504 1068 l.
517 1057 554 1062 -—-
567 1051 576 1067 ι
591 1041 642 1074 Qtti
657 1041 724 1068 vivit
739 1041 767 1068 in
779 1044 926 1074 aeternum,
942 1041 1047 1068 creavit

253 1089 345 1116 omnia
361 1087 455 1118 simul.
478 1086 610 1114 Dominus
626 1087 713 1115 solus.
732 1097 741 1113 ι

291 1133 372 1160 Eccli.
396 1141 461 1164 ml,
484 1132 530 1159 25.
547 1147 583 1152 --
602 1141 611 1158 ι
633 1131 706 1159 Nihil
730 1131 796 1158 fecit
821 1131 893 1166 quod
914 1130 1043 1158 deficiat:

254 1179 473 1215 uniuscujusque
498 1179 617 1206 firmavit
640 1178 722 1206 bona.
752 1178 785 1205 Et
807 1178 872 1214 quis
898 1178 1046 1205 satiabitur

254 1227 350 1254 videns
365 1226 480 1262 gloriam
497 1224 573 1260 ejus?
590 1234 599 1251 ι

290 1273 375 1300 Eccli.
394 1281 488 1305 xxxix,
505 1272 602 1299 21-26.
617 1283 652 1292 ι-
666 1280 676 1298 ‹
692 1271 780 1307 Opera
789 1270 897 1298 Domini
915 1270 1044 1298 universa

254 1317 336 1349 bona,
351 1319 378 1343 et
390 1323 500 1343 onmem
523 1315 715 1343 necessitatem
732 1314 895 1350 tempestive
914 1313 1043 1350 suppedi-

253 1362 333 1390 tabit.
358 1361 418 1389 Non
435 1365 478 1389 est
502 1361 614 1389 dicere:
632 1359 690 1388 Hoc
711 1360 764 1388 isto
783 1360 861 1396 pejus
874 1364 928 1388 est.
945 1359 1042 1388 Omnia

251 1409 326 1436 enim
343 1409 369 1435 in
384 1412 508 1442 tempore
523 1407 723 1442 probabuntur.
743 1416 752 1433 ι

286 1452 372 1479 Εεείὶ.
399 1459 522 1484 xxxvnt,
543 1451 602 1479 4-8,
616 1467 651 1472 —
680 1461 689 1477 ι
709 1451 870 1480 Altissimus
887 1452 992 1480 creavit
1008 1452 1043 1480 de

1097 214 1222 249 ἐποίησε,
1239 213 1288 240 καὶ
1304 212 1425 248 ἐξήγαγε
1443 212 1501 248 φῶς
1517 212 1613 240 αὑτοῦ.
1630 222 1639 238 ι

1135 268 1144 285 ι
1167 259 1197 285 '0
1224 258 1438 289 κατασκευάσας
1458 258 1512 292 γῆν
1536 257 1576 289 είς
1603 257 1650 284 τὸν
1677 257 1763 284 αιῶνα
1781 258 1889 293 χρόνον,

1097 304 1246 339 ἐνέπλησεν
1260 304 1346 340 αὐτὴν
1372 303 1481 339 κτηνῶν
1504 303 1690 339 τετραπόδων.
1713 303 1742 330 ’0
1756 305 1889 331 ἀποστέλ-

1097 350 1151 377 λων
1177 350 1208 377 τὺ
1233 349 1301 385 φῶς,
1321 350 1369 376 καὶ
1398 349 1565 385 πορεύεταιυ
1581 349 1713 376 ἐκάλεσεν
1735 350 1813 383 αὐτὸ,
1843 351 1889 378 καὶ

1098 396 1255 432 ὑπήκουσεν
1279 395 1354 430 αὐτῷ
1375 387 1480 430 1ῖρόμῳ.
1502 395 1534 421 Ol
1548 394 1578 422 δὲ
1591 395 1707 430 ἀστέρες
1721 394 1846 430 ἔλαμψαν
1860 396 1889 422 ὲν

1097 441 1156 473 ταῖς
1171 440 1308 475 φυλακαῖς
1326 439 1428 472 αὐτῶν,
1450 440 1498 467 καὶ
1527 439 1726 475 ηὐφράνθησαν
1739 448 1745 454 ·
1759 440 1888 468 ἐκάλεσεν

1096 487 1214 520 αὖτοὺς,
1232 486 1279 514 καὶ
1308 483 1385 512 εἷπον
1397 494 1404 501 ·
1418 485 1565 521 Πάρεσμεν
1579 494 1587 501 ·
1604 485 1730 521 ἔλαμψαν
1753 487 1812 521 μετ’
1840 487 1887 514 εὖ·

1097 534 1238 570 φροσύνης
1252 532 1291 569 τῷ
1304 533 1451 569 ποιήσαντι
1465 532 1575 564 αὐτούς.
1594 541 1604 559 ι

1135 590 1145 606 ι
1169 581 1198 606 '0
1215 579 1282 612 Θεὸς
1305 579 1420 606 θάνατον
1439 579 1490 606 οὐκ
1513 578 1654 614 ἐποίησεν,
1675 579 1735 605 οὐδὲ
1755 579 1887 615 τέρπεται

1097 626 1141 653 ἐπ’
1154 625 1278 662 ἀπωλείᾳ
1301 625 1422 658 ζώντων.
1442 625 1554 652 Ἔκτισε
1570 624 1625 660 γὰρ
1639 625 1679 656 εἰς
1695 625 1741 652 τὸν
1754 625 1840 652 αἰῶνα
1853 626 1888 653 τὰ

1098 673 1198 705 πάντα,
1209 672 1258 700 καὶ
1270 672 1402 707 σωτήριοι
1413 671 1441 698 αί
1453 671 1575 706 γενέσεις
1589 670 1636 697 τοῦ
1648 670 1763 706 κόσμου,
1779 671 1826 697 καὶ
1837 671 1888 698 οὐκ

1097 718 1170 745 ἐστιν
1183 719 1212 745 ὲν
1225 718 1322 749 αὑταῖς
1338 718 1484 753 φάρμακον
1499 716 1622 752 ὀλέθρου,
1646 715 1707 742 οὐδὲ
1724 715 1788 751 ᾅδου
1812 716 1888 752 βασίο

1098 764 1169 790 λειον
1185 763 1232 790 ἐπὶ
1245 763 1297 798 τῆς
1315 764 1379 799 γῆς.
1397 772 1406 788 ι

1137 819 1147 836 ι
1172 810 1295 845 ’Λγαπᾷς
1319 809 1354 836 τὰ
1380 808 1446 836 ὄντα
1461 808 1562 843 πάντα,
1581 811 1629 837 καὶ
1652 810 1729 838 οὐδὲν
1755 811 1887 846 βδελύσσῃ

1099 852 1138 883 ὧν
1162 855 1306 891 ἐποίησας.
1320 854 1384 886 Πῶς
1409 854 1439 882 δὲ
1451 854 1602 892 διεμένειεν
1622 856 1656 884 ἄν
1680 865 1718 890 τι,
1736 858 1761 884 εί
1790 857 1827 893 μὴ
1854 857 1886 883 σὺ

1098 901 1234 937 ἠθέλησας
1246 910 1253 935 ;
1275 910 1285 928 ι

1134 957 1144 973 ι
1169 947 1217 974 Ἐκ
1241 947 1374 983 μεγέθους
1390 947 1438 975 καὶ
1459 947 1594 983 καλλονῆς
1619 948 1777 984 κτισμάτων
1793 949 1887 976 ἀναλό-

1096 1001 1153 1027 γως
1168 994 1182 1020 ὁ
1197 993 1390 1029 γενεσιουργδς
1406 993 1496 1021 αὐτῶν
1510 994 1667 1030 θεωρεῖται»
1686 1004 1696 1021 ι

1135 1049 1146 1065 ι
1171 1039 1200 1066 ’0
1215 1039 1271 1071 ζῶν
1285 1039 1326 1071 εἰς
1343 1039 1390 1066 τὸν
1404 1039 1501 1073 αἰῶνα,
1519 1040 1612 1068 ἔκτισε
1634 1040 1671 1068 τὰ
1692 1041 1782 1068 πάντα
1797 1041 1887 1076 κοινῇ,

1097 1085 1200 1121 Κύριος
1212 1085 1302 1121 μόνος.
1323 1094 1333 1112 ι

1133 1140 1143 1157 t
1161 1131 1219 1158 Οὐκ
1236 1130 1364 1167 ἐποίησεν
1381 1131 1457 1159 οὐδὲν
1475 1131 1616 1159 ἐλλεῖπον·
1631 1132 1660 1159 ἓν
1672 1131 1720 1159 τοῦ
1738 1132 1798 1164 ἑνὸς
1811 1132 1886 1159 ἑστε-

1097 1177 1183 1212 ρέωσε
1204 1177 1238 1204 τὰ
1259 1177 1366 1212 ἀγαθά·
1386 1177 1433 1204 καὶ
1452 1177 1494 1209 τίς
1513 1177 1701 1214 πλησθήσεται
1719 1177 1791 1213 ὁρῶν
1806 1176 1886 1210 δόξαν

1096 1223 1179 1250 αὑτοῦ
1192 1231 1200 1256 ;
1218 1233 1227 1249 ι

1132 1277 1143 1294 ‹
1169 1269 1211 1296 Τὰ
1237 1268 1307 1306 ἔργα
1331 1269 1448 1305 Κυρίου,
1474 1269 1564 1297 πάντα
1590 1269 1693 1304 ἀγαθὰ,
1716 1271 1765 1298 καὶ
1793 1271 1885 1298 πᾶσαν

1094 1315 1189 1351 χρείαν
1210 1315 1241 1342 ὲν
1264 1315 1324 1352 ὥρᾳ
1355 1315 1447 1342 αὐτῶν
1470 1316 1634 1352 χορηγήσει.
1657 1317 1713 1344 Καὶ
1733 1317 1784 1344 οὐκ
1810 1317 1884 1345 ἐστιν

1094 1363 1183 1388 εἰπεῖν
1197 1369 1203 1376 ·
1223 1360 1310 1388 Τοῦτο
1327 1361 1424 1388 τούτου
1451 1362 1644 1398 πονηρότερον.
1666 1362 1759 1390 Πάντα
1779 1363 1834 1399 γὰρ
1855 1363 1885 1389 ἐν

1094 1407 1183 1445 καιρῷ
1196 1408 1440 1444 ὼκιμασῦήσεται.
1460 1418 1470 1434 ι

1131 1463 1141 1480 ι
1173 1453 1276 1489 Κύριος
1296 1454 1406 1480 ἔκτισεν
1432 1454 1465 1480 ὲκ
1490 1455 1542 1489 γῆς
1571 1454 1718 1490 φάρμακα,
1741 1455 1789 1481 καὶ
1814 1453 1884 1490 ἀνὴρ

252 1502 325 1524 terra
344 1496 553 1528 medicamenta,
567 1500 595 1524 et
610 1496 651 1523 vir
667 1494 858 1532 prudens‘non
880 1498 1040 1526 abhorrebit

1095 1499 1227 1536 φρόνιμος
1237 1499 1269 1526 οὐ
1286 1499 1446 1534 προωχοιεῖ
1458 1499 1560 1532 αὐτοῖς.
1577 1500 1633 1527 Καὶ
1649 1501 1666 1536 ὴ
1683 1501 1805 1536 εἰρήνηὴ
1818 1501 1884 1536 παρ’

252 1543 307 1570 illa.
328 1543 359 1570 Et
378 1549 430 1577 pax
453 1549 514 1578 qua:
536 1541 571 1570 ab
597 1541 665 1578 ipsis
691 1546 745 1575 est,
773 1550 858 1579 super
883 1544 980 1572 faciem
1000 1549 1042 1573 est

252 1593 341 1615 terrae.
358 1597 368 1614 Ι

286 1634 372 1661 Βαεὶί.
381 1636 451 1661 hom.
461 1634 478 1662 5
493 1634 519 1661 in
538 1635 837 1663 [lernam—Carmine!
853 1641 924 1664 terra
934 1636 1042 1665 herbam

251 1681 376 1708 virentem
398 1680 475 1714 (Gen.
493 1689 512 1713 t.
529 1681 572 1716 ll)
588 1690 594 1708 :
614 1689 646 1708 ac
666 1681 750 1718 simul
775 1690 837 1709 cum
855 1682 889 1709 iis
909 1690 971 1717 qua:
987 1683 1040 1710 vim

250 1727 341 1754 alendi
361 1727 490 1760 habeant,
515 1731 650 1754 venenata
673 1735 785 1763 quoque
805 1728 939 1763 producta
962 1732 1039 1761 sunt,

250 1781 313 1800 eum
332 1773 471 1801 frumento
493 1774 596 1808 cicuta,
617 1781 680 1801 cum
706 1774 822 1809 reliquis
836 1781 898 1809 quae
912 1775 945 1801 ad
961 1781 1039 1802 esum

250 1824 313 1855 apta
330 1824 405 1853 sunt,
429 1820 582 1852 elleborus,
608 1819 762 1852 aconitum,
790 1820 984 1855 mandragora,
1012 1824 1040 1848 et

249 1866 395 1901 papaveris
418 1873 533 1893 succus.
553 1865 627 1899 Quid
655 1866 749 1901 igitur,
766 1865 953 1900 praetermisso
967 1866 1038 1902 grati

249 1911 334 1938 animi
347 1911 383 1939 ob
393 1915 505 1946 accepta
518 1913 664 1939 commoda
675 1911 776 1944 ollicio,
786 1911 944 1940 Creatorem
954 1919 1039 1940 accu-

248 1956 384 1988 sabimus,
399 1956 435 1984 ob
453 1964 486 1984 ea
501 1964 562 1992 qua:
575 1956 637 1984 vita:
651 1961 753 1984 nostra:
772 1957 869 1984 nociva
882 1957 966 1985 sunt?
983 1956 1038 1985 Nec

249 2002 315 2029 illud
331 2002 550 2034 consideramus.
567 2010 623 2030 non
639 2002 731 2030 onmia
751 2002 838 2030 fuisse
850 2007 962 2038 propter
974 2009 1039 2030 ven-

247 2052 317 2076 trem
330 2053 455 2076 nostrum
472 2053 615 2083 procreata
637 2057 645 2076 :
667 2056 763 2076 verum
780 2056 812 2077 ea
829 2048 911 2085 525
925 2048 1038 2084 quidem

247 2093 391 2127 alimenta,
408 2102 469 2128 qua:
489 2093 629 2122 destinata
644 2094 724 2122 nobis
740 2098 816 2128 sunt,
837 2099 965 2130 prompta
978 2102 1037 2122 om-

247 2139 384 2174 nibusque
409 2143 474 2166 nota
499 2147 578 2171 esse;
596 2139 741 2174 quodlibet
758 2145 849 2166 autent
865 2146 961 2166 eorum
975 2146 1037 2174 qua:

245 2189 338 2212 creata
354 2189 429 2217 sunt,
445 2185 583 2220 propriam
596 2185 743 2220 quamdam
759 2185 830 2212 inter
847 2192 892 2213 res
907 2185 1034 2213 conditas
1052 2176 1073 2204 ί)

247 2231 381 2259 rationem
399 2232 518 2265 explere.

282 2276 378 2310 Ejurd.
391 2276 461 2304 Imm.
478 2276 506 2303 2.
518 2291 552 2296 -
567 2276 589 2303 Α
615 2276 669 2304 Deo
692 2276 794 2304 malum
811 2282 903 2304 ortum
927 2277 1035 2305 trahere

246 2323 358 2358 impium
374 2322 448 2349 dictu
465 2327 507 2349 est
523 2333 530 2350 :
547 2323 648 2358 quippe
659 2331 720 2350 cum
739 2323 843 2350 nullum
864 2324 1034 2351 contrarium

245 2377 277 2396 cx
294 2369 435 2397 contrario
452 2370 566 2396 oriatur.
584 2370 651 2397 Nam
670 2378 719 2397 nec
740 2370 793 2397 vita
819 2375 934 2397 mortem
949 2370 1033 2405 parit,

244 2423 295 2443 nec
309 2416 464 2444 obscuritas
490 2416 560 2444 lucis
583 2417 660 2451 origo
680 2421 734 2448 est,
758 2424 809 2444 nec
827 2416 940 2443 morbus
957 2417 1034 2444 sani-

242 2462 309 2490 tatis
323 2469 418 2489 causa.
433 2461 504 2495 Quid
517 2469 582 2497 ergo
596 2461 734 2490 dicimus?
748 2462 828 2497 plane
841 2462 914 2496 quod
931 2462 1032 2489 malum

242 2515 299 2535 non
320 2507 381 2534 viva
397 2512 426 2535 et
450 2507 570 2534 animata
596 2507 717 2534 essentia
732 2507 779 2539 sit,
805 2507 852 2534 sed
875 2506 987 2534 all'eetio
1005 2508 1032 2535 in

241 2554 334 2582 anima
350 2561 413 2580 cum
440 2553 542 2580 virtute
566 2560 703 2588 pugnans,
719 2560 780 2588 qua:
797 2560 849 2579 non
873 2553 985 2580 aliunde
1005 2553 1031 2580 in

241 2600 384 2628 desidibus
401 2604 542 2631 nascatur,
558 2607 641 2634 quam
653 2599 727 2634 quod
750 2606 765 2625 a
782 2599 855 2626 bono
870 2599 887 2626 ii
909 2600 1032 2636 prolapsi

241 2649 307 2674 sint.
324 2647 461 2680 Quocirca
480 2646 549 2674 nihil
566 2650 618 2679 est,
632 2645 706 2680 quod
721 2649 798 2672 extra
817 2649 843 2672 te
858 2645 959 2672 malum
976 2647 1033 2673 cir-

240 2700 435 2728 cumspectes:
456 2700 549 2721 verum
571 2701 602 2720 se
619 2693 735 2727 quisque
758 2685 836 2725 vitii,
868 2692 942 2727 quod
973 2692 1031 2728 ipse

241 2738 358 2769 laborat,
375 2743 516 2766 ant-torem
532 2745 675 2774 agnost'at.

276 2784 353 2818 (neq.
371 2785 443 2812 Naz.
463 2801 498 2806 —
514 2785 588 2812 Nihil
607 2794 639 2813 ex
657 2786 701 2819 iis,
723 2794 783 2821 qua:
804 2786 914 2814 condita
936 2794 951 2812 τι
976 2785 1031 2813 Deo

239 2835 317 2863 sunt,
336 2831 437 2858 frustra
453 2831 556 2858 fa-tntn
577 2831 638 2860 fuit.

1092 1545 1193 1579 αὐτῶν,
1206 1546 1280 1573 ἐστὶν
1295 1545 1341 1572 ἐπὶ
1354 1545 1500 1581 προσώπου
1515 1546 1565 1582 τῆς
1579 1547 1640 1582 γῆς.
1660 1556 1670 1573 ι

1127 1637 1335 1672 Πλαστησάτω
1354 1637 1373 1671 ἡ
1389 1636 1427 1672 γῆ
1449 1637 1589 1670 ,βοτάνην
1609 1637 1718 1671 χόρτου
1730 1645 1738 1652 ·
1758 1637 1806 1664 καὶ
1821 1646 1884 1664 συν-

1091 1683 1201 1719 εξεδόθη
1228 1684 1285 1715 rei;
1309 1683 1454 1719 τροφίμοις
1485 1682 1520 1710 τὰ
1541 1683 1708 1719 δηλητήρια·
1737 1683 1807 1718 μετὰ
1834 1683 1883 1711 τοῦ

1092 1729 1166 1756 σίτου
1181 1730 1212 1756 τὺ
1233 1728 1357 1762 κώνειον,
1377 1730 1447 1765 μετὰ
1470 1730 1525 1756 τῶν
1546 1729 1648 1757 λοιπῶν
1677 1731 1819 1766 τροφίμων
1839 1731 1883 1757 ἑλ-

1090 1775 1212 1810 λέϐορος,
1224 1776 1272 1802 καὶ
1286 1776 1421 1809 ἀκόνιτον,
1438 1776 1485 1803 καὶ
1500 1776 1704 1812 μανδραγόρας,
1726 1777 1774 1804 καὶ
1799 1778 1813 1804 ό
1830 1777 1881 1811 τῆς

1091 1823 1209 1859 μήκονος
1229 1822 1306 1854 ὀπός.
1327 1823 1360 1849 Τί
1384 1821 1446 1855 οὖν;
1468 1824 1585 1858 ἀφέντες
1606 1825 1636 1851 τὸ
1652 1824 1698 1850 ἐπὶ
1714 1825 1770 1856 τοῖς
1786 1825 1881 1859 χρησί-

1090 1877 1152 1904 μοις
1164 1869 1212 1905 τὴν
1225 1869 1306 1905 χάριν
1315 1869 1657 1905 ὁμολογεῖν,ἐγκαλέσομεν
1666 1870 1704 1905 τῷ
1716 1870 1881 1906 Δημιουργῷ

1089 1914 1137 1941 ἐπὶ
1157 1916 1215 1947 τοῖς
1238 1915 1399 1951 φθαρτικοῖς
1421 1915 1500 1952 ἡμῶν
1514 1915 1567 1952 τῆς
1580 1916 1670 1951 ζωῆς;
1689 1917 1776 1943 ἐκεῖνο
1790 1916 1819 1943 δὲ
1834 1916 1879 1942 λο-

1089 1959 1235 1996 γιζόμεθα,
1257 1960 1298 1987 ὃτι
1325 1961 1356 1987 οὐ
1377 1961 1467 1988 πάντα
1495 1961 1544 1996 τῆς
1571 1962 1692 1997 γαστρὸς
1714 1961 1806 1988 ἕνεκεν
1828 1963 1879 1996 τῆς

1089 2007 1228 2043 ἡμετέρας
1247 2007 1492 2044 δεδημιούργηται,
1513 2007 1572 2034 ἀλλ’
1585 2008 1652 2043 ἡμῖν
1674 2008 1724 2043 μὲν
1735 2009 1762 2034 αἱ
1777 2008 1878 2035 ἀποτε-

1087 2053 1222 2088 ταγμέναι
1246 2053 1348 2088 τροφαὶ
1373 2053 1525 2089 πρόχειροι,
1545 2053 1595 2080 καὶ
1609 2054 1693 2080 πᾶσιν
1708 2053 1856 2088 εῦγνωστοι
1867 2062 1876 2070 ·

1089 2098 1206 2126 ἕκαστον
1226 2098 1255 2125 δὲ
1272 2099 1325 2126 τῶν
1345 2099 1501 2135 γενομένων
1517 2099 1584 2126 ῖδιόν
1609 2107 1670 2126 τινα
1689 2098 1768 2134 λόγον
1791 2099 1820 2126 ἐν
1840 2100 1876 2135 τῇ

1088 2144 1178 2171 κτίσει
1197 2144 1309 2179 πληροῖ.

1121 2275 1201 2310 Παρὰ
1215 2275 1284 2302 Θεοῦ
1294 2274 1325 2302 τὸ
1338 2275 1424 2303 κακὸν
1440 2275 1490 2311 τὴν
1509 2275 1619 2310 γένεσιν
1637 2275 1721 2311 ¹ἔχειν,
1737 2276 1787 2302 οὐκ
1798 2276 1876 2303 εὐσε-

1085 2321 1131 2354 ϐές
1150 2322 1210 2348 ἐστι
1223 2322 1325 2357 λέγειν,
1352 2322 1397 2349 διὰ
1426 2323 1458 2348 rb
1474 2322 1558 2358 μηδὲν
1575 2322 1630 2349 τῶν
1651 2323 1781 2349 ἐναντίων
1797 2323 1876 2359 παρὰ

1083 2367 1131 2395 τοῦ
1148 2368 1271 2395 ἐναντίου
1289 2368 1426 2403 γίνεσθαι.
1441 2368 1510 2395 Οὓτε
1519 2369 1574 2405 γὰρ
1587 2368 1645 2405 ζωὴ
1655 2369 1770 2396 θάνατον
1781 2370 1874 2405 γεννᾷ,

1083 2413 1145 2441 οὔτε
1167 2415 1199 2441 τὸ
1224 2414 1319 2446 σκότος
1346 2415 1435 2450 φωτός
1463 2415 1539 2441 ἐστιν
1562 2415 1644 2451 ἁρχὴ,
1671 2414 1733 2442 οὔτε
1755 2417 1771 2450 ἡ
1799 2415 1875 2447 νόσος

1084 2459 1179 2494 ὑγείας
1206 2459 1385 2496 δημιουργός.
1409 2460 1442 2486 Τί
1470 2458 1518 2488 οὖν
1543 2469 1634 2496 φαμεν
1642 2470 1650 2495 ;
1667 2462 1709 2488 ὅτι
1730 2462 1761 2488 τὸ
1778 2462 1876 2493 κακὸν,

1083 2506 1158 2533 ἐστὶν
1171 2506 1231 2542 οὑχὶ
1246 2506 1325 2532 οὐσία
1355 2506 1430 2538 ζῶσα
1456 2507 1503 2533 καὶ
1518 2506 1651 2542 ἔμψυχος,
1669 2507 1738 2534 ἀλλὰ
1754 2507 1875 2539 διάθεσις

1084 2553 1113 2580 ὲν
1122 2553 1195 2589 ψυχῇ
1203 2554 1333 2586 ἐναντίως
1357 2554 1457 2590 ἔχουσα.
1481 2555 1551 2591 πρὸς
1575 2555 1687 2591 ἀρετὴν,
1707 2556 1752 2582 διὰ
1763 2556 1814 2592 τὴν
1827 2557 1876 2582 τοῦ

1083 2600 1168 2628 καλοῦ
1197 2601 1357 2628 ἀπόπτωσιν
1389 2603 1446 2634 τοῖς
1461 2601 1595 2638 ῥᾳθύμοις
1622 2603 1799 2638 ἐγγινομένη.
1828 2603 1877 2639 Μὴ

1083 2648 1173 2675 τοίνυν
1197 2647 1298 2680 ἔξωθεν
1322 2648 1352 2674 τὸ
1381 2648 1466 2675 κακὸν
1490 2649 1667 2684 περισκόπει,
1694 2650 1742 2676 καὶ
1765 2649 1816 2685 τῆς
1846 2650 1877 2677 ἐν

1085 2694 1173 2730 ἑαυτῷ
1199 2695 1300 2726 κακίας
1337 2695 1454 2727 ἕκαστος
1484 2695 1583 2722 ἑαυτὸν
1624 2695 1747 2731 ἀρχηγὸν
1773 2705 1876 2732 γνωρι-

1083 2741 1163 2774 ζέτω.

1117 2786 1200 2814 Οὐδὲν
1212 2788 1273 2823 εἰκῆ
1289 2787 1343 2815 τῶν
1354 2787 1429 2823 παρὰ
1448 2787 1516 2814 Θεοῦ
1529 2788 1696 2824 γενομένων.
