2074 3115
200 108 268 143 1353

830 104 949 135 SACRA
967 103 1199 134 PARALLEIA.

1764 101 1830 133 1354

233 168 301 204 Οὐχὶ
315 165 395 201 φύσις
411 164 481 200 αὑτὴ
508 163 562 190 τῶν
579 162 712 198 κινήσεων
732 160 793 188 καθ’
822 162 922 196 ἑαυτὴν
937 169 986 187 πο-

1075 159 1213 195 Cltrysost.
1227 174 1252 178 —
1274 157 1333 185 Non
1350 159 1408 194 ipsa
1426 163 1525 187 natura
1545 159 1761 188 commotionum
1782 169 1830 196 per

199 214 280 250 νηρὰ,
312 212 369 240 ἀλλ’
385 212 402 247 ὴ
419 211 473 238 τῶν
493 209 616 244 φυσικῶν
640 208 799 244 κινημάτων
823 207 990 242 παρατροπὴ

198 261 248 296 τῆς
262 259 353 295 ψυχῆς
382 259 432 289 τὰς
458 257 548 293 ὁρμὰς
573 256 611 287 ὡς
632 254 706 289 πάθη
734 254 868 281 διέϐαλεν.
891 254 919 281 '0
935 254 990 289 γὰρ

198 305 366 342 δημιουργὸς
389 304 438 339 τὴν
453 303 539 338 λύραν
554 301 640 337 καλὴν
656 301 704 328 καὶ
726 299 877 335 εὔφοογγον
891 299 989 335 ἡρμώ-

199 351 311 385 σατο,οἰ
323 351 352 378 δὲ
371 349 516 386 κρούοντες
545 349 682 384 διαφόρως
705 347 837 374 ἅπτονται
854 346 909 373 τῶν
927 355 991 382 χορ-

199 400 267 428 δῶν’
285 399 332 426 καὶ
346 398 399 426 ἀπὸ
412 397 462 433 τῆς
480 396 566 431 αὐτῆς
578 395 707 431 κιθάρας,
719 395 734 421 6
755 395 804 430 μὲν
826 393 922 429 ὕμνον,
934 395 948 420 ὁ
962 394 990 419 δὲ

200 446 304 481 ἀπηχεί
323 443 510 480 βλασφημίαν,
526 442 575 478 οὐχ
587 442 624 473 ὼς
640 442 690 476 τῆς
705 440 759 468 τῶν
769 439 872 476 χορδῶν
883 439 991 474 φύσεως

199 491 230 518 τὸ
249 490 467 526 διεστραμμένον
493 487 621 524 ἐχούσης,
651 487 710 514 ἀλλ’
745 487 784 519 ὡς
799 487 850 522 τῆς
866 486 922 513 τῶν
936 486 991 521 ψη-

200 537 348 572 λαφώντων
363 535 485 572 ἀμαθίας
498 533 745 570 παραφθειρούσης
753 533 784 560 τὸ
794 533 923 569 ὄργανον.

236 584 304 615 Ταῖς
315 583 369 610 τῶν
383 581 476 609 κακῶν
490 582 655 617 ὲπισποραῖς
677 580 754 607 αἰτία
768 580 824 606 τῶν
836 579 991 615 ἀνθρώπων

201 629 360 665 ἡρᾳθυμία.
390 629 441 656 Ἐν
468 627 507 661 τῷ
533 627 589 663 γὰρ
613 626 788 659 καθεύδειν,
807 626 890 662 φησὶ,
920 625 992 658 τοὺς

201 675 386 710 ἀνθρώπους,
402 672 495 709 ἦλθεν
508 675 524 700 d
538 673 656 708 ἐχθρὸς,
668 672 718 699 καὶ
737 672 859 707 ἔσπειρε
872 673 909 699 τὰ
922 671 992 702 ζιζά-

201 729 251 748 ma
260 717 415 755 dvayéo’or'
423 720 477 747 τοῦ
493 720 592 747 σίτου.

237 766 330 793 Πάντα
356 766 407 792 ὃσα
432 765 584 800 πεποίηκεν
605 764 618 790 6
646 763 722 796 Θεὸς,
737 764 808 791 καλὰ
828 764 991 799 πεποίηκεν,

202 812 363 847 ἐπιστήμων
392 811 474 842 αὐτὸς
499 810 537 838 ὣν
557 811 678 838 πάντων.
695 809 765 837 οὔτε
787 810 842 845 γὰρ
857 811 871 837 ὁ
887 810 992 842 δίκαιος

1043 214 1072 234 se
1084 206 1157 233 mala
1172 209 1225 239 est,
1239 205 1287 233 sed
1312 205 1397 232 animi
1414 209 1539 234 motuum
1554 206 1714 241 depravatio
1736 208 1832 236 conci-

1043 251 1161 279 tationes
1188 251 1274 278 animi
1301 259 1351 280 ceu
1378 252 1495 280 vitiosas
1525 254 1656 281 traduxit.
1688 254 1832 290 Siquidem

1043 297 1143 325 artifex
1159 298 1311 333 elegantem
1326 302 1353 326 et
1374 300 1443 326 bene
1469 300 1634 328 concinnam
1657 301 1745 336 lyram
1759 309 1835 329 com-

1043 345 1115 380 pegit
1138 353 1145 372 :
1165 344 1212 380 qui
1239 352 1305 372 vero
1324 345 1444 380 pulsant,
1473 354 1528 373 non
1552 348 1649 375 eodem
1668 348 1750 376 tnodo
1765 348 1834 375 ﬁdes

1043 395 1170 426 tangunt,
1196 391 1243 419 sed
1269 391 1303 418 ab
1327 392 1423 420 eadem
1451 392 1554 420 cithara
1587 394 1659 422 alius
1691 395 1832 430 hymnum,

1043 437 1115 465 alius
1138 445 1268 473 asperum
1292 442 1403 473 cantum
1417 442 1508 472 sonat,
1532 447 1585 466 non
1606 440 1678 475 quod
1695 441 1721 467 in
1740 440 1832 468 (itlitttn

1043 488 1142 511 natura
1158 484 1327 519 perversitas
1341 484 1416 517 insit,
1438 485 1485 513 sed
1502 486 1576 521 quod
1595 487 1765 521 pulsantium
1783 487 1835 514 int-

1043 530 1141 565 peritia
1155 529 1371 558 instrumentum
1388 531 1544 567 labefactet.

1077 574 1158 608 Quod
1183 576 1255 603 mala
1279 581 1505 611 superserantur,
1529 578 1556 605 in
1577 585 1661 606 causa
1687 583 1728 606 est
1747 579 1836 606 homi-

1043 629 1108 649 num
1124 622 1265 657 segnities.
1286 622 1350 650 Cum
1376 624 1445 650 enim
1466 624 1614 652 dormirent
1638 625 1766 658 homines,
1795 626 1837 653 itt-

1043 668 1105 703 quit
1122 667 1250 697 Christus
1265 668 1376 704 (Matth.
1395 677 1455 703 χιιι,
1471 670 1518 706 25)
1529 691 1537 703 ,
1566 672 1634 699 venit
1660 673 1796 706 inimicus,
1811 678 1836 700 et

1043 713 1184 742 seminavit
1201 714 1310 742 zizania
1327 715 1354 742 in
1373 715 1459 743 medio
1480 716 1574 743 tritici.

1079 760 1177 788 Euseb.
1188 776 1224 782 --
1240 760 1339 789 Omnia
1355 762 1402 790 illa
1419 770 1480 798 quae
1494 763 1560 791 fecit
1577 764 1657 798 Detts,
1673 765 1746 793 bona
1760 765 1836 798 fecit,

1044 813 1105 833 cum
1126 814 1216 834 rerum
1240 807 1364 835 omnium
1384 808 1531 836 scientiam
1550 809 1661 838 habeat.
1690 810 1760 838 Nam
1788 820 1837 839 nec

202 846 342 893 ποιήσειέν
357 865 384 883 τι
402 856 504 888 ἄδικον,
525 854 587 882 οὔτε
604 856 618 882 6
635 853 737 889 ἀγαθὸς
751 853 865 889 φαῦλον,
894 852 990 889 ὥσπερ

1045 851 1134 886 iustus
1154 852 1249 888 injusti
1268 854 1419 889 quidquam
1433 854 1524 883 facere
1542 861 1636 891 queat,
1654 863 1704 884 nec
1723 864 1837 892 prorsus

201 903 262 930 οὐδὲ
287 900 708 938 ἐπιστήμωνάνεπιστημόνως.
740 900 850 932 Δίκαιος
876 900 915 932 δὲ,
945 900 994 927 καὶ

155 980 162 983 ,
202 950 315 986 ἀγαθὸς,
348 950 396 976 καὶ
420 949 582 984 ἐπιστήμων
609 949 623 975 ὁ
650 947 716 979 Θεὸς
730 947 820 974 ἐστιν·
844 947 920 973 οὐδὲν
939 947 994 982 ἄρα

203 995 306 1027 ἄδικον,
321 994 383 1022 οὐδὲ
392 993 493 1029 φαῦλον
507 995 522 1021 ὁ
534 993 601 1025 Θεδς
615 993 754 1029 ἐποίησεν.

244 1087 301 1114 Ἑνὶ
316 1086 433 1122 νεύματι
467 1085 666 1127 βουλήσεωςιᾶ
690 1084 762 1111 θέλει
787 1085 946 1120 συνίστησιν
962 1085 995 1111 ἐκ

205 1133 244 1170 μὴ
258 1133 355 1164 ὄντων,
368 1133 448 1167 μόνος
459 1132 497 1158 ὣν
513 1132 608 1163 ἀΐδιος,
623 1130 702 1166 μόνος
717 1130 754 1158 ὣν
770 1131 899 1167 ἄναρχος,
915 1131 996 1168 μόνος

207 1181 310 1213 ἁπλοῦς
324 1180 404 1216 οὐσίᾳ
419 1180 467 1207 καὶ
483 1179 620 1215 βουλήσει.

206 1305 296 1333 TlTA.
317 1306 352 1333 l".
368 1321 401 1326 —
421 1306 491 1340 Περὶ
503 1305 683 1340 δοξολογιας
698 1305 772 1332 Θεοῦ
784 1313 790 1319 ·
804 1305 854 1332 καὶ
867 1305 920 1340 ,ὅτι

240 1340 375 1376 δοξάζὲιν
404 1339 602 1376 καὶίάγιάζειν
620 1339 682 1367 ντὸν
696 1340 780 1372 Θεὸν,
797 1340 846 1367 καὶ
860 1339 905 1366 ὅτι
924 1339 997 1372 τοὺς

238 1375 418 1410 δοξάζοντας
434 1377 528 1404 αὐτὸν
541 1375 656 1408 δοξάζει
671 1377 688 1403 ὀ
698 1376 780 1408 Θεός.

240 1453 250 1469 ι
271 1441 339 1472 Eleas
352 1443 455 1480 Κύριος
471 1443 541 1479 πρὸς
567 1443 689 1479 Μωσῆν·
708 1443 770 1469 Ὀτι
789 1442 840 1469 οὐκ
868 1440 997 1486 ὲπιοςτεύ-

207 1498 271 1516 σατε
295 1490 410 1524 ἁγιάσαι
432 1497 488 1526 με,
510 1490 554 1517 διὰ
579 1490 660 1517 τοῦτο
690 1490 740 1516 οὐκ
768 1489 891 1521 εἰσάξετε
918 1488 998 1523 ὑμεῖς

1045 901 1158 936 malttm,
1179 902 1413 936 quemadmodum
1433 911 1484 932 nec
1502 904 1608 939 peritus
1623 904 1773 940 quidquam
1786 906 1838 933 im-

1044 947 1141 983 perite.
1159 948 1227 975 Cum
1251 947 1346 984 itaque
1362 948 1445 982 Deus,
1460 953 1488 978 et
1505 950 1610 985 justus,
1638 954 1666 978 ct
1689 947 1780 980 bonus
1802 953 1838 980 sit.

1045 1000 1077 1020 ac
1091 993 1208 1028 peritus,
1225 1001 1339 1023 necesse
1355 998 1398 1023 est
1412 1002 1474 1023 eum
1501 996 1568 1024 nihil
1584 996 1681 1032 injusti
1701 1005 1753 1026 nec
1772 999 1836 1026 mali

1047 1038 1155 1067 fecisse.

1081 1083 1200 1119 Didymi.
1211 1098 1238 1103 -
1254 1083 1341 1116 Unico
1355 1084 1505 1114 voluntatis
1521 1090 1590 1114 nutu
1605 1087 1687 1121 Deus,
1704 1088 1838 1124 quidquid

1046 1128 1115 1161 vult,
1136 1135 1169 1156 ex
1188 1128 1277 1156 nihilo
1298 1134 1372 1157 creat
1389 1138 1396 1157 :
1419 1135 1448 1157 ttt
1463 1131 1512 1166 qui
1540 1131 1618 1160 solus
1639 1133 1837 1167 sempiternus,

1047 1175 1124 1203 solus
1143 1175 1272 1211 principii
1289 1183 1399 1211 expers,
1421 1177 1498 1206 solus
1518 1177 1648 1214 denique,
1665 1183 1723 1206 tum
1745 1186 1838 1207 essen-

1049 1221 1096 1256 tia,
1111 1225 1168 1249 tum
1183 1223 1327 1251 voluntate
1339 1223 1465 1255 simplex.

1048 1299 1112 1338 Tl'l'.
1143 1300 1190 1338 lli.
1210 1317 1245 1322 -—
1264 1302 1301 1329 Dc
1326 1302 1374 1330 Dei
1395 1303 1590 1338 gloriﬁcatione
1614 1310 1623 1329 :
1644 1307 1668 1329 et
1690 1302 1760 1337 quod
1780 1310 1839 1329 cum

1082 1336 1235 1371 gloriﬁcare
1249 1342 1273 1364 et
1290 1336 1412 1365 sanctum
1428 1338 1576 1372 praedicare
1599 1336 1738 1372 oporteat;
1760 1338 1839 1364 illos-

1083 1379 1132 1406 que
1149 1380 1166 1398 a
1178 1372 1271 1407 quibus
1289 1372 1465 1408 gloriﬁcatur,
1482 1373 1538 1401 ipse
1558 1373 1676 1400 vicissim
1697 1373 1838 1408 glori/iret.

1086 1438 1169 1467 Nam.
1185 1447 1232 1473 ιι,
1253 1440 1296 1467 19..
1314 1456 1348 1461 --
1367 1450 1376 1466 ι
1396 1440 1469 1468 Dixit
1483 1435 1630 1468 'Dom’inus
1650 1443 1683 1468 ad
1700 1439 1811 1476 Moysen
1831 1449 1838 1468 ;

1050 1483 1119 1517 Quia
1133 1491 1189 1511 non
1202 1485 1360 1514 credidistis
1384 1489 1414 1512 ut
1429 1485 1643 1513 sanctiﬁcaretis
1659 1493 1713 1518 me,
1733 1486 1839 1514 idcirco

205 1536 255 1571 τὴν
271 1521 438 1572 συναγωγὴν¹
458 1535 564 1572 ταύτην
589 1537 629 1567 εἰς
645 1535 695 1570 τὴν
715 1536 778 1569 γῆν,
796 1535 830 1560 ἣν
845 1533 933 1560 ἔδωκα
947 1533 993 1559 αὺ-

1050 1537 1104 1557 ιιοιι
1123 1529 1302 1558 introducetis
1314 1538 1482 1567 synagogam
1499 1530 1571 1559 hanc
1590 1531 1618 1558 in
1638 1535 1739 1558 terram
1757 1539 1838 1566 quant

206 1591 273 1613 τοις.
291 1592 300 1608 ι

244 1636 254 1652 ι
273 1627 342 1658 Τοὺς
367 1626 528 1659 δοξάζοντάς
551 1635 585 1662 με
609 1626 725 1660 δοξάσω,
750 1627 798 1653 καὶ
818 1627 832 1653 6
849 1625 997 1669 ὲξουίξενῶν

209 1681 243 1708 με
258 1673 488 1709 ὰτιμασθήσεται.
510 1683 519 1698 ι

246 1729 255 1746 ι
281 1719 533 1755 Ἐξομολογήσομαί
562 1727 613 1751 σοι,
643 1717 740 1753 Κύριε,
776 1719 804 1745 ἐν
825 1718 875 1754 ὅλῃ
898 1718 998 1754 καρδίᾳ

231 1773 272 1792 ου,
291 1774 301 1791 ι

231 1774 272 1792 ου,
291 1774 301 1791 ι

210 1774 229 1801 μ
245 1819 255 1836 ι
269 1809 357 1836 Αῐνῶν
375 1809 575 1844 ὲπικαλέσομαι
604 1809 650 1836 τὸν
675 1809 790 1844 Κύριον,
821 1810 868 1836 καὶ
891 1811 923 1836 ὲκ
943 1809 997 1836 τῶν

208 1855 314 1891 ἐχθρῶν
330 1864 380 1891 μου
394 1855 566 1890 σωθήσομαι.
584 1865 594 1880 ι

247 1911 256 1928 ι
277 1902 308 1929 ut
325 1901 541 1937 φοϐούμενοιτδν
549 1901 662 1937 Κύριον,
678 1902 804 1930 alveo-ate
819 1902 912 1934 αὑτὸν,
928 1912 937 1929 ι
951 1902 999 1929 καὶ

208 1948 242 1975 τὰ
255 1947 346 1975 λοιπά.

247 2005 256 2021 ι
276 1994 423 2029 Εὐλογήσω
433 1994 479 2021 τὸν
495 1994 598 2030 Κύριον
615 1994 644 2020 ἐν
659 1994 742 2021 παντὶ
759 1994 858 2030 καιρῷ,
871 1994 916 2022 διὰ
932 2004 999 2022 παν-

208 2041 255 2073 τὸς
266 2043 282 2076 ἡ
298 2041 402 2072 divam;
417 2040 501 2068 αὑτοῦ
518 2041 546 2067 ὲν
563 2040 603 2076 τῷ
618 2041 734 2076 στόματί
750 2049 812 2076 μου.
831 2050 840 2066 ›

249 2097 257 2113 ι
276 2088 387 2114 Ψάλατε
406 2087 445 2122 τῷ
459 2087 519 2122 Θεῷ
530 2087 619 2123 ἡμῶν,
635 2087 739 2122 ψάλατε
753 2095 759 2102 ·
774 2087 878 2122 ψὰλατε
892 2088 930 2123 τῷ
951 2087 1000 2123 βα-

210 2136 278 2162 σιλεῖ
291 2135 381 2170 ἡμῶν,
398 2134 514 2169 ψάλατε.
531 2145 539 2161 ι

1048 1575 1119 1602 dabo
1131 1575 1181 1603 eis.
1201 1584 1210 1600 ›

1085 1621 1099 1648 l
1119 1621 1181 1656 Reg.
1202 1629 1232 1652 tt.
1256 1621 1284 1648 5.
1306 1637 1338 1640 -
1362 1631 1370 1647 ι
1390 1621 1445 1656 Ego
1463 1622 1652 1657 gloriﬁcantes
1667 1630 1710 1650 me
1733 1623 1838 1658 gloriﬁ-

1049 1669 1138 1696 cabo:
1158 1670 1204 1704 qui
1219 1673 1310 1696 autent
1329 1670 1482 1697 contemnit
1495 1678 1549 1704 me,
1567 1670 1620 1698 erit
1634 1670 1773 1705 ignobilis.
1791 1680 1801 1696 ι

1086 1713 1162 1741 Psal.
1177 1722 1216 1746 ιιι,
1234 1715 1260 1742 1,
1276 1723 1332 1740 -ι
1349 1714 1508 1743 Conﬁtebor
1520 1716 1580 1749 tibi,
1593 1715 1718 1749 Domine,
1736 1715 1762 1743 in
1783 1720 1839 1744 toto

1049 1762 1131 1787 corde
1147 1768 1218 1788 tneo.
1235 1770 1243 1786 ι

1086 1805 1162 1833 Psal.
1181 1814 1248 1838 xvn.
1281 1807 1321 1834 Li.
1336 1822 1371 1827 --
1393 1817 1402 1833 ι
1427 1807 1557 1836 Laudans
1587 1808 1723 1836 invocabo
1746 1809 1838 1836 Domi-

1050 1860 1126 1886 num,
1138 1857 1165 1880 et
1178 1853 1212 1880 ab
1225 1853 1345 1881 ittimicis
1363 1855 1431 1882 meis
1445 1855 1539 1883 salvus
1550 1862 1608 1883 ero.
1625 1865 1634 1881 ι

1084 1898 1160 1925 Psal.
1177 1899 1288 1931 “1,24.
1301 1915 1334 1919 ——
1350 1908 1359 1925 ι
1373 1899 1428 1932 Qui
1442 1900 1544 1928 timetis
1562 1900 1718 1935 Dominum,
1731 1900 1841 1929 laudate

1049 1951 1124 1976 eum,
1140 1953 1149 1969 ι
1168 1950 1222 1972 etc.

1087 1991 1162 2019 Paul.
1182 1999 1279 2025 χχχιιι,
1307 1991 1383 2018 2.-
1408 2001 1417 2017 ι
1442 1991 1605 2019 Benedicam
1637 1992 1783 2020 Dominttm
1813 1994 1838 2020 itt

1050 2038 1125 2065 omtti
1143 2042 1265 2072 tempore
1282 2047 1288 2064 :
1305 2044 1413 2071 semper
1431 2038 1491 2065 laus
1505 2038 1605 2073 ejusin
1625 2046 1672 2066 ore
1688 2048 1758 2067 meo.
1775 2049 1784 2065 ι

1086 2083 1162 2111 Psal.
1181 2091 1254 2115 xut,
1265 2082 1291 2110 6.
1304 2097 1339 2102 —-
1357 2093 1366 2109 ι
1382 2083 1493 2123 Psallite
1510 2083 1565 2112 Deo
1581 2088 1687 2118 nostro,
1705 2086 1816 2120 psallite
1831 2095 1838 2112 ε

1050 2130 1159 2165 psallite
1179 2131 1236 2166 regi
1254 2135 1361 2162 nostro,
1377 2130 1494 2165 psallite.
1510 2140 1520 2156 ι

248 2190 257 2207 ι
274 2181 360 2207 Θύσον
371 2180 410 2216 τῷ
425 2180 484 2216 Θεῷ
499 2181 594 2207 θυσίαν
618 2181 758 2213 αἰνέσεως,
778 2182 825 2208 καὶ
844 2182 942 2212 ἀπόδος
959 2181 993 2216 τῷ

1088 2174 1162 2202 Psal.
1176 2182 1250 2207 χιιι,
1263 2174 1523 2203 14-25.~tlmtnola
1535 2175 1590 2204 Deo
1598 2178 1764 2205 sacriﬁcium
1781 2178 1839 2206 lau-

209 2221 335 2262 ’Υψίστῳ
345 2227 395 2258 τὰς
407 2227 490 2262 εὐχάς
505 2235 570 2263 σου(
586 2226 671 2253 Θυσία
683 2227 814 2259 αἰνέσεως
828 2227 935 2259 δοξάσει
951 2236 996 2262 με,

207 2272 255 2298 καὶ
271 2272 329 2299 ἐκεῖ
340 2272 409 2304 ὁδός.
428 2282 438 2298 ι
773 2301 775 2304 ⁴

247 2327 256 2344 ι
279 2318 444 2350 ’Δλαλάξατε
474 2318 512 2354 τῷ
526 2318 596 2353 Θεῷ,
621 2319 696 2346 πᾶσα
716 2320 732 2354 ἡ
750 2319 804 2354 γῆ·
830 2319 934 2354 ψάλατε
960 2320 999 2354 τῷ

210 2364 323 2400 ὖνὸματι
341 2363 435 2393 αὑτοῦ,
452 2374 462 2390 ι

249 2421 258 2436 ι
280 2411 590 2446 Ἐξομολογησάσθωσάν
623 2419 664 2438 σοι
681 2412 751 2444 λαοὶ,
767 2413 782 2438 6
795 2411 862 2443 Θεός
874 2420 881 2425 ·
906 2411 1000 2448 ἐξομο-

209 2456 423 2491 λογησάσοωσάν
442 2465 494 2484 σοι.
515 2466 525 2483 ι

249 2510 258 2527 ι
284 2502 328 2528 Ἐν
348 2502 506 2538 ἐκκλησίαις
517 2503 654 2537 εὐλογεῖτε
679 2503 720 2530 τὸν
736 2502 803 2529 Θεὸν
833 2502 947 2538 Κύριον,
967 2503 999 2529 ὲκ

211 2547 307 2581 πηγῶν
315 2547 434 2583 Ἰσραήλ.
449 2549 481 2574 Δί
494 2548 629 2584 βασιλεῖαι
639 2550 689 2584 τῆς
698 2549 760 2584 γῆς,
777 2549 861 2584 ᾄςατε
873 2549 912 2585 τῷ
927 2549 998 2585 Θεῷ,

210 2592 313 2627 ψάλατε
326 2593 365 2628 τῷ
383 2594 486 2629 Κυρίῳ.
505 2605 514 2622 ι

248 2647 258 2664 ι
282 2639 436 2675 Ἐμνήσοην
463 2641 508 2667 τοῦ
532 2641 611 2675 Θεοῦ,
631 2641 676 2668 καὶ
705 2641 876 2677 ηὐφράνθην,
904 2642 998 2677 ἡδολέ-

212 2693 311 2720 σχηπα.
334 2695 343 2712 ι

248 2751 258 2767 ι
275 2743 315 2769 Τὰ
329 2743 391 2778 ἐλέη
412 2751 470 2775 σου,
485 2743 584 2779 Κύριε,
597 2745 636 2775 εἰς
649 2740 694 2771 ἑὸν
714 2745 800 2772 αἰῶνα
814 2745 915 2780 ᾄσομαι
930 2753 935 2759 ·
955 2745 994 2776 είς

210 2788 307 2822 γενεὰν
323 2788 370 2815 καὶ
383 2789 488 2823 γενεάν.
510 2798 519 2814 ι

372 2883 505 2914 ΡΑτιιοι.
531 2883 588 2914 Gn.
615 2883 700 2915 XCV.

1050 2221 1105 2255 dis,
1118 2226 1145 2249 et
1153 2221 1238 2249 redde
1256 2221 1398 2249 Altissimo
1414 2221 1497 2258 426
1513 2227 1575 2250 vota
1594 2227 1650 2251 tua.
1667 2223 1839 2252 Sacriﬁcium

1052 2267 1142 2301 laudis
1155 2267 1348 2294 ltonorilicabit
1368 2274 1422 2299 me,
1437 2272 1464 2295 ct
1481 2268 1537 2295 illic
1554 2269 1615 2300 iter,
1632 2279 1641 2295 υ
1661 2273 1713 2297 etc.

1085 2313 1161 2340 Psal.
1181 2321 1232 2339 uv
1245 2333 1252 2345 ,
1267 2313 1294 2339 9.
1311 2327 1346 2332 --—
1368 2323 1377 2339 ι
1396 2312 1515 2341 Jubilate
1539 2314 1603 2347 Deo,
1632 2316 1722 2344 omnis
1747 2322 1838 2348 terra;

1052 2362 1187 2397 psalmum
1205 2361 1290 2388 dicite
1309 2362 1412 2388 nomini
1428 2363 1500 2397 ejus,
1522 2372 1530 2388 ι
1549 2367 1602 2390 etc.

1087 2411 1163 2438 Psal.
1177 2419 1251 2444 uti,
1267 2412 1292 2438 4.
1305 2427 1338 2431 ——
1354 2421 1362 2436 ι
1376 2411 1565 2439 Conliteantttr
1577 2412 1626 2439 tibi
1638 2412 1741 2447 populi,
1755 2413 1838 2446 Dens;

1050 2457 1234 2485 conﬁteantur
1254 2457 1313 2489 tibi,
1334 2468 1342 2483 ι
1366 2462 1419 2485 etc.

1086 2504 1161 2532 Psal.
1177 2512 1250 2531 vatt
1264 2524 1270 2535 .
1297 2504 1389 2531 27-53.
1407 2520 1440 2524 —
1456 2515 1464 2530 ι
1485 2505 1513 2532 In
1535 2505 1660 2533 ecclesiis
1684 2506 1839 2535 benedicite

1052 2550 1108 2578 Deo
1122 2550 1248 2583 Domino,
1265 2550 1299 2578 de
1311 2551 1433 2579 fontibus
1446 2551 1539 2579 Israel.
1552 2551 1646 2587 Regna
1664 2557 1756 2586 terrae,
1773 2561 1838 2581 can-

1051 2600 1106 2624 tatc
1126 2595 1190 2627 Deo,
1211 2596 1320 2630 psallite
1335 2596 1460 2624 Domino.
1483 2605 1494 2622 ι

1085 2642 1159 2669 Psal.
1176 2651 1268 2674 Lxxvt,
1283 2643 1309 2669 4.
1326 2653 1377 2669 -αι
1398 2643 1500 2672 Memor
1518 2645 1554 2672 l'tti
1574 2644 1632 2677 Dei,
1647 2650 1674 2673 et
1686 2645 1838 2674 delectatus

1051 2697 1123 2719 sttuit,
1139 2693 1166 2715 et
1180 2689 1350 2716 exercitatus
1367 2697 1438 2717 sutn.
1461 2699 1470 2715 ι

1087 2735 1161 2762 Psal.
1181 2743 1313 2768 Lxxxvut,
1338 2736 1365 2763 2.
1383 2752 1417 2756 ~-
1438 2746 1447 2763 ι
1468 2736 1673 2766 Misericordias
1692 2743 1763 2770 tuas.
1786 2737 1839 2766 Do-

1051 2792 1134 2824 mine,
1151 2793 1177 2819 itt
1189 2796 1321 2820 aeternum
1333 2794 1464 2828 cantabo;
1484 2794 1511 2822 ιιι
1530 2795 1736 2831 generationem
1749 2801 1776 2823 et
1792 2803 1834 2831 ge-

1050 2837 1231 2872 nerationem,
1252 2848 1261 2865 ι
1277 2844 1331 2867 etc.

1565 2889 1603 2920 43
