2074 3115
262 95 330 126 1355

294 152 370 181 Ρσηί.
389 159 442 185 xu,
462 153 489 180 2.
502 167 536 172 —
553 162 562 178 1
582 153 685 180 Bonum
711 159 751 181 est
770 156 894 183 conﬁteri
921 157 1044 189 Domino,
1062 162 1083 189 Α

258 204 285 227 ot
298 199 415 235 psallere
430 199 532 226 nomini
549 203 608 231 tuo,
625 210 634 226 ι
653 205 706 228 etc.

296 246 370 273 Psnl.
388 253 459 278 xcrv,
478 244 502 272 ί.
517 260 552 265 --
570 254 578 270 1
598 245 704 278 Venite,
730 248 902 276 cxsultcmus
918 248 1043 282 Domino,

256 292 404 326 jubilemus
419 291 484 323 Deo,
505 300 513 316 ι
536 296 590 318 etc.

294 337 368 364 l’ral.
392 344 453 369 xcv,
478 337 535 364 2-7.
555 346 609 363 —1
629 338 744 365 Canlale
771 338 886 366 Domino
905 339 1043 367 canticum

256 392 356 412 novum
373 393 379 411 :
396 388 506 411 cantate
521 384 647 416 Domino,
669 385 759 412 omnis
776 389 860 412 terra.
874 385 975 413 Alter-to
990 385 1044 413 D0-

256 426 341 462 ndno,
363 429 459 464 patriae
475 430 610 464 gentium,
636 430 732 461 ali‘erte
748 430 865 458 Domino
881 432 997 467 gloriam
1017 435 1044 459 et

256 474 397 502 honorem.
417 483 426 500 ›

290 520 367 547 Ρδαι.
395 528 487 553 xcvm,
515 520 541 547 5.
557 535 591 540 -——
616 530 624 545 1
644 520 771 548 Exaltate
791 521 936 548 Dominum
959 522 1042 549 Deum

254 574 390 600 nostrum,
409 573 434 595 ol
455 569 575 596 adorato.
596 577 604 593 ι
762 560 776 566 ”

290 614 365 642 Psal.
390 622 463 646 xcrx,
483 615 509 642 9.
527 629 562 634 ——
579 624 588 639 ι
603 613 723 642 Jubilalc
748 615 811 642 Deo.
827 615 917 643 omnis
946 619 1017 643 terra
1035 624 1041 643 :

253 661 355 688 servile
371 661 487 688 Domino
507 661 533 687 in
554 661 658 688 laetitia.
677 671 686 686 ι

287 706 360 734 Ρδαί.
385 707 518 738 cmi-22.
534 717 587 733 —-1
604 708 732 740 Benedic,
747 708 838 734 anima
857 715 926 740 mea,
949 708 1042 736 Domi-

252 760 298 785 no,
313 758 339 780 ot
363 753 455 779 onmia
471 761 531 787 qum
546 754 617 780 intra
635 762 680 781 mo
695 758 770 787 sunt,
801 758 855 781 etc.
885 754 1042 782 Denedicite

252 799 377 832 Domino,
390 800 482 827 Omnia
491 807 574 834 opera
588 800 659 835 ejus,
674 801 700 827 in
717 800 790 828 omni
803 801 863 828 loco
874 801 1041 828 dominatio-

250 844 293 872 nis
304 844 374 878 ejus.
395 853 404 869 ι

284 889 359 917 Paul.
388 896 447 923 cur,
471 890 515 917 54.
539 906 574 912 —
599 899 608 916 1
627 890 784 918 Jucuudum
802 890 835 919 sit
854 891 879 919 ei
896 891 1034 926 eloquium

249 943 352 963 meum.
370 944 379 961 ι

285 980 360 1008 Psal.
381 988 435 1011 Civ,
452 980 478 1007 ί.
492 995 526 1000 ——
544 989 552 1005 1
568 980 742 1008 Contilemini
765 980 891 1014 Domino,
912 986 940 1011 ct
958 982 1036 1010 invo-

247 1031 307 1054 eate
326 1034 425 1055 nomen
441 1027 512 1062 ejus,
530 1036 540 1053 ›
557 1030 609 1055 etc.

282 1073 358 1100 Psul.
371 1081 414 1105 ον,
426 1072 496 1101 2.-
511 1081 520 1099 1
537 1072 605 1106 Quis
616 1072 744 1108 loquetur
760 1073 895 1107 potentias
908 1073 1037 1114 Domini?

247 1118 355 1146 auditas
372 1118 464 1151 faciet,
480 1128 489 1144 ι
510 1122 562 1146 ote.

281 1164 357 1191 Psal.
372 1173 416 1197 cx,
431 1165 473 1192 10.
486 1179 522 1184 ——
543 1174 551 1190 1
569 1164 703 1193 Laudatio
720 1165 780 1200 cjus
793 1170 884 1193 manet
903 1165 930 1198 in
946 1173 1034 1194 sazcu.

246 1210 300 1238 lum
319 1211 422 1239 saeculi.
446 1220 455 1237 ι

283 1255 354 1282 Paal.
379 1263 445 1289 exn,
475 1256 501 1282 1.
521 1271 556 1275 -
576 1265 585 1281 1
604 1256 735 1289 Laudato,
755 1257 844 1291 pueri,
868 1257 1032 1291 Dominum_

245 1301 352 1327 laudate
367 1308 466 1328 nomen
485 1300 603 1328 Domini.
626 1301 668 1327 Sit
684 1309 795 1334 nomen,
811 1310 821 1328 ι
838 1306 891 1330 etc.

281 1345 356 1373 Psal.
372 1353 449 1380 exul,
466 1346 510 1374 I7.
531 1361 565 1366 —
583 1355 592 1372 1
607 1346 668 1373 Non
692 1348 793 1375 mortui
817 1347 971 1375 laudabunt
995 1352 1030 1380 tr,

245 1392 371 1424 Domino,
388 1400 475 1427 neque
487 1400 594 1425 omnes,
617 1402 626 1418 ι
642 1398 696 1421 etc.

280 1438 357 1465 Paul.
384 1446 453 1473 cxv,
475 1438 519 1465 l7.
535 1454 569 1458 —
595 1448 603 1464 1
622 1438 683 1466 Tibi
718 1439 880 1467 sacriﬁcabo
912 1440 1030 1468 hostiam

244 1484 344 1518 laudis,
362 1490 390 1512 et
407 1484 433 1512 in
455 1485 566 1513 nomine
583 1485 702 1518 Domini,
722 1495 731 1511 ι
750 1489 803 1513 etc.

278 1529 440 1563 Psal.cxv1,
465 1531 491 1559 1.
515 1546 550 1551 —-
577 1540 586 1557 1
611 1530 734 1558 Laudato
756 1530 914 1563 Dominum,
934 1537 1029 1558 omnes

243 1581 337 1612 gentes
354 1586 360 1604 :
379 1576 498 1610 laudate,
521 1586 530 1603 ι
548 1581 602 1605 etc.

277 1622 353 1649 Psal.
370 1630 483 1656 cxxxiii,
500 1623 525 1651 Ι.
542 1637 577 1642 -
595 1632 604 1648 1
625 1619 693 1650 Ecee
712 1630 785 1651 nunc
798 1622 954 1650 benedicito
978 1622 1030 1650 Do-

243 1668 358 1695 minum.
375 1677 384 1693 ι
706 1699 709 1702 Δ

277 1725 352 1752 Ρδιιι.
367 1732 477 1757 cxxuv,
492 1725 517 1752 5.
538 1740 572 1745 —
595 1734 604 1751 1
620 1724 734 1752 Psallite
751 1723 857 1751 nomini
871 1722 943 1758 ejus,
961 1730 1031 1758 quo-

242 1771 314 1798 niam
332 1778 424 1798 suave.
443 1770 577 1804 Quoniam
594 1768 690 1803 Iacob,
710 1778 719 1795 ι
737 1773 790 1796 etc.

275 1827 351 1855 Psal.
364 1835 454 1860 CXLVI,
471 1828 496 1854 ί.
512 1841 547 1845 -
562 1836 571 1852 1
587 1825 709 1854 Laudato
723 1825 881 1856 Dominum,
898 1824 1030 1858 quoniam

241 1875 329 1902 honus
343 1880 387 1901 eSt
402 1874 526 1910 psalmus
548 1881 556 1901 :
573 1874 628 1901 Deo
642 1876 748 1904 nostro,
769 1880 778 1896 ι
797 1874 851 1898 etc.

277 1929 355 1958 Prov.
374 1937 421 1963 vn,
444 1930 471 1958 2.
486 1945 521 1950 —-
541 1939 550 1956 1
568 1929 679 1957 Honora
706 1927 863 1959 Dominum,
878 1930 905 1955 et
930 1929 1030 1961 potens

240 1978 295 2005 eris
314 1986 321 2004 :
340 1981 438 2012 praeter
454 1984 516 2004 eum
531 1976 667 2004 neminem
689 1975 826 2003 timueris.
848 1983 857 2000 ι

275 2035 332 2062 lsa.
349 2043 408 2068 vm,
435 2035 479 2062 15.
490 2049 525 2054 ——
542 2044 551 2060 1
568 2034 712 2062 Dominum
740 2034 830 2069 ipsum
845 2031 1028 2064 sanctiﬁcatc,

239 2085 266 2109 et
284 2082 340 2116 ipse
354 2081 407 2108 erit
425 2081 508 2107 timor
520 2085 594 2108 tuus.
613 2080 645 2107 Et
662 2080 685 2108 si
703 2080 730 2106 in
756 2080 817 2115 ipso
836 2078 963 2105 ﬁduciam
979 2078 1028 2104 ha-

239 2128 343 2161 bueris,
361 2128 415 2155 erit
431 2127 480 2155 tibi
495 2127 523 2154 in
540 2126 797 2155 sanctiﬁcationom.
821 2134 830 2150 ι

276 2184 333 2210 Ιδα.
361 2192 427 2216 λιιι,
447 2183 491 2211 l0.
512 2198 548 2204 -
572 2192 580 2208 1
599 2182 715 2209 Cantate
739 2179 855 2207 Domino
885 2178 1024 2206 canticum
1044 2174 1064 2202 1)

239 2236 339 2256 novum
354 2238 360 2255 :
377 2228 546 2264 principatus
567 2227 627 2262 ejus
641 2225 811 2261 gloriﬁcatur
833 2231 848 2251 a
866 2223 1025 2251 summitate

238 2280 327 2303 terra.
345 2285 354 2302 ι

274 2333 329 2361 lsa.
350 2341 414 2365 Lvn,
435 2332 477 2360 ll.
491 2347 526 2352 —
545 2341 554 2357 1
572 2331 625 2358 Pro
646 2338 679 2358 eo
698 2330 770 2365 quod
798 2336 852 2356 non
881 2327 1024 2355 recordata

236 2388 266 2409 cs
282 2381 344 2413 mei,
360 2388 411 2408 nec
431 2379 546 2415 posuisti
563 2386 605 2406 mc
617 2379 642 2405 in
660 2376 745 2405 cordo
762 2383 820 2407 tuo,
841 2379 867 2402 et
880 2382 929 2410 ego
948 2379 973 2400 to
986 2373 1024 2399 vi-

235 2427 303 2455 dens
317 2426 447 2461 despicio.
467 2435 476 2451 ›

270 2482 328 2511 Isa.
347 2491 395 2515 xu,
408 2483 434 2509 4.
453 2498 487 2503 -—
514 2491 522 2506 1
538 2480 660 2508 Laudato
680 2477 838 2507 Dominum,
853 2474 1024 2501 conclamato

234 2536 333 2557 nomen
348 2528 419 2563 cjus.
436 2537 445 2553 ι

268 2585 367 2613 Jerem.
388 2593 451 2618 xui,
472 2583 515 2611 16.
537 2598 571 2603 —
589 2591 599 2607 1
616 2581 682 2608 Date
709 2580 825 2607 Domino
851 2576 906 2604 Deo
929 2578 1023 2603 vestro

233 2635 361 2669 gloriam,
379 2635 525 2666 antequam
546 2627 785 2657 contenebrescat,
805 2623 885 2660 427
902 2626 929 2650 et
945 2626 1022 2648 auto-

234 2688 314 2714 quam
330 2678 471 2706 olrendant
484 2676 565 2712 pedes
582 2674 616 2702 ad
632 2677 739 2701 montes
752 2671 929 2706 caliginosos.
946 2677 955 2693 ι

269 2736 340 2762 Dan.
357 2744 388 2767 ιι,
407 2735 452 2762 20.
463 2749 498 2755 -—
517 2743 525 2760 1
545 2734 587 2761 Sit
605 2739 705 2760 nomen
722 2729 769 2757 Dei
786 2726 974 2757 benedictum,
990 2731 1023 2751 ex

234 2776 287 2808 hoc
300 2790 372 2808 nunc
387 2786 413 2809 et
427 2787 515 2816 usque
533 2781 561 2808 in
580 2778 731 2810 saeculum;
751 2775 818 2811 quia
835 2772 975 2809 sapientia
995 2774 1023 2798 et

236 2827 357 2855 laudatio
372 2828 457 2862 ipsius
473 2830 547 2856 sunt.
568 2835 577 2852 ι

848 99 877 127 s.
898 87 1058 130 JDANNIS
1076 101 1292 131 DAMASCENI

1824 104 1889 135 1356

1136 169 1145 184 1
1173 160 1286 193 Ἀγαθὸν
1300 161 1328 185 τὸ
1345 160 1569 194 ἑξομυῖι.ο·ί;ῖσοαι
1584 160 1621 195 τῷ
1639 161 1743 197 Κυρίῳ,
1757 164 1804 190 καὶ
1817 162 1887 198 ψάλ-

1096 207 1153 231 λειν
1168 206 1206 240 τῷ
1218 206 1330 239 ὀνόματί
1349 215 1405 232 σου.
1431 216 1438 230 ι

1136 259 1144 275 1
1163 250 1256 282 Δεῦτε,
1286 251 1517 285 ἀγαλλιατώμεοα
1530 251 1570 287 τῷ
1585 253 1691 289 Κυρίῳ,
1706 253 1887 291 ἀλαλάξωμεν

1096 295 1134 331 τῷ
1147 295 1215 330 Θεῷ.
1228 305 1237 320 ι

1133 351 1143 367 1
1161 341 1262 376 ’ᾼσατε
1280 341 1318 376 τῷ
1337 341 1432 377 Κυρίῳ
1448 340 1524 378 ᾆσμα
1538 345 1641 372 καινόν.
1660 345 1761 379 ᾊσατε
1774 347 1814 382 τῷ
1829 348 1886 374 Κυ-

1098 386 1159 422 ρίῳ,
1181 388 1257 414 πᾶσα
1280 389 1296 423 ἡ
1313 389 1359 424 γῆ.
1386 389 1531 423 Ἐνέγκατε
1545 390 1584 426 τῷ
1599 391 1704 427 Κυρίῳ,
1722 393 1750 419 αί
1768 394 1887 429 πατρίαι

1095 433 1149 459 τῶν
1165 433 1262 466 ἐθνῶν,
1277 434 1408 468 ἐνέγκατε
1427 436 1465 471 τῷ
1483 437 1579 472 Κυρίῳ
1599 437 1678 471 δόξαν
1691 440 1738 466 καὶ
1753 440 1849 476 τιμήν.
1871 451 1881 467 ι

1133 536 1142 552 ‹
1168 526 1283 562 ’Υψοῦτε
1308 528 1411 563 Κύριον
1432 529 1478 555 τὸν
1503 529 1570 556 Θεὸν
1584 531 1675 566 ἡμῶν,
1692 532 1739 559 καὶ
1761 541 1883 568 προσκυ-

1094 579 1175 598 νειτε.
1194 582 1203 597 1

1132 626 1141 642 1
1161 617 1327 649 Ἀλαλάξατε
1341 619 1380 653 τῷ
1392 619 1463 654 θεῷ,
1480 621 1555 648 πᾶσα
1573 623 1588 657 ή
1603 623 1636 658 γῆ
1649 632 1655 637 ·
1668 623 1830 651 δουλεύω-ατε
1843 625 1882 660 τῷ

1094 663 1190 698 Κυρίῳ
1203 663 1231 689 ὲν
1246 663 1412 701 εὐφροσύνῃ.
1434 675 1442 690 ι

1132 718 1141 734 1
1163 709 1288 743 Εὐλόγει,
1303 711 1319 745 ὴ
1335 709 1407 745 ψυχή
1426 719 1477 745 μου
1487 712 1532 738 τὸν
1548 712 1663 748 Κύριον,
1683 714 1729 741 καὶ
1745 714 1833 741 πάντα
1848 716 1880 742 τὰ

1092 755 1168 786 ἐντός
1188 763 1251 790 μου.
1275 756 1418 790 Εὑλογεῐτε
1448 757 1493 783 τὸν
1513 758 1626 794 Κύριον,
1647 760 1735 787 πάντα
1752 762 1784 787 τὰ
1812 762 1879 797 ἔργα

1093 801 1188 834 αὐτοῦ,
1203 801 1232 828 ὲν
1248 802 1330 828 παντὶ
1342 802 1417 837 τόπῳ
1428 803 1477 837 τῆς
1488 803 1647 836 δεσποτείας
1663 805 1755 833 αὐτοῦ.

1129 900 1137 917 1
1163 890 1307 926 Ἠδυνοείη
1319 891 1394 926 αὑτῷ
1406 892 1422 927 ἡ
1432 891 1544 927 διαλογή
1565 901 1627 928 μου.
1644 903 1653 920 ι

1127 990 1135 1006 1
1160 981 1382 1017 Ἐξομολογεῖσοε
1408 982 1447 1018 τῷ
1476 983 1583 1018 Κυρίῳ,
1611 984 1658 1011 καὶ
1676 984 1877 1012 ὲπικαλέσασθε

1088 1026 1118 1053 τὺ
1136 1027 1222 1062 ὖνομα
1233 1027 1326 1054 αὑτοῦ.
1345 1030 1364 1054 ι’

1127 1081 1135 1097 1
1158 1071 1205 1103 Τίς
1220 1072 1332 1107 λαλήσει
1348 1072 1396 1104 τὰς
1421 1072 1581 1105 δυναστείας
1590 1072 1637 1100 τοῦ
1653 1074 1777 1109 Κυρίου;
1795 1075 1876 1101 ἀκου-

1088 1117 1152 1149 στὰς
1165 1118 1287 1153 ποιήσει.
1307 1127 1317 1144 ι

1126 1173 1135 1190 1
1160 1164 1192 1190 'H
1218 1163 1322 1196 αἴνεσις
1340 1164 1423 1191 αὐτοῦ
1454 1164 1531 1201 μένει
1555 1165 1595 1196 εἰς
1625 1164 1672 1192 τὸν
1700 1165 1787 1192 αἰῶνα
1827 1165 1873 1192 τοῦ

1086 1210 1193 1243 αἰῶνος.
1212 1220 1222 1237 ι

1124 1265 1133 1282 1
1152 1257 1272 1289 Αἰνεῖτε,
1287 1254 1517 1289 παῖδες,Κύριον,
1534 1255 1636 1282 αἰνεῖτε
1660 1255 1691 1282 τὸ
1710 1256 1794 1291 ὄνομα
1817 1256 1873 1283 Κυ-

1088 1302 1157 1337 ρίου.
1174 1301 1224 1336 Εῑη
1234 1301 1264 1327 τὺ
1276 1300 1373 1335 ὄνομα,
1393 1309 1402 1325 ›
1419 1308 1446 1326 κ.
1461 1308 1486 1327 τ.
1501 1308 1525 1326 ε.

1122 1357 1133 1374 ι
1149 1348 1205 1382 UDX
1219 1347 1244 1373 οἰ
1260 1346 1352 1382 νεκροὶ
1370 1345 1509 1373 αἰνέσουσί
1523 1354 1564 1379 σε,
1576 1346 1674 1381 Κύριε,
1692 1347 1752 1373 οὐδὲ
1772 1347 1872 1379 πάντες

1083 1395 1107 1421 οἰ
1124 1394 1334 1425 καταϐαίνοντες
1356 1393 1395 1424 είς
1412 1392 1489 1428 ᾅδου.
1514 1402 1524 1419 ι

1120 1448 1129 1466 1
1152 1440 1198 1467 Σοὶ
1209 1439 1283 1466 Θύσω
1298 1439 1395 1466 Θυσίαν
1412 1437 1554 1472 αἰνέσεως,
1579 1439 1626 1466 καὶ
1640 1440 1670 1466 ὲν
1686 1438 1801 1475 ὀνόματι
1812 1439 1870 1465 Κυ-

1043 1510 1065 1541 c
1084 1487 1159 1541 ρίου.ι
1170 1496 1180 1541 'r

1119 1541 1129 1559 1
1144 1532 1250 1559 Αἰνεῐτε
1262 1529 1307 1557 τὸν
1320 1531 1433 1565 Κύριον,
1442 1529 1530 1557 πάντα
1539 1530 1573 1557 τὰ
1583 1529 1658 1565 ἔθνη·
1670 1530 1842 1557 ἐπαινέσαιτε.
1855 1537 1867 1555 ι

1119 1631 1128 1648 ‹
1154 1621 1219 1648 ’ἰδοὺ
1236 1619 1268 1656 δὴ
1286 1620 1424 1654 εὐλογεῖτε
1439 1619 1486 1646 τὸν
1498 1619 1613 1655 Κύριον,
1632 1619 1733 1650 πάντες
1745 1618 1768 1645 οἰ
1780 1617 1869 1644 δοῦλοι

1080 1668 1194 1705 Κυρίου.
1207 1677 1216 1693 ι

1118 1736 1128 1752 1
1145 1725 1257 1752 Ψάλατε
1268 1724 1306 1760 τῷ
1330 1723 1443 1759 ὀνόματι
1465 1722 1547 1750 αὑτοῦ
1567 1723 1609 1750 δτι
1629 1722 1722 1749 καλόν.
1746 1721 1807 1748 Ὀτι
1822 1720 1869 1748 τὸν

1088 1772 1195 1806 Ἰακὼϐ,
1215 1781 1224 1798 ›
1242 1779 1270 1799 κ.
1282 1780 1307 1798 τ.
1322 1780 1346 1797 ε.

1119 1838 1128 1854 1
1148 1829 1253 1855 Αἰνεῖτε
1267 1828 1311 1854 τὸν
1327 1827 1440 1862 Κύριον,
1456 1826 1496 1853 ὅτι
1515 1825 1617 1860 ἀγαθὸς
1628 1825 1743 1862 ψαλμδς,
1757 1825 1795 1860 τῷ
1809 1824 1869 1860 Θεῷ

1081 1874 1168 1910 ἡμῶν.
1189 1884 1198 1899 ι

1119 1940 1127 1955 1
1141 1931 1215 1966 Τίμα
1231 1930 1276 1957 τὸν
1292 1931 1406 1965 Κύριον,
1429 1931 1477 1958 ita).
1496 1930 1631 1966 ἰσχύσεις·
1651 1929 1720 1964 πλὴν
1738 1928 1766 1955 δὲ
1784 1926 1868 1954 αὑτοῦ

1083 1978 1120 2013 μὴ
1131 1977 1217 2012 φοϐοῦ
1228 1977 1318 2004 ἄλλον.
1338 1987 1348 2003 ι

1118 2034 1243 2069 «Κύριον
1271 2033 1352 2060 αὐτὸν
1372 2032 1516 2067 ἁγιάσατε,
1547 2031 1593 2058 καὶ
1621 2031 1701 2062 αὐτὸς
1725 2030 1802 2057 ἔσται
1820 2037 1867 2056 σου

1081 2081 1172 2115 φόϐος.
1191 2081 1245 2107 Καὶ
1260 2080 1307 2107 ἐὰν
1318 2079 1360 2106 ἐπ’
1374 2079 1449 2114 αὐτῷ
1469 2077 1607 2109 πεποιθὼς
1621 2075 1665 2113 ᾖς,
1680 2076 1757 2103 ἔσται
1774 2084 1815 2103 σοι
1826 2076 1867 2107 εἰς

1079 2127 1213 2161 ἁγίασμα.
1231 2135 1241 2152 ι

1117 2193 1127 2209 1
1150 2182 1305 2218 ’Υμνήσατε
1330 2181 1369 2216 τῷ
1383 2180 1443 2216 Θεῷ
1459 2180 1543 2215 ὕμνον
1558 2179 1668 2206 καινόν’
1685 2179 1702 2213 ἡ
1722 2178 1794 2215 ἀρχὴ
1816 2177 1868 2204 αὐ-

1078 2228 1124 2255 τοῦ
1139 2227 1280 2260 δοξάζεται
1291 2227 1344 2254 ἀπὸ
1361 2226 1446 2261 ἄκρου
1462 2225 1511 2260 τῆς
1524 2225 1587 2259 γῆς.
1610 2234 1618 2250 ι

1117 2339 1126 2355 1
1154 2327 1223 2355 ‘AVO‘
1239 2323 1276 2355 ὧν
1291 2327 1340 2353 οὐκ
1354 2324 1494 2360 ἐμνήσθης
1516 2332 1577 2359 μου,
1593 2322 1655 2349 οὐδὲ
1667 2320 1762 2352 ἔλαϐές
1779 2328 1812 2355 με
1825 2319 1868 2351 εἰς

1077 2376 1126 2411 τὴν
1140 2375 1252 2410 καρδίαν
1265 2382 1323 2406 σου,
1344 2372 1422 2407 κάγὼ
1434 2380 1464 2398 σε
1485 2370 1548 2398 ἰδὼν
1568 2368 1693 2404 παρορῶ.
1714 2376 1723 2393 ι

1118 2488 1126 2503 1
1152 2477 1276 2513 Ὑμνεῖτε
1300 2475 1344 2502 τὸν
1361 2474 1474 2510 Κύριον,
1491 2472 1572 2508 βοᾶτε
1586 2471 1615 2498 τὸ
1630 2470 1715 2505 ὖνομα
1736 2466 1831 2496 αὐτοῦ.
1853 2476 1863 2493 ι

1114 2585 1123 2602 1
1141 2575 1205 2602 Δότε
1217 2574 1255 2609 τῷ
1270 2572 1329 2608 Θεῷ
1342 2573 1421 2608 ἠμῶν
1448 2571 1529 2604 δόξαν
1547 2569 1601 2605 ’πρὸ
1616 2567 1664 2595 τοῦ
1687 2565 1863 2596 συσκοτάσαι,

1077 2622 1124 2649 καὶ
1147 2620 1201 2656 πρὸ
1222 2620 1269 2647 τοῦ
1291 2618 1447 2655 προσκόψαι
1472 2618 1535 2649 τοὺς
1555 2615 1640 2646 πόδας
1662 2612 1738 2648 ὑμῶν
1754 2611 1798 2637 ἐπ’
1812 2610 1864 2647 ὅρη

1078 2666 1213 2694 σκοτεινά.
1235 2675 1244 2692 ι

1115 2734 1123 2750 1
1142 2724 1191 2758 Εἴη
1214 2723 1245 2749 τὸ
1260 2722 1346 2757 ὄνομα
1373 2720 1420 2748 τοῦ
1443 2718 1511 2747 Θεοῦ
1536 2715 1719 2752 εύλογημένον
1739 2712 1793 2758 ἀπο
1816 2710 1864 2738 τοῦ

1076 2771 1135 2803 νῦν,
1153 2769 1201 2796 καὶ
1216 2768 1269 2800 ἓως
1284 2767 1331 2794 τοῦ
1347 2766 1454 2800 αἰῶνος,
1472 2765 1513 2792 ὅτι
1533 2763 1550 2799 ἢ
1565 2762 1645 2798 σοφία
1671 2759 1717 2788 καὶ
1729 2758 1750 2794 ἡ
1763 2756 1867 2787 nivem;

1079 2815 1162 2843 αὑτοῦ
1183 2815 1252 2841 ἐστι.
1274 2823 1283 2840 ›
