2074 3115
235 133 302 167 1357

852 139 972 171 SACRA
989 139 1035 170 PA
1040 139 1062 169 Β
1068 139 1085 169 Α
1092 140 1186 172 LLEL
1191 143 1213 171 A

1795 138 1863 171 1358

267 203 276 219 ι
298 194 345 220 Δεῖ
355 191 468 227 φθάνειν
478 192 524 220 τὸν
537 192 614 227 ἥλιον
629 192 674 219 ἐπ’
684 193 863 229 εὐχαριστίας
876 195 962 230 Θεοῦί
969 197 1016 222 καὶ

1105 198 1168 231 Sap.
1185 205 1242 229 xvi.
1258 196 1303 224 28.
1319 212 1354 216 —
1371 205 1381 222 ι
1400 196 1516 232 Oportet
1541 196 1628 224 solem
1655 196 1810 231 praevenire
1828 197 1862 223 aal

227 239 297 275 πρὸς
312 238 445 275 ἀνατολὴν
463 239 552 273 φωτὸς
569 239 744 274 ἐντυγχάνειν
760 240 844 274 αὐτῷ,
867 250 876 266 ι

265 342 275 359 t
295 331 355 360 Ζῶν
368 331 416 360 καὶ
430 331 509 367 ὑγιὴς
523 332 626 359 αἰνέσει
638 331 685 358 τὸν
704 331 815 367 Κύριον.
835 341 844 357 ι

267 430 276 446 ι
298 420 456 455 Εὑλύγησον
475 421 522 448 τὸν
534 421 649 456 Κύριον,
661 421 708 448 τὸν
734 421 888 456 ποιήσαντά
910 429 951 451 σε,
971 422 1019 448 καὶ

229 465 401 501 μεθύσκοντα
417 474 447 492 σε
462 465 517 492 ἀπὺ
529 466 584 494 τῶν
603 465 714 500 ἀγαθῶν
729 465 825 494 αὑτοῦ.
843 476 853 492 ι

264 520 274 537 ι
291 511 466 546 Εὐλογήσατε
478 512 524 539 τὸν
536 511 640 547 Κύριον
658 513 687 540 ὲν
704 513 772 540 πᾶσι
795 514 852 545 τοῖς
864 513 954 548 ἔργοις
969 514 1019 541 αὑ-

228 556 286 583 τοῦ·
297 556 357 583 δότε
372 557 412 593 τῷ
428 557 631 593 ὀνόματιαύτοῦ
640 558 846 594 μεγαλωσύνην,
857 559 905 586 καὶ
921 559 1018 595 ἐξομο-

227 603 383 638 λογῆσασθε
405 603 434 630 ὲν
449 604 552 631 αἰνέσει
574 604 668 638 αὑτοῦ,
690 605 719 631 ἔν
732 604 815 640 ᾠδαῖς
840 605 950 640 χειλέων
969 606 1016 633 καὶ

227 648 257 675 ἐν
272 648 424 684 κιννύραις.
446 658 456 675 ι

266 704 276 720 ‹
295 694 398 730 Κύριον
414 695 461 723 τὸν
474 695 592 730 Χριστὸν
613 695 746 729 ἁγιάσατε
766 696 795 721 ὲν
812 695 873 726 ταῖς
893 693 1018 730 καρδίαις

227 740 316 776 ἡμῶν.
336 750 346 767 ι

264 784 350 814 Τοῦτό
370 787 429 815 ἐστι
451 787 519 815 Θεοῦ
543 787 693 823 ἑνοίκησις,
717 788 748 814 τὺ
768 787 813 814 διὰ
834 787 883 822 τῆς
907 787 1018 823 μνήμης

229 832 406 868 ἐνιδρυμένον
421 832 495 869 ἔχειν
509 833 538 860 ἐν
548 832 638 868 ἑαυτῷ
650 833 696 860 τὸν
709 833 786 860 Θεόν.

264 931 302 957 To
318 931 410 967 ἱλαρὸν
431 932 480 960 καὶ
495 933 600 960 ἄλυπον
617 933 667 968 τῆς
696 933 785 969 ψυχῆς
805 933 970 969 κατάστημα
991 934 1018 960 αἱ

230 976 285 1003 τῶν
301 977 394 1012 ὕμνων
412 978 584 1014 παρηγορίαι
599 979 768 1014 χαρίζονται.

264 1024 365 1057 Δόξαζε
389 1025 436 1052 τὸν
456 1025 589 1061 Ποιητὴν,
614 1027 644 1053 ἐν
668 1022 691 1060 ᾧ
711 1025 824 1062 ἐκτίσθη
849 1026 885 1053 τὰ
911 1026 1018 1058 πάντα.

231 1068 286 1096 εἴτε
301 1070 398 1105 ὁρατὰ,
413 1071 468 1097 εἴτε
484 1071 600 1107 ἀόρατα,
617 1071 673 1098 εἶτε
686 1072 770 1108 ἀρχαὶ
781 1092 789 1104 ,
811 1072 866 1099 εἴτε
882 1072 1017 1105 ἐξουσίαι,

231 1115 279 1142 καὶ
302 1117 330 1143 εἴ
349 1117 422 1149 τινές
437 1118 507 1145 είσιν
530 1118 623 1154 ἕτεραι
637 1119 746 1153 λογικαὶ
768 1118 865 1154 φύσεις
888 1119 1018 1146 ἀκατονό-

233 1170 341 1190 ααστοι.

265 1252 318 1279 Τὸν
343 1252 411 1279 Θεδν
433 1253 626 1289 γνωρίσωμεν,
657 1253 703 1281 τὸν
729 1254 868 1282 κτίσαντα
897 1263 1019 1290 προσκυ-

230 1297 368 1333 νήσωμεν,
398 1298 437 1334 τῷ
465 1299 591 1335 Δεσπότῃ
607 1299 806 1335 δουλεύσωμεν,
831 1300 878 1327 τὸν
909 1301 1020 1336 Πατέρα

228 1344 399 1380 δοξάσωμεν,
411 1346 455 1373 τδν
467 1347 571 1382 τροφέα
580 1347 659 1383 ἡμῶν
671 1348 871 1384 ἁγαπήσωμεν,
884 1349 929 1376 τὸν
940 1349 1019 1385 εὐερ-

229 1391 313 1426 γέτην
334 1392 570 1428 αἰδεσθησώμεθα,
589 1393 635 1420 τὸν
650 1393 773 1429 ἀρχηγὸν
786 1395 835 1430 τῆς
851 1394 924 1430 ζωῆς
941 1395 1019 1430 ἡμῶν

229 1437 278 1472 τῆς
294 1438 446 1479 παρούσης,
469 1440 518 1467 καὶ
548 1440 597 1475 τῆς
625 1439 788 1476 μελλούσης,
821 1441 870 1468 καλ⁸
896 1449 1019 1477 προσκυ-

232 1483 343 1516 νοῦντες
359 1485 396 1520 μὴ
411 1484 551 1520 λήξωμεν.

265 1528 321 1564 Τὴν
341 1529 391 1563 τῆς
408 1529 539 1562 αἰνέσεως
554 1530 650 1558 θυσίαν
673 1531 897 1567 ἱερουργήσωμέν
921 1540 962 1558 σοι
979 1530 1017 1566 τῷ
1030 1542 1052 1572 α

230 1573 378 1608 ἀπροσδεεϊ
394 1574 441 1600 καὶ
462 1574 557 1610 τελείῳ
576 1574 652 1610 Θεῷ*
668 1575 697 1607 ὃς
715 1576 765 1602 οὐκ
785 1577 897 1603 ἀπαιτεῖ
921 1586 1016 1612 σωμα-

228 1619 308 1650 τικὰς
321 1618 426 1651 θυσίας,
449 1619 478 1646 ἐν
492 1617 537 1651 αῖς
554 1620 763 1648 πλεονεκτοῦσιν
777 1622 802 1648 οἱ
820 1622 1017 1658 εὐπορώτεροι,

228 1665 298 1692 ἀλλὰ
308 1665 359 1702 τὴν
372 1665 426 1693 ἀπὸ
440 1666 589 1698 διαθέσεως
611 1667 725 1702 καρδίας
745 1668 869 1704 καθαρὰν
891 1669 1018 1704 ἐξομολό-

227 1720 320 1747 γησιν,
331 1710 366 1748 ἧς
382 1711 491 1748 μέτεστι
503 1713 586 1739 πᾶσιν
600 1713 629 1747 ἐξ
647 1713 704 1740 [σου
720 1714 776 1746 τοῖς
795 1714 980 1751 βουλομένοις.

263 1832 471 1868 Μνημονευτέον
485 1833 553 1859 Θεοῦ
570 1833 680 1868 μᾶλλον,
704 1834 720 1869 ἢ
736 1835 949 1863 ἁναπνευστέον.

263 1921 413 1953 Εὑσεὸεἰας
440 1924 573 1958 σημεῖον,
606 1924 636 1951 τὸ
668 1926 766 1960 συνεχῆ
795 1926 931 1954 ποιεῖσθαι
962 1927 1018 1955 τῶν

228 1967 372 2002 οεωτέρων
401 1968 451 2003 τὴν
471 1969 640 2005 ἐπιμέλειαν,
659 1971 706 1997 καὶ
727 1971 757 1997 τὸ
783 1974 901 2005 πυκναῖς
923 1974 1017 2001 ἐντεύ-

229 2011 304 2045 ξεσιν
319 2012 502 2046 ἐξιλεοῦσοαι.

264 2058 317 2085 Τδν
335 2058 401 2086 Θεὸν
417 2059 507 2096 ἔργοις
519 2062 635 2096 ξσεμνοίς
653 2062 743 2095 σέϐου,
766 2063 855 2097 λόγοις
873 2064 901 2091 δὲ
924 2063 1014 2100 ὕμνει,

230 2102 319 2139 ἔννοια
329 2103 407 2138 τίμα.

271 2149 367 2182 ’Δξίως
386 2151 474 2182 οὐδεὶς
493 2151 538 2178 τὸν
559 2151 626 2178 Θεὸν
648 2152 726 2188 τιμᾷ,
745 2153 813 2182 ἀλλὰ
835 2154 948 2187 δικαίως
967 2156 1015 2190 μύ-

229 2203 284 2228 νον,
301 2195 382 2222 ὁπότε
395 2196 456 2223 οὐδὲ
471 2198 526 2229 τοῖς
540 2197 665 2232 γονεῦσιν
683 2199 744 2231 ἴσας

229 2250 277 2273 τας
298 2242 446 2278 ἐνδέχεται.
475 2243 679 2280 Ἀντιγεννῆσαι
699 2245 753 2281 γὰρ
771 2247 820 2281 οὐχ
838 2244 893 2274 οἷόν
908 2256 938 2274 τε
956 2248 1015 2274 τού-

229 2296 302 2319 τους.

229 2344 320 2372 ἹῚΤΛ.
341 2345 378 2372 Δ’.
398 2361 430 2368 -
447 2346 517 2384 Περὶ
540 2348 763 2382 δικαιολογίας·
792 2351 841 2377 καὶ
862 2351 943 2384 τίνες
957 2351 1014 2378 ἑὸι-

368 2382 612 2417 κίιιολογήθησαν
626 2384 702 2417 πρὸς
722 2385 775 2411 τὸν
791 2386 875 2414 Θεόν.

265 2435 275 2451 ι
298 2426 355 2452 Οὐκ
370 2428 410 2458 είς
424 2427 469 2454 τὴν
485 2428 571 2454 αἰῶνα
588 2429 716 2464 ζήσομαι,
736 2430 778 2457 ἵνα
796 2431 1012 2469 μακροθυμήσω.

235 2470 412 2516 Ἀἰτύσειιανιέιτι1
432 2473 500 2508 ἐμοῦ
513 2481 519 2487 ·
536 2473 614 2506 κενὸς
632 2474 687 2510 γάρ
711 2483 762 2510 μου
775 2477 789 2502 ὁ
804 2477 872 2512 βίος.
898 2478 945 2510 Τίς
959 2480 1014 2516 γάρ

230 2515 303 2561 εστιν
317 2515 470 2552 ἄνθρωπος,
486 2518 528 2545 ὃτι
543 2520 717 2554 ὲμεγάλυνας
732 2522 823 2556 αὐτὸν,
839 2523 855 2559 ἢ
869 2524 911 2551 ὅτι
929 2515 1014 2561 προσ-

229 2559 302 2595 ἐχεις
323 2561 368 2588 τὸν
383 2563 446 2590 νοῦν
465 2565 506 2596 είς
521 2565 602 2592 αὐτόν
615 2574 622 2599 ;
635 2566 650 2601 ἢ
665 2567 818 2604 ἐπισκοπὴν
835 2570 920 2597 αὑτοῦ
935 2559 1013 2607 τιοιή-

229 2617 286 2640 σεις
302 2608 355 2640 ἕως
375 2609 457 2646 πρωῒ,
480 2612 529 2638 καὶ
555 2613 594 2644 είς
613 2613 768 2641 ἀνάπαυσιν
790 2615 871 2643 αὑτὸν
895 2619 1011 2654 κρινεῖς;

229 2654 301 2686 Ἕως
317 2654 389 2687 τίνος
404 2656 453 2683 οὑκ
463 2657 510 2692 ἐᾷς
525 2667 569 2693 με,
585 2659 645 2686 οὐδὲ
661 2661 744 2697 προΐῃ
757 2670 802 2696 με,
818 2663 871 2695 ἓως
882 2663 915 2690 ἂν
926 2673 1011 2692 κατα-

228 2700 283 2727 πίω
296 2701 342 2727 τὸν
353 2701 468 2728 πτύελον
484 2711 535 2737 μου
552 2704 581 2730 ὲν
593 2705 690 2741 ὀδύνῃ;
705 2707 736 2734 Et
757 2707 813 2742 ἐγὼ
832 2709 968 2744 ἥμαρτον,
985 2711 1013 2738 τί

227 2745 379 2782 δυνήσομαι.
392 2747 506 2783 πρᾶξαι,
524 2749 539 2775 ὁ
549 2750 733 2785 ἐπιστάμενος
758 2753 804 2780 τὸν
823 2754 886 2782 νοῦν
897 2756 951 2782 τῶν
965 2757 1012 2783 ἀν-

229 2792 346 2828 θρώπων
358 2802 365 2826 ;
379 2793 429 2820 Διὰ
445 2793 471 2820 τί
489 2794 550 2821 ἔθου
565 2803 598 2830 με
616 2798 817 2834 κατεντεὺκτην
836 2809 892 2832 σου,
913 2802 971 2837 είμὶ
984 2803 1013 2830 δὲ

230 2839 275 2882 ἐπ’)
295 2839 337 2865 σοὶ
354 2839 479 2875 φορτίον;
503 2840 550 2866 καὶ
565 2840 608 2868 διὰ
624 2841 649 2868 τί
678 2843 728 2870 οὐκ
744 2844 865 2880 ἐποιήσω
884 2846 934 2881 τῆς
951 2848 1012 2875 ἀνο-

1073 244 1177 279 gratias
1193 242 1313 278 agendas
1334 242 1400 276 Deo,
1415 247 1442 271 et
1459 243 1492 270 ad
1506 247 1598 271 ortum
1616 243 1684 271 solis
1705 243 1863 278 supplicare

1073 291 1110 318 ei.
1136 300 1145 316 ι

1109 335 1195 363 Eccli.
1208 343 1276 367 xvn,
1292 335 1337 362 28.
1350 350 1386 355 -—
1400 343 1409 361 ι
1422 334 1510 363 Vivus
1527 338 1554 362 et
1574 342 1658 363 sanus
1674 334 1794 362 laudabit
1810 333 1863 361 Do-

1072 381 1190 409 minum.
1211 391 1221 408 ι

1107 426 1193 453 Eocli.
1208 434 1294 460 xxxii,
1322 427 1367 453 i7.
1384 440 1420 446 ——
1446 436 1454 452 ι
1471 426 1591 453 Benedic
1625 426 1792 459 Dominum,
1816 427 1862 461 qui

1073 472 1140 500 fecit
1152 475 1190 506 te,
1210 476 1238 500 et
1256 472 1306 507 qui
1324 471 1444 499 inebriat
1459 474 1487 499 te
1503 471 1584 499 bonis
1604 472 1673 500 suis.
1691 481 1701 498 ι

1107 518 1193 547 Eccli.
1222 527 1316 554 xrxrx,
1345 518 1390 546 i9.
1408 534 1442 539 —
1462 519 1650 550 cBencdicite
1666 518 1812 546 Dominum
1834 519 1861 546 in

1071 564 1202 592 omnibus
1219 561 1350 599 operibus
1360 564 1433 599 ejus,
1448 569 1475 592 et
1484 564 1548 592 date
1563 563 1668 591 nomini
1682 562 1743 598 ejus
1758 564 1863 599 magni-

1073 610 1222 644 ﬁcentiam,
1243 615 1270 637 et
1290 610 1462 638 conﬁtemini
1477 610 1504 637 in
1526 610 1687 637 laudatione
1701 610 1773 645 ejus,
1788 613 1815 637 et
1834 609 1862 637 in

1070 656 1189 684 canticis
1207 656 1360 689 labiorum,
1376 658 1403 683 et
1421 657 1449 683 in
1469 655 1602 690 cinnyris.
1621 665 1632 681 ι

1109 702 1209 730 IPetr.
1225 710 1266 734 tu,
1286 702 1330 730 15.
1348 717 1382 723 --
1402 711 1412 727 ‹
1432 701 1579 729 Dominum
1595 701 1737 728 Christum
1758 701 1862 728 sancti-

1073 748 1152 776 ﬁcate
1169 747 1199 776 in
1216 748 1348 776 cordibus
1363 747 1478 775 vestris.
1495 756 1504 772 I

1108 794 1215 822 Basilii.
1237 809 1272 816 —
1295 794 1343 822 Dei
1369 793 1537 821 inhabitatio
1557 793 1584 819 in
1602 792 1655 820 hoc
1680 793 1733 820 sita
1760 796 1813 825 est,
1833 797 1862 819 ιιι.

1072 841 1219 876 quisquam
1235 840 1321 868 Deum
1335 847 1385 876 per
1394 839 1618 868 recordationem
1632 839 1659 866 in
1670 838 1764 874 seipse
1777 838 1860 866 ﬁxum

1035 874 1058 902 Β
1071 874 1186 915 habeat.

1107 933 1246 968 Ejusdem.
1258 948 1293 954 —
1307 931 1428 960 Hilarem
1442 936 1471 960 et
1489 935 1629 967 expertem
1648 931 1778 959 maeroris
1805 935 1862 958 sta-

1070 982 1129 1007 tum
1151 979 1315 1015 hymnorum
1331 979 1539 1008 consolationes
1554 979 1648 1006 animo
1667 981 1813 1011 praestant.

1106 1026 1247 1061 Ejusdem.
1258 1041 1294 1048 -—
1310 1025 1452 1055 Creatoris
1474 1024 1592 1060 gloriam
1608 1023 1740 1059 praedica.
1763 1024 1790 1050 in
1806 1030 1862 1058 quo

1070 1074 1164 1100 creata
1177 1071 1270 1099 omnia
1285 1075 1362 1105 sunt,
1377 1074 1432 1098 tam
1445 1069 1578 1102 visibilia,
1596 1076 1678 1104 quam
1696 1068 1858 1101 invisibilia,

1071 1121 1126 1143 tam
1143 1117 1327 1152 principatus,
1347 1123 1431 1151 quam
1447 1119 1611 1150 potestates,
1632 1118 1658 1142 et
1674 1114 1697 1142 si
1712 1121 1775 1149 quae
1795 1118 1862 1141 sunt

1071 1162 1134 1190 aliae
1152 1162 1303 1190 rationales
1331 1167 1449 1194 naturae,
1471 1168 1534 1197 quae
1561 1161 1699 1189 nominari
1723 1167 1778 1187 non
1796 1167 1860 1194 pos.

1071 1208 1137 1236 sint.

1108 1254 1204 1289 Ejusd.
1219 1255 1290 1281 hom.
1302 1253 1319 1281 6
1332 1254 1360 1280 in
1371 1255 1501 1281 Herum.
1511 1268 1544 1273 —-
1561 1253 1647 1280 Deum
1667 1258 1859 1287 agnoscamus,

1070 1299 1229 1327 Creatorem
1252 1298 1412 1330 adoremus,
1439 1298 1556 1326 Domino
1583 1297 1758 1330 serviamus,
1787 1296 1860 1323 Patri

1073 1344 1189 1379 gloriam
1215 1343 1323 1376 demus,
1359 1343 1507 1370 nutritium
1542 1347 1667 1371 nostrum
1698 1341 1858 1376 diligamus.

1070 1394 1233 1414 veneremur
1256 1394 1329 1419 cum,
1354 1387 1401 1421 qui
1420 1387 1491 1414 bene
1517 1387 1582 1414 fecit
1607 1387 1700 1419 nobis,
1727 1385 1775 1421 qui
1798 1386 1861 1413 vita:

1070 1436 1173 1460 nostra!
1187 1439 1250 1460 cum
1264 1434 1420 1468 praesentis,
1437 1437 1495 1460 tum
1513 1432 1615 1460 futurae
1628 1437 1724 1460 auctor
1739 1436 1792 1464 est,
1809 1440 1860 1459 nec

1070 1477 1262 1506 adorationem
1279 1479 1354 1507 illius
1369 1479 1601 1506 inter-mittamus.

1108 1523 1202 1559 Ejusd.
1217 1525 1244 1551 in
1260 1525 1337 1552 Psal.
1353 1532 1415 1552 ειν.
1432 1540 1467 1546 -
1490 1525 1664 1552 Sacriﬁcium
1682 1525 1773 1553 laudis
1797 1525 1857 1555 tibi.

1070 1571 1117 1606 qui
1138 1570 1278 1606 perfectus
1291 1575 1318 1598 et
1337 1571 1442 1599 nullius
1455 1572 1496 1599 rei
1515 1571 1644 1607 indigens
1661 1580 1702 1603 es,
1718 1571 1774 1599 Deo
1789 1571 1857 1598 oﬁ'e‘

1069 1624 1164 1645 ramus
1180 1625 1186 1643 :
1207 1617 1254 1652 qul
1272 1617 1432 1652 corporales
1442 1617 1571 1645 victimas
1591 1618 1705 1645 minimc
1719 1618 1856 1652 postulas,

1069 1663 1096 1691 in
1113 1663 1215 1698 quibus
1233 1663 1279 1698 qui
1297 1663 1493 1697 locupletiores
1511 1667 1586 1696 sunt,
1603 1663 1707 1698 primas
1722 1663 1795 1691 ferre
1810 1671 1856 1691 so-

1069 1709 1153 1741 leant,
1185 1709 1232 1736 sed
1257 1716 1273 1736 a
1293 1716 1363 1744 puro
1392 1708 1491 1737 aliectu
1519 1710 1605 1736 animi
1634 1709 1857 1744 proﬁciscentem

1069 1754 1297 1783 confessionem:
1318 1762 1378 1790 quae
1396 1755 1506 1790 quidem
1533 1756 1568 1782 iis
1583 1755 1716 1783 omnibus
1741 1756 1788 1791 qui
1809 1764 1857 1784 vo-

1068 1799 1140 1833 lunt,
1155 1806 1188 1826 ex
1203 1806 1282 1834 aequo
1296 1803 1397 1834 praesto
1414 1803 1466 1827 est.

1103 1844 1134 1872 S.
1149 1843 1226 1879 Greg.
1244 1843 1380 1871 Nazianz.
1396 1849 1465 1872 orat.
1482 1845 1570 1872 21-—
1581 1844 1627 1872 Dei
1645 1845 1745 1880 sacpius
1760 1847 1856 1874 memi-

1067 1890 1145 1918 nisse
1159 1893 1279 1924 oportet,
1295 1898 1378 1925 quam
1394 1891 1521 1926 spiritum
1541 1891 1653 1919 ducere.

1104 1934 1135 1963 S.
1156 1934 1294 1969 ϐίη-μεσπι.
1311 1935 1471 1963 —Pietatis
1492 1939 1688 1971 argumentum
1712 1940 1767 1969 est,
1783 1939 1855 1965 assi-

1067 1981 1150 2008 duam
1171 1981 1328 2010 divinarum
1347 1989 1440 2009 rerum
1456 1989 1551 2010 curam
1572 1987 1730 2018 gerere,~et
1749 1984 1855 2013 crebris

1066 2028 1196 2064 precibus
1206 2029 1290 2057 Deum
1308 2029 1425 2064 placare.

1102 2073 1221 2110 Evagrii.
1233 2089 1269 2094 ——
1283 2074 1370 2102 Deum
1388 2074 1513 2103 honestis
1535 2076 1695 2105 actionibus
1710 2085 1853 2112 venerare,

1067 2119 1158 2147 verbis
1175 2119 1266 2153 lauda,
1284 2119 1499 2154 cogitationibus
1512 2121 1583 2148 cole.

1101 2164 1233 2192 Philonis.
1257 2180 1292 2185 —
1313 2164 1398 2192 Deum
1415 2172 1496 2193 nemo
1511 2165 1595 2202 digne
1616 2167 1693 2200 colit,
1711 2168 1758 2196 sed
1778 2169 1854 2203 juste

769 2200 918 2228 ἀποδοῦναι
937 2202 1015 2237 χάρι-

1068 2211 1201 2239 duntaxat
1219 2218 1226 2238 :
1247 2210 1472 2246 quandoquidem
1494 2200 1552 2239 nec
1564 2213 1726 2247 parentibus
1741 2200 1852 2249 quidem

1066 2257 1157 2293 dignae
1170 2257 1239 2285 satis
1260 2256 1359 2284 referri
1373 2260 1464 2291 grates
1486 2262 1613 2292 possunt.
1635 2258 1690 2285 Nec
1706 2259 1779 2287 enim
1794 2259 1852 2287 ﬁeri

1065 2306 1166 2339 potest,
1185 2306 1215 2330 ut
1232 2303 1285 2330 hos
1300 2302 1432 2331 vicissim
1449 2311 1676 2338 progeneremus.

1066 2357 1135 2385 TIT.
1152 2356 1196 2385 IV.
1217 2371 1253 2377 —
1268 2356 1303 2394 De
1325 2358 1537 2394 expostulatione
1554 2366 1562 2385 :
1579 2363 1603 2385 el
1630 2359 1739 2394 quinam
1765 2358 1785 2384 ii
1799 2361 1853 2387 ,ςὶιιι

1252 2392 1298 2426 qui
1312 2400 1370 2418 cum
1387 2393 1441 2420 Deo
1454 2392 1666 2428 apostatarum.

1099 2438 1150 2465 Job
1170 2445 1218 2470 vu,
1248 2436 1282 2463 16
1301 2445 1371 2472 seqq.
1386 2453 1420 2458 --
1435 2447 1445 2464 ι
1462 2438 1521 2466 Non
1540 2439 1568 2466 in
1595 2440 1725 2467 saeculum
1749 2441 1852 2473 vivam,

1065 2489 1095 2512 ut
1110 2485 1216 2520 patiens
1239 2485 1303 2513 sim.
1330 2484 1438 2514 Recede
1464 2492 1480 2512 τι
1499 2493 1541 2513 me
1559 2493 1567 2512 :
1586 2486 1676 2513 inanis
1702 2486 1774 2513 enim
1795 2487 1851 2513 vita

1065 2531 1216 2564 mea.Quid
1232 2531 1306 2558 enim
1318 2534 1360 2559 est
1375 2531 1471 2563 homo,
1487 2531 1553 2566 quia
1577 2531 1759 2567 magniﬁcasti
1777 2539 1851 2564 eum,

1065 2581 1112 2605 aut
1126 2578 1191 2613 quia
1212 2578 1327 2614 apponis
1340 2581 1459 2605 mentem
1477 2577 1511 2605 ad
1527 2577 1609 2606 eum?
1621 2582 1668 2604 aut
1685 2578 1852 2613 speculatio—

1064 2631 1126 2650 nem
1142 2623 1202 2658 ejus
1226 2623 1310 2652 facies
1335 2631 1424 2659 usque
1437 2631 1528 2655 mane,
1549 2627 1576 2651 et
1596 2623 1624 2650 in
1642 2624 1765 2658 requiem
1787 2631 1849 2651 eum

1062 2668 1219 2703 judicabis?
1234 2668 1386 2704 Usquequo
1394 2676 1450 2697 non
1463 2669 1534 2697 sinis
1549 2677 1605 2702 me,
1617 2669 1851 2704 nequedimittis?

1064 2721 1209 2750 usquequo
1226 2715 1376 2750 deglutiam
1392 2715 1508 2743 salivam
1530 2723 1619 2743 meam
1637 2715 1664 2742 in
1680 2715 1795 2743 dolore?
1821 2714 1850 2742 Si

1063 2767 1114 2796 ego
1130 2761 1254 2796 peccavi,
1280 2761 1346 2796 quid
1371 2769 1488 2797 possum
1510 2761 1560 2789 tibi
1580 2761 1694 2795 facere,
1716 2762 1764 2797 qui
1796 2762 1851 2789 scis

1064 2811 1184 2834 mentem
1200 2805 1463 2839 hominum?Quare
1480 2806 1596 2842 posuisti
1613 2813 1656 2834 me
1676 2805 1849 2833 contrarium

1065 2854 1151 2884 tuum,
1178 2859 1239 2879 sum
1264 2857 1356 2880 autem
1376 2852 1425 2880 tibi
1442 2852 1535 2880 onus?
1557 2856 1585 2880 et
1605 2859 1654 2879 cur
1682 2859 1736 2879 non
1752 2851 1850 2889 iecisti
