2074 3115
228 121 300 152 1⁸159

835 119 864 149 S.
879 120 1039 153 JOANNIS
1061 123 1276 155 DAMASCENI

1790 132 1860 168 1360

227 177 382 213 iniquitatis
403 184 469 204 mea:
494 176 674 209 oblivionem,
696 180 723 203 et
743 176 936 211 purgationem
957 185 1011 211 pec‘

1070 180 1136 225 μίας
1153 188 1203 214 μου
1213 179 1308 216 λήθην,
1327 182 1374 209 καὶ
1388 183 1560 220 καθαρισμὸν
1573 185 1623 222 τῆς
1635 187 1772 224 ἁμαρτίας
1786 198 1837 225 μου
1849 199 1856 225 ;

226 225 280 252 cati
301 224 370 251 mei?
389 223 468 250 Nunc
483 222 592 258 quidem
613 222 640 249 in
658 225 760 249 terram
780 226 914 249 revertar.
934 232 943 247 ι
970 227 974 231 ·

261 270 361 303 Jobtx,
387 270 422 297 50
439 277 509 304 seqq.
527 283 562 288 —
580 277 588 293 ι
614 268 842 303 Quandoquidem
874 276 928 296 non
955 277 1016 296 sum

226 318 299 350 pius,
312 323 396 351 quare
413 323 467 343 non
477 319 604 342 mortuus
620 314 704 351 428
719 315 800 342 sum?
816 315 893 348 Quod
906 315 928 342 si
944 316 1016 343 lotus

227 364 306 390 l‘uero
319 363 346 389 in
365 362 438 393 nive,
455 366 482 389 et
496 361 645 389 mundatus
660 362 738 388 l'ucro
750 360 862 388 mundis
873 361 1015 395 manibus,

226 408 335 436 abunde
356 409 385 436 in
401 408 482 436 sorde
498 414 541 434 me
563 407 701 435 intinxisti
712 427 719 439 ,
739 406 898 433 abominata
913 410 955 435 est
972 415 1016 435 me

226 454 311 481 vestis
326 460 399 481 mea.
417 452 477 480 Non
492 453 566 480 enim
583 460 613 480 es
628 452 711 480 homo
725 452 798 479 sicut
810 459 871 487 ego,
884 453 929 480 cui
948 460 1014 480 con-

225 499 370 531 tradicam,
382 503 412 526 ut
421 506 514 527 eamus
526 498 693 526 unanimiter
705 498 732 525 in
742 497 891 533 judicium.
902 498 1014 526 Utinam

225 549 299 573 esset
315 546 395 573 nobis
416 545 560 577 mediator,
586 549 613 572 et
637 551 768 580 arguens,
796 547 823 571 et
852 544 968 572 audiens
986 545 1014 572 in

226 592 318 619 medio
334 592 489 627 utriusque.
510 600 519 616 ι

223 646 226 647 ⁷
258 637 310 666 Job
338 647 393 671 ut,
414 639 429 664 7
451 646 520 673 seqq.
538 652 574 658 -
591 645 600 662 ι
622 637 715 670 Quare
733 636 810 672 impii
831 641 946 671 Vivunt,
970 637 1014 664 in-

225 689 418 713 veteraverunt
445 689 547 717 autem,
570 687 598 711 et
626 683 654 710 in
674 682 780 710 divitiis
801 690 895 711 semen
917 690 1012 711 eorum

225 732 374 760 secundum
389 730 559 758 desiderium
573 730 681 762 animae,
702 729 749 756 ﬁlii
763 734 854 757 autent
869 737 965 758 eorum
987 729 1013 756 in

225 778 339 806 oculis?
355 777 457 804 Domus
473 784 570 804 eorum
594 776 768 804 abundantes
786 779 862 809 sunt,
885 779 912 803 et
931 775 1015 802 timor

225 831 360 859 nusquam
375 833 381 850 :
400 822 534 858 ﬂagellum
544 826 636 850 autem
650 830 665 849 a
675 821 790 849 Domino
804 829 859 849 non
870 826 913 849 est
930 829 1014 857 super

225 877 283 898 eos.
301 870 410 897 Manent
425 869 497 895 sicut
513 875 580 896 oves
603 871 743 903 perpetuae
758 876 765 894 :
782 871 809 894 at
823 868 902 902 pueri
918 875 1011 894 eorum

225 916 289 943 ludo
304 923 334 943 se
343 917 504 950 provocant,
518 917 642 941 tenentes
653 913 814 948 psalterium
826 917 853 940 et
867 913 1011 941 citharam.

223 962 460 990 Consummarunt
474 961 500 988 in
517 960 598 988 bonis
613 959 698 988 vitam
714 967 806 988 suam.
824 969 834 986 ›

258 1007 309 1034 Job
337 1015 396 1040 xm,
422 1006 468 1035 25.
481 1021 517 1026 -
536 1016 544 1032 ι
563 1006 636 1040 Quot
659 1010 725 1034 sunt
748 1006 908 1041 iniquitates
926 1013 1011 1038 meae,

221 1057 248 1081 et
262 1058 374 1090 peccata
390 1061 461 1086 mea,
480 1053 549 1080 doce
560 1059 613 1080 me.
624 1052 680 1080 Cur
693 1060 709 1079 a
726 1059 768 1080 me
780 1052 959 1080 absconderis
972 1051 983 1078 ?
999 1059 1009 1076 ι

259 1100 363 1128 Habac.
388 1108 411 1132 τι,
430 1099 448 1125 2
461 1107 531 1134 seqq.
550 1113 585 1119 ———
606 1108 615 1124 ι
634 1097 796 1134 Usquequo,
813 1098 937 1131 Domine,
954 1097 1012 1125 cla-

223 1148 316 1179 mabo,
325 1151 353 1174 et
366 1153 421 1173 non
435 1145 589 1173 exaudies?
602 1144 778 1173 vociferabor
789 1145 824 1172 ad
839 1149 865 1172 te
878 1145 1010 1181 injuriam

223 1194 340 1229 patiens,
355 1196 384 1220 et
412 1199 465 1219 non
490 1190 631 1219 salvabis?
657 1190 746 1224 Quare
775 1191 843 1218 mihi
861 1190 1011 1219 ostendisti

223 1239 329 1267 labores
340 1237 450 1266 videre?
474 1241 571 1264 contra
584 1244 627 1264 me
642 1237 742 1264 factum
759 1241 802 1264 est
818 1236 968 1272 judicium.
982 1240 1010 1264 et

217 1285 304 1321 judex
320 1284 430 1319 accipit.
454 1282 569 1317 Propter
584 1283 636 1310 hoc
661 1282 797 1317 dissipata
814 1285 857 1310 est
871 1283 926 1315 lex,
944 1282 1010 1318 quia

221 1330 323 1364 impius
340 1328 468 1364 praevalet
483 1328 617 1356 adversus
632 1328 750 1363 justum.
763 1327 912 1363 Propterea
927 1335 1008 1364 egre—

221 1375 311 1402 dietur
323 1374 458 1409 judicium
474 1381 644 1409 perversum.
664 1383 674 1400 ι

255 1420 337 1447 Zach.
355 1428 374 1451 ι,
400 1419 442 1445 12.
459 1434 495 1440 -—
512 1428 521 1444 ι
538 1418 571 1446 Ει
595 1418 740 1454 respondit
757 1419 871 1454 angelus
888 1419 1007 1453 Domini,

219 1471 246 1495 et
257 1466 343 1494 dixit:
361 1465 474 1492 Domine
493 1465 680 1500 omnipotens,
697 1472 842 1500 usquequo
856 1472 910 1492 non
925 1465 1009 1492 mise-

1069 224 1137 251 Νυνὶ⁴
1151 225 1178 251 δὲ
1198 226 1238 258 εὶς
1254 226 1308 262 γῆν
1323 228 1522 265 ἀπελεύσομαι.
1544 240 1555 257 ι

1105 279 1113 295 ι
1140 271 1249 308 Ἐπειδή
1263 273 1321 308 εἰμι
1339 274 1452 311 ἀσεϐὴς,
1462 276 1506 304 διὰ
1517 278 1544 304 τί
1558 278 1608 305 οὐκ
1618 279 1768 314 ἁπέθανον;
1795 282 1856 309 Ἐάν

1067 325 1096 342 τε
1126 317 1325 355 ἀπολούσωμαι
1350 320 1429 357 χιόνι,
1454 323 1500 349 καὶ
1529 324 1750 362 ἀποκαθάρωμῶ
1779 329 1857 363 χερσὶ

1071 363 1216 399 καθαραῖς,
1235 365 1335 398 ἱκανῶς
1350 375 1384 402 με
1404 367 1433 394 ὲν
1447 368 1526 404 ῥύπῳ
1543 369 1658 405 ἔδαψας.
1681 371 1855 406 Ἐϐδελύξατό

1068 410 1129 445 μεὴ
1144 410 1223 446 στολή
1246 419 1309 446 μου.
1336 412 1373 439 Οὐ
1393 413 1449 448 γὰρ
1470 411 1496 441 εἴ
1511 414 1656 450 ἄνθρωπος
1676 417 1739 444 κατ’
1758 418 1820 453 ἐμὲ,
1832 415 1855 453 ᾧ

1066 454 1331 493 ἀνταποκρινοῦμαι,
1351 457 1395 485 ἵνα
1413 458 1536 495 ἔλθωμεν
1550 461 1723 497 ὁμοθυμαδὸν
1739 463 1780 495 είς
1792 463 1855 498 κρί-

1066 508 1118 528 σιν.
1138 501 1202 528 Εἴθε
1226 500 1287 537 ῆνὸ
1312 504 1427 540 μεσίτης
1440 506 1529 541 ἡμῶν,
1552 507 1600 534 καὶ
1624 507 1782 544 διελέγχων,
1804 509 1853 538 καὶ

1065 545 1196 575 διακούων
1211 548 1350 584 ἀναμέσον
1365 551 1538 588 ἀμφοτέρων.
1558 562 1567 578 ι

1105 645 1113 662 ι
1134 638 1183 664 Διά
1200 638 1228 665 τί
1246 639 1355 672 ἀσεϐεῖς
1379 640 1458 675 ζῶσι,
1484 643 1690 672 πεπαλαίωνται.
1708 645 1737 672 δὲ
1762 647 1809 674 καὶ
1823 647 1852 675 ὲν

1067 682 1190 719 πλούτῳ;
1211 685 1241 712 '0
1255 687 1356 722 σπόρος
1367 687 1457 715 αὐτῶν
1472 690 1531 716 κατ’
1542 690 1691 726 ἐπιθυμίαν
1703 692 1804 728 ψυχῆς,
1817 693 1852 720 τὰ

1065 729 1093 756 δὲ
1103 730 1186 758 τέκνα
1201 732 1292 760 αὐτῶν
1308 734 1337 760 ἐν
1352 733 1514 770 ὀφθαλμοῖς.
1531 737 1562 763 Οἱ
1576 735 1646 764 οῐκοι
1660 738 1753 765 αὐτῶν
1770 738 1852 774 εὐθη-

1066 775 1151 808 νοῦσι,
1163 777 1243 811 φόϐος
1255 778 1283 805 δὲ
1298 779 1417 815 οὐδαμοῦ
1428 789 1434 796 ’
1449 781 1549 816 μάστιξ
1559 782 1586 809 δὲ
1599 784 1675 819 παρά
1686 784 1789 819 Κυρίου
1802 785 1853 811 οὐκ

1066 821 1139 847 ἔστιν
1149 822 1192 849 ἐπ’
1207 823 1308 856 αὐτοῖς.
1324 825 1444 852 Μένουσι
1455 826 1483 853 δὲ
1498 826 1593 862 ὥσπερ
1607 828 1731 864 πρόϐατα
1741 829 1850 862 αῐώνια,

1064 867 1098 894 τὰ
1116 868 1144 895 δὲ
1161 870 1256 896 παιδία
1271 871 1361 898 αὐτῶν
1378 873 1605 910 προσπαίζουσιν,
1621 874 1850 910 ἀναλαμϐάνοντα

1063 913 1213 951 ψαλτήριον
1225 916 1272 942 καὶ
1293 917 1420 954 κιθάραν.
1435 919 1617 948 Συνετέλεσαν
1633 921 1661 948 ὲν
1675 921 1787 956 ἀγαθοῖς
1800 923 1846 949 τὸν

1065 960 1122 995 βίον
1138 961 1237 990 αὐτῶν.
1257 972 1267 989 ι

1101 1015 1111 1032 ι
1132 1007 1216 1033 Πόσαι
1231 1007 1301 1035 είσὶν
1323 1009 1351 1036 αί
1377 1009 1488 1045 ἀνομίαι
1512 1019 1574 1045 μου,
1603 1011 1649 1039 καὶ
1671 1012 1699 1039 αἱ
1715 1012 1847 1048 ἁμαρτίαι

1064 1059 1125 1087 μου,
1142 1052 1249 1085 δίδαξον
1267 1062 1311 1089 με.
1326 1054 1376 1081 Διὰ
1392 1055 1418 1081 τί
1435 1056 1481 1082 ἀπ’
1498 1056 1564 1091 ἐμοῦ
1582 1057 1711 1093 κρύπτῃ;
1731 1068 1741 1084 ι

1102 1107 1112 1124 ι
1132 1099 1206 1131 Ἕως
1220 1100 1304 1133 τίνος,
1331 1101 1426 1138 Κύριε,
1441 1103 1621 1138 κεκράξομαι,
1638 1104 1684 1131 καὶ
1697 1104 1728 1130 οὺ
1743 1105 1781 1140 μὴ
1794 1106 1850 1132 είσ-

1063 1144 1210 1179 ακούσεις;
1242 1146 1377 1182 βοήσομαι
1407 1148 1476 1183 πρὸς
1497 1149 1526 1175 σὲ
1539 1150 1729 1186 ἀδικούμενος,
1747 1153 1794 1178 καὶ
1817 1153 1848 1180 ού

1063 1190 1175 1224 σώσεις;
1191 1191 1223 1218 Τί
1240 1200 1286 1227 μοι
1303 1191 1408 1225 ἔδειξας
1433 1193 1534 1226 κόπους
1553 1196 1724 1229 ὲπιϐλέπειν;
1740 1197 1847 1230 ἐξεναν-

1061 1237 1120 1270 τίας
1137 1246 1188 1273 μου
1202 1238 1298 1272 γέγονε
1313 1238 1413 1275 κρίσις,
1430 1240 1476 1267 καὶ
1492 1240 1507 1267 6
1523 1242 1618 1277 κριτὴς
1636 1242 1779 1278 λαμϐάνει.
1797 1244 1847 1272 Διὰ

1059 1283 1139 1310 τοῦτο
1153 1284 1342 1312 διεσκέδασται
1368 1286 1461 1321 νόμος,
1490 1288 1531 1314 ὅτι
1558 1287 1660 1323 ἀσεϐὴς
1690 1290 1843 1317 καταδυνα-

1061 1329 1150 1356 στεὺει
1166 1330 1212 1357 τὸν
1229 1329 1343 1359 δίκαιον.
1362 1331 1476 1360 Ἕνεκεν
1502 1333 1598 1360 τούτου
1615 1333 1787 1367 ἐξελεύσεται
1811 1336 1843 1364 τὸ

1060 1377 1146 1412 κρῖμα
1161 1377 1388 1413 διεστραμμένον.
1409 1388 1419 1405 ι

1098 1429 1107 1446 ι
1133 1421 1283 1457 Ἀπεκρίθη
1311 1422 1428 1457 ἄγγελος
1445 1425 1562 1460 Κυρίου,
1585 1425 1632 1453 καὶ
1657 1424 1738 1454 εἷπε·
1761 1428 1847 1464 Κύριε

1060 1467 1269 1502 παντοκράτωρ,
1287 1467 1338 1500 ἕως
1355 1469 1427 1502 τίνος
1452 1471 1482 1496 οὐ
1500 1470 1538 1506 μὴ
1552 1471 1670 1508 ἐλεήσῃς
1679 1472 1728 1508 τὴν
1747 1473 1846 1509 Ἰερου-

221 1513 326 1540 rcbcris
334 1511 488 1539 Jerusalem
502 1515 530 1538 et
544 1511 654 1538 urbium
665 1510 748 1543 Juda,
761 1518 832 1546 quas
842 1511 1009 1546 despexisti?

1063 1511 1164 1548 σαλὴμ,
1183 1513 1230 1539 καὶ
1246 1514 1296 1545 τὰς
1311 1514 1402 1547 πόλεις
1423 1516 1520 1551 Ἰούδα,
1534 1516 1569 1550 ἃς
1585 1517 1725 1554 ὖπερείδες
1739 1527 1746 1553 ;
1763 1519 1846 1547 Τοῦτο

220 1559 274 1586 Istc
291 1563 333 1586 est
349 1557 568 1593 septuagesimus
584 1564 684 1584 annus.
705 1565 714 1583 ι

253 1604 351 1632 Jerem.
367 1612 414 1635 xu,
435 1604 460 1630 Ι.
476 1618 511 1623 -
532 1611 541 1628 ι
562 1601 655 1630 Justus
669 1610 710 1635 es,
724 1601 850 1636 Domine,
872 1603 936 1638 quia
964 1609 1009 1630 sa-

219 1651 358 1679 tisfaciam
376 1650 427 1677 tibi
441 1659 448 1678 ι
462 1653 653 1677 verumtamen
669 1649 774 1684 judicia
797 1650 897 1684 loquar
917 1649 949 1676 ad
972 1654 1008 1676 te.

220 1701 291 1733 Quid
314 1703 357 1727 est
378 1698 451 1734 quod
470 1698 513 1724 via
532 1697 681 1733 impiorum
711 1698 913 1733 prosperatur?
941 1698 1011 1725 bene

220 1749 262 1773 est
277 1744 408 1772 omnibus
421 1743 467 1779 qui
483 1742 700 1778 praevaricantur
711 1742 723 1768 ?
736 1751 746 1767 ι

221 1801 289 1829 TlT.
306 1798 337 1828 V.
356 1815 388 1821 ——
404 1800 440 1827 De
456 1800 488 1826 iis
508 1799 554 1834 qui
571 1798 618 1825 Dei
633 1798 749 1825 seruiunt
766 1805 775 1824 :
793 1797 902 1834 etquod
919 1800 1003 1834 hono-

256 1844 317 1877 rare
329 1844 373 1863 eos
388 1832 518 1870 oporteat,
533 1838 558 1861 et
574 1842 632 1869 qua:
653 1841 717 1868 opus
734 1838 797 1860 sunt
817 1833 883 1867 ipsis
903 1832 1005 1859 submi-

256 1877 381 1899 mslrare.

258 1930 346 1965 lReg.
373 1938 411 1962 ix,
433 1930 459 1956 7.
473 1925 534 1953 -ι
554 1925 627 1955 Dixit
651 1926 717 1955 Saul
741 1934 828 1962 puero
844 1934 895 1955 suo
914 1937 920 1954 :
939 1925 1010 1960 Quid

222 1977 395 2012 portabimus
414 1973 521 2001 homini
551 1973 618 2000 Dei?
643 1972 748 2000 defecit
774 1973 856 2008 panis
883 1973 911 1999 in
937 1973 1013 2000 vasis

221 2021 335 2049 nostris.
350 2021 380 2046 Et
395 2020 462 2047 dixit
475 2026 544 2054 puer
559 2027 567 2046 :
580 2018 689 2046 Eccein
705 2025 789 2046 manu
806 2025 868 2046 mea
883 2022 1012 2053 quartam

221 2071 327 2103 partem
340 2067 400 2094 sicli
417 2066 551 2102 argentei,
567 2071 596 2093 et
608 2065 689 2093 dabis
706 2065 812 2092 homini
832 2065 890 2093 Dei.
913 2074 923 2090 ι

259 2157 307 2184 III
325 2156 385 2192 Reg.
404 2164 459 2188 xw,
489 2156 542 2182 imo
568 2162 623 2187 xu,
649 2154 719 2189 apud
741 2153 828 2181 LXX.
852 2169 885 2174 —
912 2162 922 2179 ‹
941 2153 1014 2182 Dixit

1061 1556 1260 1592 ἑϐδομηκοστὸν
1275 1558 1344 1592 ἔτος.
1363 1569 1374 1586 ι

1098 1612 1108 1628 ι
1129 1603 1238 1636 Δίκαιος
1251 1602 1286 1637 εἴ,
1301 1605 1400 1640 Κύριε,
1416 1607 1458 1633 ὅτι
1481 1607 1689 1644 ἀπολογήσομαι
1711 1611 1779 1646 πρὸς
1794 1611 1824 1638 σέ
1838 1619 1846 1627 ·

1061 1649 1130 1685 πλὴν
1145 1650 1268 1686 κρίματα
1282 1651 1392 1687 λαλήσω
1407 1653 1474 1688 πρὸς
1492 1653 1522 1679 σέ
1536 1661 1542 1668 -
1567 1654 1593 1680 τί
1606 1655 1646 1681 ὅτι
1666 1656 1724 1688 ὁδὸς
1741 1657 1848 1687 ἀσεϐῶν

1061 1694 1200 1722 εὐοδοῦταί
1214 1704 1220 1729 ;
1236 1696 1389 1732 εὐθήνησαν
1401 1697 1428 1724 δὲ
1442 1698 1542 1730 πάντες
1554 1699 1579 1725 οἱ
1591 1700 1767 1736 ἀθετοῦντες;
1783 1712 1792 1728 ι

1063 1796 1154 1841 ΤΓΞᾏ.
1234 1799 1358 1841 -ιηερὶ
1377 1800 1436 1839 ur»;
1457 1785 1665 1841 60v._lsti_orr(cr
1693 1803 1772 1841 βεῷ·
1799 1805 1849 1832 καὶ

1096 1830 1213 1901 ζῧὴ
1228 1830 1352 1867 τούτοὺς
1367 1834 1464 1869 τιμᾷν,
1478 1837 1526 1863 καί
1541 1837 1577 1863 τὰ
1588 1838 1662 1871 πρὸς
1676 1830 1850 1874 τῆν’χρείακ

1101 1931 1111 1948 ι
1131 1921 1214 1950 Εἶπεν
1231 1925 1245 1950 ὁ
1262 1925 1348 1952 Σαοὺλ
1363 1926 1402 1961 τῷ
1417 1927 1552 1964 παιδαρίῳ
1573 1929 1656 1957 αὑτοῦ
1667 1938 1673 1946 α
1694 1931 1727 1957 Τί
1738 1931 1848 1967 οἴσομεν

1063 1968 1102 2005 τῷ
1121 1969 1258 2006 ἀνθρώπῳ
1272 1971 1319 1998 τοῦ
1332 1971 1413 2005 Θεοῦ;
1427 1974 1467 2000 ὃτι
1484 1974 1509 2000 οἱ
1524 1974 1602 2010 ἄρτοι
1616 1976 1805 2004 ἐκλελοίπασιν
1816 1979 1849 2004 ἐκ

1063 2015 1118 2041 τῶν
1135 2015 1254 2050 ἀγγείων
1270 2017 1358 2052 ἡμῶν.
1375 2019 1429 2046 Καὶ
1442 2017 1502 2046 εἷπε
1515 2020 1545 2047 τὸ
1559 2021 1701 2057 παιδάριον
1712 2031 1719 2038 ·
1743 2023 1808 2050 Ἰδοὺ
1819 2024 1848 2050 ὲν

1063 2062 1096 2096 τῇ
1112 2061 1184 2097 χειρί
1201 2063 1393 2105 μου-τέταρτον
1412 2065 1505 2092 σίκλου
1527 2066 1672 2103 ἀργυρίου,
1693 2068 1739 2095 καὶ
1754 2068 1850 2101 δώσεις

1069 2105 1102 2140 τῷ
1117 2106 1252 2142 ἀνθρώπῳ
1269 2107 1314 2134 τοῦ
1333 2108 1411 2136 Θεοῦ.
1432 2119 1442 2136 ι

1103 2160 1112 2176 ι
1130 2149 1214 2179 Εἶπεν
1233 2153 1375 2189 Ἱεροϐοὰμ
1391 2154 1459 2190 πρὸς
1471 2155 1519 2191 τὴν
1532 2158 1648 2190 γυναῖκα
1658 2158 1739 2185 αὐτοῦ
1752 2167 1759 2174 ·
1773 2159 1852 2186 Ἀνάο

221 2205 366 2232 Jercboam
391 2203 424 2230 ad
451 2210 563 2230 uxorem
585 2209 665 2229 suam.
685 2210 692 2228 :
710 2200 809 2236 Surge.
834 2205 862 2228 et
885 2208 963 2228 sume
983 2201 1010 2228 in

1065 2197 1154 2231 στηθι,
1171 2199 1218 2224 καὶ
1233 2198 1299 2225 λάϐε
1318 2201 1358 2231 εἰς
1372 2201 1422 2234 τὴν
1440 2201 1519 2236 χεῖρά
1532 2211 1579 2228 σου
1598 2203 1638 2238 τῷ
1651 2204 1789 2240 ἀνθρώπῳ
1800 2205 1847 2232 τοῦ

222 2260 304 2279 manu
321 2255 368 2278 tua
383 2250 488 2278 homini
504 2249 551 2276 Dei
566 2257 662 2284 panes,
683 2253 710 2276 et
730 2248 861 2280 tortulas,
876 2252 903 2275 et
919 2255 1010 2282 uvam,

221 2303 248 2326 ct
264 2297 327 2325 mel.
345 2306 354 2323 ι

258 2341 306 2370 III
326 2341 390 2377 Reg.
415 2349 493 2374 xvm,
511 2342 586 2369 4.-
607 2350 616 2367 ι
635 2339 749 2376 Accepit
779 2339 883 2368 Abdias
899 2343 1009 2367 centum

221 2390 296 2417 viros
310 2388 468 2424 pr0phetas,
489 2387 636 2415 abscondit
654 2394 702 2415 eos
725 2394 776 2421 per
799 2386 1011 2422 quinquagenos

220 2435 247 2462 in
268 2434 418 2469 speluncis,
436 2437 464 2461 et
479 2433 572 2461 alebat
589 2439 649 2460 eos.
669 2442 678 2459 ι

257 2481 300 2508 ιγ
321 2481 383 2516 Reg.
410 2488 436 2509 Iv
453 2499 461 2513 ,
487 2480 533 2507 10.
552 2495 587 2500 -
608 2488 617 2505 ι
638 2479 711 2506 Dixit
741 2479 839 2507 mulier
861 2479 894 2506 ad
922 2478 1010 2506 virum

221 2534 321 2555 stium:
339 2526 409 2554 Ecce
423 2526 523 2553 transit
538 2525 572 2552 ad
597 2532 647 2553 nos
665 2524 748 2552 homo
769 2524 817 2552 Dei
840 2533 845 2551 :
871 2523 1008 2551 faciamus

221 2575 260 2602 illi
272 2573 458 2605 cmnaculum,
470 2575 498 2600 et
514 2579 652 2607 ponamus
666 2571 693 2598 in
709 2578 742 2599 eo
753 2571 866 2603 lectum,
887 2573 915 2598 ct
933 2577 1010 2597 men-

220 2628 289 2653 sam,
308 2624 334 2647 et
348 2618 554 2647 candelabrum.
574 2627 583 2644 ι

255 2665 336 2692 Prov.
355 2673 392 2699 xl,
408 2665 499 2692 2.8.—
520 2673 530 2689 ι
549 2663 601 2697 Qui
619 2663 731 2699 adjuvat
751 2663 870 2698 justum,
888 2663 932 2690 hic
950 2670 1010 2697 ger-

221 2711 347 2738 minabit.
365 2721 374 2737 ι

255 2756 333 2782 Prov.
348 2757 464 2790 xxv,26.
477 2772 510 2779 —
522 2766 531 2782 I
547 2756 628 2784 Velut
643 2756 665 2784 si
674 2755 737 2790 quis
750 2755 853 2782 l‘ontem
867 2754 1006 2786 obstruat,

218 2807 246 2830 et
263 2802 366 2829 exitum
384 2810 460 2838 aqua:
475 2802 632 2836 labefactet,
647 2803 687 2831 sic
705 2801 840 2831 indecens
856 2805 898 2830 est
909 2800 1008 2838 cadere

219 2856 312 2877 coram
328 2848 423 2884 impio.
444 2858 452 2873 I

1063 2242 1131 2269 Θεοῦ
1149 2243 1250 2278 ἄρτους
1263 2245 1310 2271 καὶ
1328 2245 1487 2282 κολλυρίδας
1500 2248 1557 2280 τοῖς
1570 2248 1677 2281 τέκνοις
1694 2249 1786 2283 αὐτοῦ,
1802 2251 1850 2276 καὶ

1063 2289 1210 2325 σταφυλὴν,
1224 2290 1271 2316 καὶ
1289 2291 1360 2325 μέλι.
1375 2301 1384 2317 ι

1101 2343 1110 2360 ι
1130 2334 1246 2362 Ἔλαϐεν
1266 2336 1372 2364 ’Λϐδιοὺ
1392 2337 1491 2365 ἕκατον
1507 2340 1607 2375 ἄνδρας
1628 2342 1782 2378 προφήτας,
1802 2343 1850 2370 καὶ

1063 2379 1181 2417 ἔκρυψεν
1199 2382 1297 2414 αὐτοὺς
1312 2382 1365 2409 ἀνὰ
1378 2385 1547 2419 πεντήκοντα
1569 2387 1599 2413 ὲν
1624 2387 1779 2423 σπηλαίοις,
1802 2389 1851 2415 καὶ

1062 2426 1174 2463 ἔτρεφεν
1190 2428 1296 2460 αὐτούς.
1314 2438 1324 2454 ›
1865 2430 1867 2434 ’

1100 2471 1240 2509 (Εἴπενὴ
1256 2474 1325 2510 γυνὴ
1343 2475 1412 2511 πρὸς
1429 2476 1475 2503 τὸν
1488 2477 1572 2512 ἀνδρα
1588 2478 1691 2514 αὐτῆς·
1714 2479 1779 2506 Ἰδοὺ
1793 2479 1851 2506 δια-

1062 2518 1208 2553 πορεύεται
1222 2520 1262 2555 ὲφ*
1277 2521 1352 2556 ἡμᾶς
1367 2522 1511 2558 ἄνθρωπος
1526 2523 1572 2550 τοῦ
1588 2524 1655 2551 Θεοῦ
1670 2533 1677 2540 ο
1691 2527 1850 2562 ποιήσωμεν

1061 2564 1135 2601 αὐτῷ
1161 2566 1295 2602 ὑπερῷον,
1314 2569 1362 2595 καὶ
1380 2569 1472 2605 θῶμεν
1489 2570 1564 2605 αὐτῷ
1589 2571 1646 2598 ἐκεῖ
1667 2571 1772 2607 κλίνην,
1802 2574 1850 2599 καὶ

1061 2611 1210 2648 τράπεζαν,
1226 2615 1273 2640 καὶ
1288 2614 1407 2650 λυχνίαν.
1427 2625 1435 2641 ι

1099 2668 1108 2684 ι
1136 2659 1415 2696 Ἀντιλαμϐανόμενος
1432 2663 1550 2697 δικαίου,
1574 2660 1652 2696 οὗτος
1679 2664 1812 2692 ἀνα-τελεῖ.
1837 2675 1846 2691 ι

1099 2761 1108 2777 ι
1136 2751 1179 2783 Ὧς
1194 2751 1274 2783 εἴτις
1295 2752 1386 2787 πηγὴν
1400 2753 1527 2787 φράσσοι,
1557 2754 1603 2780 καὶ
1620 2753 1716 2786 ὓδατος
1732 2754 1850 2787 διέξοδον

1059 2797 1228 2833 λυμαίνοιτο,
1251 2798 1338 2830 οὕτως
1371 2800 1493 2835 ἄκοσμον
1525 2800 1630 2829 δίκαιον
1670 2801 1850 2829 πεπτωκέναι

1060 2843 1176 2872 ἐνώπιον
1193 2844 1319 2877 ἀσεϐοῦς.
1341 2855 1350 2871 ι
