2074 3115
216 183 280 216 1361

845 179 964 210 SACRA
982 175 1214 207 PARALLELA.

1779 164 1848 197 1362

287 243 334 273 '0;
372 240 422 268 οὑκ
450 239 610 275 αἰσχύνεται
636 238 771 274 πρόσωπα
798 237 924 270 δικαίων,
955 237 1004 264 οὐκ

1095 243 1103 259 ι
1124 232 1176 266 Qui
1202 231 1341 266 justoruiu
1360 227 1458 255 faciem
1474 232 1529 253 non
1544 225 1664 257 veretur,
1684 223 1775 251 bonus
1792 232 1845 251 non

253 288 327 319 αθός.
347 296 355 312 ι

253 290 327 319 αθός.
347 296 355 312 ι

217 290 264 361 ἀγ(
284 334 404 370 Ζημιοῦν
421 333 505 369 ἄνδρα
529 332 645 366 δίκαιον,
661 332 690 358 οὐ
706 331 799 366 καλὸν,
812 331 874 359 οὐδὲ
888 332 971 358 ὅσιον.
993 340 1002 356 ›

257 438 266 455 ι
288 427 441 462 Εὑποίησον
459 425 576 458 εὐσεϐεῖ,
597 424 645 452 καὶ
668 424 796 459 εὑρήσεις
811 423 1004 458 ἀνταπόδωμα,

217 475 263 503 καὶ
279 475 303 502 εί
323 475 360 510 μὴ
382 474 447 509 παρ’
463 473 558 505 αὑτοῦ,
576 472 644 499 ἀλλὰ
666 471 742 507 παρὰ
761 469 808 497 τοῦ
830 469 970 504 Ὑψίστου.
994 478 1003 494 ι

252 522 283 549 υί
296 521 358 553 τοὺς
373 519 493 555 ἀγαθοὺς
508 518 699 549 ἐπαινοῦντες,
721 516 848 552 μερισταὶ
862 515 916 542 τῶν
932 515 1006 542 ὲκεί-

217 577 275 599 νοις
290 566 480 602 ἀποκειμένων
499 565 640 599 στεφάνων
653 563 731 590 εῑσίν.

251 614 308 641 Οὐκ
322 613 378 640 ἔστι
392 613 465 648 μέγα
475 611 506 638 τὺ
518 610 673 646 φροντίζειν
683 608 780 643 ἀνδρὸς
793 608 909 635 δικαίου.
927 607 1008 634 Ἀλλᾶ

219 661 299 696 χάριν
315 659 450 695 λαμϐάνει
462 659 475 684 ὁ
487 656 700 692 καταξιούμενος
717 655 853 682 διακονεῖν
867 653 953 689 αὐτῷ.

217 769 309 796 ΤΙΤΛ.
331 768 378 802 q'.
401 783 432 788 —
448 766 520 801 Περὶ
541 765 729 802 διᾳτνῴσεως
745 763 907 802 καλοῦ-καὶ
918 770 1009 802 gmw-3r

248 804 307 838 ροῦ
320 812 327 819 ·
345 798 395 830 eral
421 803 465 838 dri
481 798 729 838 dno‘ré‘rfprwr,
747 799 848 834 καὶμὴ
869 798 927 826 ἀπὸ
950 798 1009 825 τῶν

251 835 351 874 λόγων
363 838 421 873 χρὴ
437 835 604 871 δοκιμάζειν
614 836 755 862 ἕκαστον.

256 919 265 934 ι
283 907 432 942 Στολισμδς
454 905 561 942 ἀνδρὸς,
579 905 628 932 καὶ
643 904 719 939 βῆμα
744 903 833 936 ποδὸς,
855 903 901 929 καὶ
924 902 1008 935 γέλως
1027 915 1045 941 Β

215 954 328 982 ὀδόντων
343 952 490 988 ἀναγγελεῖ
499 951 534 978 τὰ
546 950 609 987 περὶ
627 950 720 977 αὑτοῦ.
739 959 746 975 ι

254 1052 263 1068 ι
290 1042 339 1069 Ἐκ
353 1041 411 1076 γὰρ
427 1040 474 1067 τοῦ
500 1039 608 1075 καρποῦ
624 1038 653 1066 τδ
672 1038 780 1073 δένδρον
795 1037 969 1071 γινώσκεται.
996 1046 1005 1061 ι

255 1097 264 1113 ι
298 1087 452 1123 Προσέχετε
477 1086 532 1114 ἀπὸ
552 1085 606 1113 τῶν
628 1084 870 1120 ψευδοπροφητῶν,
893 1083 1008 1114 οἵτινες

217 1134 342 1169 ἔρχονται
356 1133 425 1168 πρὸς
440 1133 513 1168 ὑμᾶς
527 1134 556 1159 ὲν
579 1131 711 1167 ἐνδύμασι
727 1130 883 1166 προϐάτων.
906 1129 1008 1155 ἔσωθεν

217 1179 246 1206 δέ
261 1180 314 1206 είσι
325 1179 402 1206 λύκοι
415 1179 551 1214 ἅρπαγες.
569 1177 635 1204 Ἀπὸ
646 1177 700 1204 τῶν
713 1176 829 1212 καρπῶν
843 1175 933 1203 αὐτῶν
949 1176 1007 1201 ἐπι-

217 1223 354 1259 γνώσεσθε
371 1223 480 1255 αὺτούς.
499 1233 509 1249 ι

255 1279 264 1296 ‹
289 1269 425 1296 Ἔκαστον
448 1269 557 1304 δένδρον
576 1268 609 1295 ἐκ
634 1267 681 1294 τοῦ
708 1267 772 1294 ἰδίου
797 1267 903 1302 καρποῦ
925 1265 1007 1300 γινώ-

218 1324 325 1344 exerat.
342 1326 354 1342 1

255 1372 265 1388 ι
293 1363 457 1398 ’Λγατιητοὶ,
471 1363 509 1398 μὴ
525 1362 608 1389 παντὶ
624 1361 762 1396 πνεύματι
774 1359 928 1391 πιστεύετε,
940 1358 1009 1386 ἀλλὰ

217 1408 381 1444 δοκιμάζετε
396 1408 432 1435 τὰ
451 1407 607 1442 πνεύματα.
627 1417 635 1433 ι

259 1453 413 1488 Ὲνδέχεται
432 1453 492 1487 μὲν,
509 1448 531 1479 ὧ
549 1451 664 1483 παιδίον,
681 1451 771 1485 λέγειν
785 1450 836 1486 μὲν
850 1448 891 1481 εὖ,
908 1449 1009 1484 φαῦλον

217 1499 246 1526 δὲ
263 1499 408 1534 ὑπάρχειν,
427 1499 586 1535 πράσσοντα
610 1495 699 1530 δὲέὗ,
726 1497 828 1532 φαῦλον
853 1495 922 1523 εἶναι
943 1495 1009 1523 ἀδύ-

218 1554 308 1572 νατον.

1057 283 1108 306 est.
1126 289 1134 304 ι

1093 325 1171 352 Prov.
1193 331 1259 353 xvn.
1274 322 1319 350 26.
1336 336 1371 343 --
1387 331 1396 346 ι
1413 320 1549 348 Damnum
1567 319 1670 347 inferre
1689 318 1749 346 viro
1760 318 1847 353 justo,

1058 379 1106 398 ncc
1123 371 1238 401 bonum,
1257 376 1308 396 nec
1323 368 1399 403 pium
1420 371 1472 394 est.
1494 375 1502 392 ι

1094 416 1181 443 Eccli.
1204 423 1254 447 xu,
1271 415 1299 442 2.
1316 429 1351 435 -
1373 423 1382 439 ι
1401 412 1519 440 Bcncfac
1541 413 1597 447 pio,
1622 415 1649 438 ct
1669 410 1792 438 invenies
1808 417 1850 436 rc-

1057 463 1236 490 tributionem
1251 469 1257 494 ;
1276 464 1302 488 et
1318 460 1340 487 si
1360 467 1415 486 non
1431 459 1465 486 ab
1482 459 1552 492 ipso,
1570 461 1645 484 certe
1662 464 1676 483 ιι
1696 456 1820 482 Domino.
1837 463 1846 479 ι

1092 508 1145 541 Qui
1163 507 1253 536 bonos
1279 505 1410 533 laudibus
1435 505 1584 534 extollunt.
1603 510 1768 529 coronarum
1789 509 1850 535 qua:

1058 554 1126 590 ipsis
1137 553 1290 581 reconditae
1303 555 1380 583 sunt,
1398 550 1547 586 participes
1565 548 1735 576 ellicinntur.

1097 599 1126 627 S.
1141 598 1294 626 Clementis.
1311 596 1415 624 -Νοιι
1435 601 1622 629 estmagnum
1640 593 1691 621 viri
1715 592 1782 627 justi
1803 599 1850 618 cu-

1059 655 1116 673 raui
1133 653 1239 681 gerere.
1259 644 1312 672 Sed
1330 643 1491 671 bcuelicinin
1508 642 1617 676 accipit,
1633 640 1676 668 cui
1693 641 1746 668 hoc
1759 639 1849 672 datur,

1060 697 1092 719 ut.
1106 692 1146 719 illi
1169 691 1374 719 subministrcl.

1061 760 1145 796 429
1163 759 1230 787 ἸΙΤ.
1245 759 1290 786 Vl.
1303 773 1343 796 _——
1362 758 1399 784 De
1424 757 1579 784 discrimine
1604 755 1663 782 boni
1682 754 1811 796 ctutum:
1827 759 1851 780 et

1094 790 1164 829 ἧιῶα
1177 803 1210 822 εει
1224 794 1358 828 operibus,
1382 802 1434 820 non
1450 798 1537 819 autem
1552 799 1585 818 ex
1602 790 1778 821 sermonibus,
1794 797 1852 816 ceu-

1095 830 1147 857 seri
1163 831 1271 866 quisque
1285 829 1390 856 debeat.

1103 897 1189 923 Eccli.
1213 904 1269 928 xui,
1301 896 1346 923 27.
1365 911 1400 915 -
1426 904 1435 920 ι
1459 893 1583 921 Amictus
1600 892 1667 923 viri,
1686 895 1713 918 et
1741 898 1854 925 gressus

1065 943 1155 978 pedis,
1171 948 1198 971 et
1226 943 1298 970 risus
1327 942 1464 974 dentium,
1495 938 1651 968 enuntiahit
1673 945 1732 972 qua:
1754 938 1786 964 de
1807 937 1852 964 illo

1059 993 1133 1018 sunt.
1153 999 1162 1015 ι

1097 1034 1193 1062 Matth.
1212 1043 1259 1067 xu,
1273 1035 1317 1062 55.
1329 1048 1363 1054 ——
1377 1043 1386 1059 ι
1401 1032 1439 1060 Ex
1455 1032 1544 1059 fructu
1562 1031 1645 1058 arbor
1657 1029 1824 1065 agnoscitur.
1840 1038 1850 1054 I

1098 1077 1198 1108 ΜιιιιΙιῖ
1214 1088 1261 1113 vn,
1279 1080 1324 1108 15.
1344 1095 1376 1100 —-
1395 1089 1404 1104 ι
1426 1078 1565 1105 Atlemlite
1577 1085 1591 1103 a
1611 1077 1685 1104 falsis
1701 1075 1853 1111 prophetis,

1059 1126 1109 1160 qui
1125 1127 1240 1154 veniunt
1256 1126 1291 1153 ad
1306 1134 1356 1154 vos
1373 1126 1399 1153 in
1421 1123 1594 1153 vestimentis
1617 1123 1727 1155 ovium,
1756 1122 1853 1149 intrin-

1060 1179 1142 1200 secus
1157 1176 1247 1200 autem
1266 1177 1333 1200 sunt
1347 1173 1402 1208 lupi
1422 1178 1545 1206 rapaces.
1561 1171 1581 1197 A
1602 1169 1739 1196 frueiibus
1758 1175 1852 1196 eormn

1060 1219 1233 1252 cognoscetis
1248 1225 1306 1246 etis.
1327 1229 1335 1244 ›

1095 1263 1161 1290 Luc.
1181 1271 1219 1295 VI,
1240 1263 1284 1292 Μ.
1301 1279 1335 1284 -
1354 1274 1362 1289 ι
1388 1263 1568 1300 Unaqnieque
1597 1264 1678 1291 arbor
1700 1263 1734 1290 de
1762 1261 1852 1288 fructu

1060 1316 1112 1336 suo
1127 1310 1315 1344 cognoseilur.
1337 1320 1346 1335 ι

1097 1355 1111 1382 Ι
1123 1355 1205 1384 Jaan.
1217 1365 1259 1390 ιν,
1271 1358 1337 1384 1.-
1347 1367 1355 1383 ι
1368 1357 1542 1390 Charissiini,
1559 1357 1642 1385 nolite
1656 1356 1729 1384 omni
1743 1356 1853 1391 spiritui

1061 1402 1183 1435 credere,
1198 1403 1247 1431 sed
1259 1404 1373 1438 probate
1390 1404 1515 1438 spiritus.
1535 1413 1544 1430 ι

1098 1447 1169 1474 Fieri
1184 1448 1295 1483 quidem
1314 1452 1416 1484 potest,
1437 1456 1452 1476 o
1472 1449 1519 1481 liii,
1548 1452 1576 1476 ιιι
1603 1449 1665 1483 quis
1691 1455 1752 1474 cum
1769 1447 1855 1482 prohc

1061 1493 1203 1528 loquatur,
1223 1494 1365 1528 improbus
1389 1495 1423 1521 sit
1438 1503 1445 1521 :
1463 1498 1492 1521 ut
1514 1500 1604 1522 autem
1621 1493 1667 1528 qui
1686 1493 1771 1528 probe
1787 1493 1853 1528 agit.

1062 1538 1099 1566 sit
1115 1538 1270 1574 improbus,
1286 1539 1338 1567 hoc
1354 1539 1413 1567 ﬁeri
1429 1540 1586 1568 nullatenus
1600 1543 1701 1575 potest.

218 1611 311 1638 ἸΊΤΛ.
327 1611 364 1638 Z'.
375 1626 410 1631 —
427 1611 495 1646 Περὶ
508 1611 642 1641 δικαίων.
658 1610 707 1638 καί
720 1610 896 1646 εὐχῆς-,παρ’
910 1609 1010 1637 αὐτῶν

1065 1602 1132 1631 ΤΙΤ.
1144 1602 1237 1646 νι1.-
1246 1603 1283 1646 pe
1291 1604 1386 1646 justi},
1402 1604 1566 1646 ‘et‘prefibus'
1579 1613 1646 1640 quas
1663 1604 1704 1646 illi
1715 1604 1830 1646 [aridum
1845 1612 1854 1630 :

255 1646 416 1687 γινρμένης
429 1653 436 1660 ·
450 1645 500 1674 καί
525 1646 567 1673 ἦτι
584 1645 728 1680 φυλάττει
743 1645 854 1677 αὐτοὺς
863 1645 897 1672 ὲκ
910 1653 1009 1680 πειρα-

254 1690 349 1716 σμωιν.

260 1759 270 1774 ι
289 1748 461 1784 Προσεύξατο
482 1748 609 1785 ’Δὸραὰμ
622 1748 690 1785 πρὸς
703 1749 748 1776 τὸν
760 1748 838 1779 Θεὸν,
853 1749 901 1776 καὶ
915 1749 1010 1778 ἱάσατο

230 1794 388 1832 Ἀϐιμέλεχ,
400 1795 451 1823 καὶ
465 1795 518 1833 τὴν
533 1796 652 1832 γυναῖκα.
670 1790 755 1825 αὐτοῦ
786 1795 832 1825 καὶ
848 1798 898 1829 τὰς
921 1797 1010 1824 παιδί-

226 1850 303 1875 σκας,
323 1843 369 1869 καὶ
386 1842 501 1870 ἔτικτον.
520 1853 529 1870 ι

263 1898 272 1914 ι
292 1888 349 1916 Οὐκ
363 1889 459 1924 ἀφελεῖ
473 1890 528 1916 ἀπὸ
551 1890 657 1917 δικαίου
679 1890 836 1926 ὀφθαλμοὺς
851 1891 945 1924 αὑτοῦ,
965 1891 1012 1918 καὶ

226 1934 362 1962 καθιεῖται
375 1935 474 1968 αὐτοὺς
489 1937 529 1968 εἰς
543 1936 629 1969 νίκος.
644 1937 692 1964 καὶ
710 1936 911 1972 ὑψωθήσονται.
928 1947 937 1962 ι

262 2035 271 2051 ι
297 2025 362 2053 Ἰδοὺ
377 2026 402 2052 oi
414 2026 549 2062 ὀφθαλμοὶ
564 2027 669 2062 Κυρίου
686 2027 733 2053 ἐπὶ
747 2027 809 2059 τοὺς
829 2026 1013 2062 φοϐουμένους

225 2071 317 2104 αὑτὸν,
339 2082 349 2099 ι
365 2073 456 2100 καὶτὰ
471 2073 564 2100 λοιπά.

264 2127 273 2143 ι
292 2117 392 2145 Πολλαὶ
406 2119 434 2145 αἱ
458 2118 563 2154 Θλίψεις
584 2119 638 2146 τῶν
653 2119 776 2150 δικαίων.
797 2119 843 2146 καὶ
863 2119 894 2146 ἐκ
917 2119 1013 2146 πασῶν

227 2163 327 2191 αὐτῶν,
349 2173 358 2189 ι
375 2180 411 2185 -
426 2174 435 2191 ι
456 2165 608 2200 Ὀφθαλμοὶ
627 2165 730 2201 Κυρίου
748 2166 794 2192 ἐπὶ
811 2165 943 2198 δικαίους,
959 2166 1014 2199 ,καὶ

225 2204 283 2235 ὦτα
298 2208 381 2235 αὐτοῦ
398 2210 437 2241 είς
447 2209 554 2245 δεήσεις
566 2210 666 2237 αὐτῶν.
683 2220 693 2236 ι

263 2263 272 2279 ι
300 2253 493 2290 Ύποστηρίζει
505 2255 533 2282 δὲ
546 2254 611 2287 τοὺς
626 2255 750 2288 δικαίους
767 2256 782 2282 ὁ
800 2255 913 2290 Κύριος.
931 2254 1014 2282 Γινώ-

229 2309 288 2328 σκει
301 2301 403 2337 Κύριος
413 2301 473 2334 τὰς,
491 2311 500 2328 ι
520 2311 547 2329 κ.
564 2310 590 2330 τ.
611 2310 634 2329 ε.

265 2356 274 2373 ι
294 2347 429 2374 Φυλάσσει
448 2347 551 2382 Κύριος
571 2348 662 2373 πάντα
676 2346 710 2374 τὰ
728 2347 796 2382 ὁστᾷ
811 2346 901 2374 αὐτῶν
913 2354 920 2361 ·
937 2346 966 2372 ἓν
987 2346 1016 2377 ἐξ

227 2394 317 2421 αὐτῶν
328 2394 359 2420 οὐ
372 2393 591 2429 συντριϐήσεται.
614 2402 623 2419 ι

266 2448 276 2465 ι
296 2439 457 2475 Συνθέλημα
467 2439 522 2467 τῶν
543 2439 720 2475 φοϐουμένων
735 2439 816 2467 αὐτὸν
836 2438 957 2474 ποιήσει,
969 2437 1016 2464 καὶ

229 2484 277 2518 τῆς
291 2484 418 2520 δεήσεως.
440 2494 449 2511 ι

270 2539 279 2556 ι
297 2531 370 2567 Εὺχὴ
387 2532 605 2559 κατευθυνόντων
615 2531 698 2567 δεκτὴ
715 2531 791 2567 παρὰ
802 2531 871 2566 Θεῷ.
892 2541 900 2556 ι

269 2629 277 2646 ι
298 2619 347 2647 Διὰ
361 2620 488 2656 βοήθειαν
502 2620 616 2648 δικαίων
628 2619 714 2655 πολλὴ
725 2619 831 2655 γίνεται
842 2619 915 2652 δόξα.
935 2628 942 2644 ι

271 2718 280 2735 ι
305 2708 450 2741 Ἐπαύλεις
467 2708 578 2736 δικαίων
593 2709 776 2744 εὐλογοῦνται.
796 2719 805 2736 ι

267 2807 277 2825 ι
300 2796 420 2832 Εὑλογία
438 2796 543 2831 Κυρίου
559 2796 605 2824 ἐπὶ
617 2797 740 2832 κεφαλὴν
753 2797 869 2824 δικαίου.
887 2806 896 2823 ι

269 2906 278 2923 ι
295 2897 354 2929 Φῶς
366 2895 480 2927 δικαίοις
491 2893 535 2921 διὰ
548 2893 657 2926 παντός.
677 2903 686 2920 ι

1147 1641 1251 1674 etquod
1266 1646 1303 1666 ea:
1319 1647 1335 1666 a
1355 1640 1541 1667 tentatiom‘bus
1557 1640 1627 1676 ipsos
1638 1641 1769 1667 eximant.

1101 1737 1166 1768 Gen.
1181 1746 1229 1773 xx,
1245 1738 1290 1768 l8.
1305 1755 1341 1760 —-
1358 1750 1367 1766 ι
1387 1739 1481 1768 Oravit
1498 1739 1636 1767 Abraham
1655 1740 1688 1768 ad
1718 1739 1816 1774 Deum,
1827 1743 1854 1768 et

1066 1785 1174 1813 sanavit
1190 1785 1358 1819 Abimeicch,
1377 1790 1404 1814 et
1421 1792 1534 1813 uxorem
1554 1785 1625 1820 ejus,
1642 1789 1670 1813 et
1690 1785 1815 1818 ancillas,
1828 1791 1854 1812 et

1066 1837 1242 1867 pepererunt.
1261 1842 1269 1859 ι

1101 1877 1152 1905 Job
1177 1887 1275 1911 xxxiv,
1307 1878 1333 1905 7.
1355 1894 1386 1899 -
1410 1889 1419 1904 ι
1439 1877 1497 1906 Νοη
1517 1877 1621 1905 auferet
1637 1885 1651 1903 a
1667 1876 1742 1911 justo
1758 1875 1855 1902 oculos

1066 1932 1133 1952 suos
1149 1934 1156 1952 :
1175 1930 1202 1953 et
1219 1925 1366 1953 coliocahit
1382 1932 1430 1953 eos
1453 1925 1482 1953 in
1502 1923 1628 1957 victoria,
1647 1926 1674 1951 et
1695 1922 1854 1950 exaltabun-

1067 1975 1120 1999 tur.
1144 1981 1152 1998 ι

1102 2016 1178 2044 Ρεαί.
1196 2016 1342 2050 xxxti,18.
1358 2032 1391 2038 ι-
1420 2026 1428 2042 ι
1446 2016 1515 2044 Ecce
1544 2015 1616 2044 oculi
1642 2014 1748 2042 Domini
1771 2021 1854 2048 super

1066 2066 1220 2091 metuentes
1238 2071 1312 2096 eum,
1329 2072 1339 2089 ι
1356 2067 1385 2090 et
1397 2067 1505 2091 metere.

1103 2109 1177 2136 Psal.
1187 2117 1284 2142 xxxiii,
1296 2109 1392 2136 20.—¢
1407 2108 1498 2136 liluita‘.
1506 2108 1852 2142 tribuialioncsjuslorum,

1067 2160 1094 2184 et
1108 2164 1142 2183 ex
1156 2155 1284 2183 omnibus
1298 2155 1352 2187 his,
1373 2165 1381 2181 ι
1409 2160 1462 2183 etc.
1476 2154 1547 2181 Ibid.
1566 2154 1608 2181 l6.
1627 2170 1662 2176 —
1680 2164 1689 2179 ι
1708 2153 1785 2181 Oculi
1803 2153 1856 2180 Do-

1068 2201 1133 2228 mini
1146 2208 1227 2236 super
1240 2201 1343 2236 justos,
1363 2204 1389 2228 et
1402 2207 1483 2228 aures
1499 2200 1557 2235 ejus
1571 2200 1597 2226 iu
1616 2207 1711 2235 preces
1722 2206 1827 2227 eorum.
1844 2208 1859 2227 ι.

1107 2246 1178 2276 Paul.
1194 2255 1288 2278 xxxw,
1302 2248 1344 2274 Π.
1356 2262 1389 2267 —-
1408 2257 1416 2273 ι
1431 2246 1581 2275 Conlirniat
1593 2252 1683 2274 autem
1699 2247 1790 2282 jnstos
1806 2246 1856 2272 Do-

1069 2294 1168 2321 minus.
1184 2293 1267 2321 Novit
1284 2294 1413 2321 Dominus
1434 2293 1504 2327 dies,
1520 2302 1529 2319 ι
1548 2297 1601 2320 etc.

1105 2339 1180 2367 Psal.
1193 2348 1279 2372 xxxn,
1292 2340 1388 2367 2L—i
1401 2339 1527 2366 Custodit
1542 2338 1675 2367 Dominus
1691 2338 1783 2367 omnia
1794 2346 1856 2366 ossa

1067 2394 1162 2414 eorum
1177 2394 1184 2413 :
1200 2393 1284 2413 unum
1296 2394 1329 2413 ex
1342 2386 1383 2414 eis
1400 2394 1452 2414 non
1469 2390 1640 2414 (mitteretur.
1658 2395 1666 2411 i

1104 2432 1178 2459 Ρςαί.
1194 2439 1283 2463 cxuv,
1309 2432 1352 2459 l9.
1375 2446 1408 2451 —-
1430 2441 1439 2458 ι
1454 2430 1629 2459 Voluntatcm
1656 2431 1809 2459 timentium
1826 2439 1855 2457 sc

1069 2479 1161 2510 faciet,
1182 2483 1209 2505 et
1225 2477 1457 2512 deprecationem,
1472 2487 1481 2503 ›
1501 2481 1555 2504 etc.

1105 2525 1184 2552 Prov.
1199 2532 1241 2556 xv,
1257 2524 1284 2551 9.
1300 2539 1335 2549 —.
1362 2533 1371 2549 ι
1391 2523 1555 2558 Dcprecatio
1580 2528 1717 2551 rectorum
1745 2528 1855 2558 accepta

1068 2576 1110 2599 est
1129 2568 1200 2605 ap'd
1220 2569 1315 2597 Deum.
1337 2580 1345 2595 ι

1105 2616 1184 2644 Prov.
1201 2624 1294 2647 xxvni,
1308 2615 1353 2642 12.
1369 2631 1403 2635 -
1418 2625 1427 2641 ι
1445 2615 1559 2651 Propter
1576 2615 1706 2643 auxilium
1720 2616 1855 2651 justorum

1070 2669 1169 2698 magna
1184 2662 1281 2697 gloria.
1299 2671 1308 2687 ι

1109 2707 1190 2735 Prov.
1213 2715 1253 2740 in,
1266 2707 1309 2735 55.
1324 2722 1360 2727 --
1378 2716 1387 2732 ι
1405 2706 1563 2736 llabitacula
1591 2707 1728 2742 juslorum
1747 2707 1855 2735 benedi-

1071 2758 1182 2782 cuntur.
1203 2763 1212 2780 ι

1111 2800 1191 2828 Prov.
1207 2808 1234 2834 ι,
1248 2800 1292 2828 22.
1309 2816 1343 2820 —
1362 2809 1370 2826 ι
1388 2799 1546 2828 Benedictio
1563 2799 1671 2827 Domini
1683 2808 1764 2835 super
1780 2805 1859 2834 caput

1069 2847 1147 2883 justi.
1165 2857 1174 2873 ι
1377 2873 1381 2876 .

1110 2893 1188 2922 Prov.
1207 2900 1264 2926 xiii,
1280 2893 1306 2921 9.
1326 2908 1358 2913 —
1374 2902 1383 2919 ι
1402 2892 1460 2921 Lux
1477 2893 1561 2930 justis
1582 2901 1699 2929 semper.
1719 2903 1728 2920 ι
