2074 3115
210 148 281 184 1363

799 155 827 185 S.
843 155 1003 186 JOANNIS
1022 157 1238 190 DAMASCENI

1775 159 1843 192 1361

245 208 324 236 Prov.
357 217 401 242 xv,
433 210 509 236 7.-
531 218 540 235 ι
563 209 666 236 Domus
695 209 834 241 justorum
867 210 994 238 fortitudt

1090 229 1099 245 ι
1116 218 1195 251 Οἶκος
1208 216 1321 244 δικαίων
1335 217 1411 252 ἰσχὺς
1422 217 1516 254 πολλή.
1538 227 1548 244 ι

207 261 316 288 magna.
334 264 343 279 ι

246 301 324 330 Prov.
341 310 415 334 xxix,
439 302 465 329 6.
488 318 523 322 —
542 312 551 328 ι
569 303 667 332 Justus
689 305 716 332 in
735 305 835 340 gaudio
856 310 883 333 et
906 306 999 334 laetitia

208 348 269 375 erit.
290 358 299 374 ι

243 395 321 423 Prov.
339 404 375 427 xi,
390 396 416 424 8.
432 412 466 416 —
483 406 492 422 ι
510 396 607 425 Justus
618 405 652 425 ex
663 398 809 426 venatione
823 400 935 427 evadit:
951 407 1001 434 pro

208 443 267 477 ipso
287 442 405 469 traditur
421 443 533 478 impius.
556 453 566 469 ι

244 485 301 514 ιεα.
319 495 395 520 ιιιιιι,
415 488 441 515 l.
457 504 492 508 —
509 498 518 514 ι
536 487 597 516 Noli
621 489 728 522 timere,
745 490 876 524 quoniam
895 490 996 518 redemi

207 537 244 565 te,
260 533 356 561 vocavi
376 538 401 562 to
413 535 525 562 nomine
539 541 585 562 tuo
599 544 605 563 :
621 543 700 563 meus
718 543 748 563 es
764 540 794 563 tu
811 545 818 564 :
832 540 858 564 et
873 537 896 564 si
909 540 999 564 trans-

208 579 274 607 ieris
293 587 341 614 per
360 587 469 616 aquam,
484 585 574 608 tecum
585 587 692 615 sum,et
706 581 818 609 ﬂumina
830 589 883 610 non
897 590 996 618 coope-

207 623 276 652 rient
291 629 334 652 te:
353 629 379 652 et
396 625 418 651 si
436 626 577 653 transieris
590 633 638 661 per
654 626 756 661 ignem,
770 634 824 653 non
839 627 973 654 exureris.
985 637 996 653 ι

241 669 303 697 Jac.
330 679 356 703 ν,
385 671 429 698 17.
445 686 479 690 -
495 680 504 696 ι
522 670 637 699 Multum
662 671 734 699 valet
753 672 910 707 deprecatio
928 673 997 708 justi

207 715 330 743 assidua.
348 726 356 741 1

241 760 275 788 Il
291 761 364 789 ἔδειν.
377 771 406 795 ιι,
428 763 499 791 9.-
522 773 530 788 ι
548 762 631 790 Novit
648 762 780 791 Dominus
799 764 859 798 pios
873 772 888 792 e
906 768 996 792 tenta-

206 807 280 835 tione
297 809 413 842 eripere.
433 819 443 834 ι

239 853 311 881 Justi
331 855 407 882 multi
425 855 452 882 in
471 855 643 884 calamitates
663 854 789 884 incidunt
807 866 813 883 :
830 856 877 885 sed
890 857 933 884 hae
948 857 997 884 ila-

206 898 275 932 gella
289 907 342 925 non
364 904 438 927 sunt.

205 953 287 990 430
311 955 379 983 TlT.
400 955 467 983 Vill.
479 972 514 976 -α
530 957 569 993 De
588 958 668 991 iustis
683 966 692 984 :
708 959 777 993 quod
795 963 998 986 contemnuntur

468 997 493 1018 et
508 991 578 1019 male
592 991 730 1020 vexantur.

239 1035 292 1063 Job
307 1044 354 1069 1x,
380 1037 426 1065 25.
448 1053 483 1059 —-
515 1047 524 1064 ι
546 1038 617 1067 Justi
643 1039 814 1068 deridentur.
837 1040 998 1069 Traduntur

205 1081 278 1108 enim
295 1081 322 1108 in
342 1089 439 1110 manus
456 1083 614 1119 impiorum.
637 1094 647 1111 ι

239 1125 291 1152 Job
305 1134 356 1160 ιιιι,
383 1128 415 1157 4.
428 1143 463 1150 -ο
480 1138 489 1154 ι
506 1127 602 1157 Justus
629 1130 671 1157 vir
691 1135 719 1158 et
743 1131 996 1166 irrepreltensibilis

205 1169 295 1198 factus
311 1171 394 1198 estin
411 1172 663 1201 subsannationem.
683 1184 693 1199 ›

239 1216 320 1244 Prov.
338 1217 453 1251 “1,15.
468 1233 503 1238 ——
521 1227 529 1243 ι
546 1217 594 1246 Vir
613 1219 675 1253 pius
695 1220 766 1255 apud
781 1221 930 1249 sceleratos
944 1221 995 1248 im-

203 1269 290 1297 purus
305 1267 358 1290 est.
381 1273 390 1289 ι

238 1308 319 1336 Prov.
342 1317 404 1336 3(in
418 1329 426 1342 ,
446 1309 489 1336 10.
509 1325 544 1330 -
570 1320 579 1336 ι
599 1309 655 1338 Viri
679 1316 823 1340 consortes
852 1311 995 1347 sanguinis

203 1354 307 1389 justum
321 1355 449 1382 oderunt.
468 1365 478 1380 ι

240 1400 306 1435 Sap.
325 1409 361 1435 IV,
380 1401 423 1429 l8.
439 1417 472 1422 —
491 1412 500 1428 ι
520 1401 658 1430 Videbunt
671 1402 788 1437 justum,
817 1408 844 1430 et
867 1408 993 1432 contem-

204 1451 272 1474 nent
286 1455 348 1474 eum
361 1457 368 1475 :
384 1448 444 1476 illos
460 1453 552 1476 autem
569 1449 701 1477 Dominus
714 1449 859 1477 deridebit.
869 1450 994 1478 Eterunt

204 1492 326 1526 posthaec
343 1493 370 1519 in
385 1493 492 1521 ruinam
504 1494 564 1522 sine
579 1494 696 1528 honore,
712 1500 739 1522 et
755 1494 782 1522 in
797 1495 991 1523 contumeliam

205 1538 277 1565 inter
291 1542 416 1565 mortuos
434 1538 462 1565 in
477 1543 650 1574 perpetuum.
673 1549 683 1565 ›

239 1581 304 1616 Sap.
320 1590 347 1615 ν,
367 1582 426 1609 1-7.
444 1597 478 1603 -‹
502 1593 511 1608 ι
532 1583 624 1611 Stabit
646 1583 739 1619 justus
758 1583 788 1611 in
810 1591 909 1620 magna
927 1592 993 1612 con-

204 1628 306 1655 stantia
320 1627 454 1656 adversus
473 1635 520 1656 eos
540 1629 586 1664 qui
606 1636 636 1656 se
651 1630 887 1665 angustiaverunt,
907 1634 934 1658 et
948 1631 994 1666 qui

205 1673 379 1701 abstulerunt
403 1673 512 1702 labores
529 1674 601 1709 ejus.
622 1673 752 1703 Videntes
778 1679 872 1704 autem
899 1677 995 1704 turba-

204 1719 311 1747 buntur
323 1719 423 1747 timore
440 1719 580 1752 horribili,
601 1725 628 1748 et
649 1720 825 1749 mirabuntur
842 1722 870 1749 in
887 1722 994 1750 subita-

203 1765 280 1793 tione
293 1765 441 1800 insperatae
456 1766 564 1795 salutis.
585 1766 681 1795 Dicent
694 1767 767 1795 enim
780 1768 807 1795 in
822 1768 920 1803 seipsis
935 1776 994 1804 pa:-

203 1811 348 1839 nitentiam
367 1817 479 1847 agentes
501 1821 508 1840 :
532 1813 583 1841 Hic
607 1817 650 1841 est
671 1821 752 1848 quem
775 1814 923 1842 habuimus
944 1815 993 1842 ali-

204 1857 315 1891 quando
329 1858 357 1884 in
372 1857 505 1891 derisum,
518 1863 545 1886 et
558 1859 586 1886 in
598 1858 808 1887 similitudinem
822 1859 992 1895 improperii.

204 1902 261 1930 Nos
275 1903 408 1931 inseusati
425 1904 507 1931 vitam
524 1905 597 1932 illius
616 1905 825 1934 aestimabamus
845 1906 992 1940 insaniam,

200 1953 232 1984 et
243 1948 326 1976 linem
341 1949 414 1978 illius
431 1950 492 1978 sine
503 1951 619 1980 honore.
633 1951 704 1979 Ecce
719 1952 856 1986 quomodo
880 1959 994 1988 compu-

204 1999 278 2023 tatus
291 2000 333 2023 est
347 1995 418 2023 inter
430 1995 500 2024 ﬁlios
517 1996 576 2030 Dei,
589 2001 616 2024 et
627 1998 699 2025 inter
717 2003 827 2025 sanctos
841 2005 905 2026 sors
918 1998 993 2026 illius

203 2045 256 2069 est.
279 2040 352 2076 Ergo
380 2041 533 2070 erravimus
559 2049 575 2069 ιι
600 2042 645 2070 via
673 2043 815 2075 veritatis,
846 2047 874 2070 et
900 2043 992 2071 lumen

201 2088 315 2122 iustitia:
327 2095 382 2115 non
396 2087 496 2115 affulsit
507 2088 600 2116 nobis.
611 2087 716 2123 Repleti
725 2095 821 2116 sumus
837 2088 992 2123 iniquitatis

203 2133 255 2161 viis
268 2139 295 2161 et
312 2133 483 2168 perditionis,
504 2138 532 2161 et
548 2133 749 2161 ambulavimus
766 2134 827 2162 vias
845 2134 990 2163 dilﬁciies:

202 2179 275 2206 viam
293 2185 383 2206 autem
402 2180 510 2207 Domini
525 2187 579 2207 non
595 2181 783 2216 cognovimus.
802 2189 813 2205 ι

231 2216 274 2252 ’11
286 2225 354 2252 Tim.
369 2233 411 2257 ιιι,
428 2225 472 2252 12.
484 2240 519 2245 —-
535 2235 544 2251 ι
562 2225 664 2254 Omnes
673 2227 718 2261 qui
734 2227 777 2262 pie
789 2226 886 2254 volunt
899 2227 992 2256 vivere
1005 2218 1031 2249 υ

203 2273 230 2300 in
246 2271 359 2300 Christo
371 2271 446 2305 Jesu,
459 2271 679 2307 persecutionem
695 2272 842 2307 patientur.
856 2272 918 2300 Mali
940 2281 990 2301 au-

203 2324 257 2347 tem
271 2318 399 2346 homines
415 2321 444 2346 et
458 2318 618 2346 seductores
643 2318 787 2353 proﬁcient
809 2320 838 2346 in
857 2319 946 2355 pejus,
963 2321 989 2347 in

201 2372 325 2394 errorem
343 2365 483 2392 mittentes
497 2368 524 2392 et
540 2367 674 2392 errantes.
696 2374 705 2391 ι

238 2410 421 2439 Basilii—In
435 2417 532 2437 manus
548 2410 695 2445 impiorum
711 2410 779 2445 justi
794 2418 905 2446 quoque
919 2419 991 2445 saepe

203 2457 360 2489 traduntur,
383 2464 437 2483 non
462 2460 492 2482 ιιι
514 2455 554 2482 illi
572 2455 755 2489 honorentur,
781 2456 829 2483 sed
848 2461 878 2484 ut
892 2456 989 2484 horum

202 2503 292 2530 \‘irtus
311 2502 454 2536 explorata
473 2505 672 2536 perspectaque
691 2501 738 2529 sit.

237 2549 377 2584 Clirysost.
391 2562 426 2567 ——
440 2546 513 2574 Fieri
530 2555 585 2574 non
604 2551 704 2582 potest,
718 2551 747 2574 ut
756 2548 804 2582 qui
819 2547 903 2583 prole
917 2553 945 2576 et
956 2556 990 2576 ex

202 2595 302 2622 virtute
315 2593 420 2626 vivunt,
441 2592 513 2628 apud
529 2588 625 2620 omnes
643 2592 712 2620 bene
726 2592 849 2619 audiant.

235 2640 372 2667 Possibile
396 2646 451 2666 non
472 2642 526 2672 est,
550 2644 581 2666 ut
605 2639 651 2674 qui
672 2639 767 2667 virtuti
792 2639 841 2666 dat
865 2647 989 2674 operam,

202 2692 255 2711 non
271 2686 374 2714 multos
392 2685 486 2713 hostes
498 2684 608 2712 habeat.

203 2738 269 2767 Tl'l‘.
292 2739 339 2767 1X.
356 2740 443 2767 -οε
472 2741 505 2767 iis
532 2741 585 2781 ιιιιὶ¹
607 2741 731 2781 pecunias
764 2740 851 2775 fenori
874 2741 939 2768 dant
966 2750 991 2768 ιιι

528 2782 670 2810 accipiunt.

240 2819 327 2846 Exod.
346 2828 412 2852 ml,
427 2821 472 2848 ‘25.
484 2835 518 2841 —-~
535 2830 543 2846 ι
561 2820 588 2847 Si
611 2821 755 2856 pecuniam
771 2825 866 2849 mutuo
882 2823 990 2850 dederis

205 2864 282 2890 fratri
297 2870 353 2896 tuo,
370 2872 422 2895 non
437 2873 499 2892 eum
519 2867 641 2900 urgebis,
658 2874 707 2894 nec
723 2868 847 2897 importes
871 2868 895 2894 ei
922 2876 988 2896 usu~

209 2915 278 2934 tam.
300 2917 309 2932 1

1094 321 1102 337 ι
1120 311 1230 342 Δίκαιος
1242 309 1271 336 ὲν
1294 309 1366 345 χαρᾷ
1381 307 1429 335 καὶ
1447 307 1475 334 ὲν
1491 305 1646 342 εὐφροσύνῃ
1658 303 1775 331 {cum}

1094 409 1103 425 ι
1120 399 1232 429 Δίκαιος
1244 398 1276 424 ἐκ
1294 396 1383 432 θήρας
1397 395 1504 423 ὲκδύνει
1516 402 1523 409 ·
1540 394 1598 421 ἀντ’
1623 391 1706 420 αὐτοῦ
1724 390 1842 427 παραδί-

1049 446 1124 473 δοται
1134 445 1244 480 ἁσεὸής.
1264 453 1274 470 ι

1087 501 1096 518 ι
1125 491 1171 527 Μὴ
1189 489 1285 526 φοϐοῦ,
1302 490 1345 516 ὅτι
1358 487 1554 524 ὲλυτρωσάμην
1569 494 1598 513 σε
1609 494 1615 501 ·
1629 483 1748 512 ἐκάλεσα
1765 492 1793 510 σε
1809 482 1841 510 τὸ

1052 537 1142 573 ὄνομά
1157 546 1203 564 σου
1214 544 1222 552 '
1242 536 1307 571 ἐμὸς
1330 533 1354 561 ei
1382 534 1426 562 σύ.
1440 533 1497 561 Καὶ
1514 532 1560 560 ἐὰν
1573 531 1712 568 διαϐαινῃς
1726 529 1759 556 δι’
1776 529 1840 555 ὕδα-

1053 592 1110 616 τος,
1137 583 1208 618 μετὰ
1235 581 1283 608 σοῦ
1309 582 1376 617 ειμι,
1397 580 1444 607 καὶ
1460 578 1579 615 ποταμοὶ
1594 578 1624 604 οὐ
1650 574 1838 611 συγκλείσουσὶ

1053 639 1083 656 σε
1100 639 1106 645 ·
1131 630 1179 656 καὶ
1194 628 1242 655 ὲὰν
1250 627 1357 663 διέλθῃς
1365 626 1409 653 διὰ
1420 625 1516 661 πυρὸς,
1527 625 1557 651 οὐ
1575 623 1612 660 μὴ
1628 621 1812 657 κατακαυθῇς.
1824 628 1835 646 ι

1095 685 1104 701 ι
1122 675 1194 703 Πολὺ
1211 674 1299 709 ἰσχύει
1313 673 1405 709 δέησις
1415 671 1520 699 δικαίου
1533 668 1727 706 ἐνεργουμένη.
1744 677 1753 693 ι

1091 773 1099 789 ι
1116 761 1178 790 Οἵδε
1192 761 1294 798 Κύριος
1320 758 1445 791 εὐσεϐεῖς
1456 759 1488 785 ἐκ
1510 755 1668 793 πειρασμοῦ
1688 754 1810 790 ῥύεσθαι.
1825 761 1837 780 ι

1086 853 1142 879 Καὶ
1154 852 1253 878 δίκαιοι
1277 848 1370 877 πολλοὶ
1393 845 1598 883 περιστατικοῖς
1614 842 1837 879 περιπίπτουσιν,

1013 883 1034 910 Β
1054 897 1122 926 ἀλλὰ
1133 897 1221 924 ταῦτα
1239 896 1370 932 μάστιγες
1384 893 1434 920 οὐκ
1450 892 1514 920 εἱσι,

1050 956 1141 984 TlTA.
1159 956 1200 981 H'.
1226 969 1260 974 —
1276 951 1347 987 Περὶ
1367 950 1500 987 δικαίων,
1521 947 1567 975 ὅτι
1588 944 1837 981 περιφρονοῦνται

1305 985 1354 1014 καὶ
1373 985 1577 1022 διιιιιίύ,ι)ο’›θτιιιἶ

1091 1054 1099 1069 ι
1122 1042 1227 1069 Δίκαιοι
1254 1037 1470 1073 καταγελῶνται.
1493 1034 1690 1070 Παραδίδονται
1715 1031 1769 1066 γὰρ
1796 1031 1836 1061 εὶς
1887 1067 1891 1072 ἢ

1051 1092 1145 1126 χεῖρας
1156 1086 1273 1116 ἀσεϐῶν.
1292 1095 1301 1111 ι

1087 1122 1100 1161 ι’
1129 1134 1240 1164 Δίκαιος
1275 1131 1346 1166 ἀνὴρ
1373 1129 1421 1156 καὶ
1453 1127 1598 1163 ἄμεμπτος
1633 1123 1765 1160 ἐγεννήθη
1795 1122 1836 1153 εις

1050 1181 1205 1218 χλεύασμα.
1226 1188 1235 1204 ι

1088 1236 1096 1252 ι
1118 1226 1214 1256 Ὂσιος
1230 1222 1387 1257 ἀκάθαρτος
1401 1219 1476 1255 παρὰ
1487 1218 1662 1253 κακουργοῖς.
1683 1225 1694 1242 ι

1085 1325 1094 1341 ι
1117 1313 1232 1349 ’Ἄνδρες
1259 1311 1383 1347 αἱμάτων
1414 1309 1523 1345 μέτοχοι
1551 1307 1660 1342 μισοῦσι
1686 1304 1800 1332 δίκαιον.
1821 1311 1832 1329 ι

1084 1416 1093 1430 ι
1117 1402 1247 1438 Ὄψονται
1263 1401 1309 1427 τὸν
1332 1398 1446 1429 δίκαιον,
1464 1396 1511 1423 καὶ
1534 1393 1770 1428 ὲξουθενήσουσιν,
1785 1389 1834 1438 ati-

1045 1451 1108 1481 τοὺς
1136 1435 1165 1476 δὲ
1182 1448 1196 1473 ὁ
1214 1445 1316 1481 Κύριος
1340 1442 1530 1478 ἑκγελάσεται.
1553 1440 1609 1466 Καὶ
1633 1438 1741 1465 ἔσονται
1765 1435 1834 1472 μετὰ

1044 1495 1123 1523 τοῦτο
1139 1495 1178 1525 εἰς
1205 1491 1307 1526 πτῶμα
1331 1490 1438 1525 ἄτιμον,
1458 1487 1506 1514 καὶ
1522 1487 1562 1518 εις
1577 1485 1654 1520 ὓϐριν
1669 1485 1698 1511 ὲν
1727 1483 1834 1518 νεκροῖς

1007 1552 1029 1582 C
1045 1542 1078 1569 δι’
1095 1539 1202 1570 αἰῶνος.
1221 1547 1231 1564 »

1085 1597 1094 1614 ι
1112 1586 1244 1621 ἓιήσεται
1260 1584 1274 1611 ὁ
1303 1582 1408 1613 δίκαιος
1431 1581 1460 1607 ὲν
1480 1577 1624 1614 παρρησίᾳ
1653 1576 1737 1610 πολλῇ
1762 1575 1835 1601 κατὰ.

1047 1633 1193 1670 πρόσωπον
1207 1630 1262 1658 τῶν
1281 1628 1435 1664 θλιψάντων
1459 1625 1550 1658 αὐτὸν,
1568 1624 1617 1651 καὶ
1632 1623 1689 1649 τῶν
1704 1621 1834 1670 donativ-

1045 1669 1100 1707 τῶν
1114 1679 1178 1710 τοὺς
1209 1678 1308 1708 πόνους
1323 1673 1416 1702 αὑτοῦ.
1439 1672 1551 1703 Ἰδόντες
1566 1671 1594 1697 δὲ
1613 1669 1834 1711 ταραχθήσονται

1046 1725 1121 1760 φόϐῳ
1138 1723 1228 1759 δεινῷ,
1247 1723 1295 1750 καὶ
1308 1721 1488 1756 ἐκστήσονται
1505 1717 1552 1744 ἐπὶ
1568 1715 1607 1752 τῷ
1623 1714 1770 1751 παραδόξῳ
1783 1713 1834 1749 τῆς

1045 1771 1193 1807 σωτηρίας.
1213 1767 1323 1804 Ἐροῦσι
1349 1766 1404 1802 γὰρ
1436 1765 1465 1792 ὲν
1491 1763 1584 1795 αὐτοῖς
1612 1761 1808 1807 μετανοοῦντες
1824 1767 1832 1775 ο

1045 1815 1129 1848 Οὗτος
1144 1814 1178 1852 ἦν
1194 1815 1223 1842 ὃν
1243 1813 1358 1849 ἔσχομεν
1372 1819 1439 1838 ποτε
1457 1811 1497 1842 εἰς
1518 1809 1634 1844 γέλωτα,
1652 1807 1700 1834 καὶ
1715 1806 1756 1838 εἰς
1780 1813 1834 1832 πα-

1046 1864 1164 1901 ραϐολὴν
1179 1860 1345 1898 ὸνειδισμοῦ.
1361 1861 1393 1888 Οἱ
1412 1859 1529 1895 ἄφρονες
1539 1857 1586 1884 τὸν
1603 1855 1660 1891 βίον
1677 1853 1760 1901 αὐτοῦ
1775 1852 1832 1880 ἑλο-

1044 1900 1184 1946 γισάμεθα
1199 1907 1309 1944 μανίαν,
1327 1906 1374 1934 καὶ
1395 1906 1445 1940 τὴν
1471 1903 1554 1931 αὑτοῦ
1571 1901 1700 1937 τελευτὴν
1723 1900 1830 1946 ἄτιμον.
1859 1914 1862 1917 -

1043 1945 1106 1990 Πῶς
1115 1945 1305 1990 νκατελογίσθη
1320 1954 1350 1981 ἐν
1365 1953 1432 1984 υἱοῖς
1448 1949 1526 1983 Θεοῦ,
1539 1949 1588 1977 καὶ
1603 1949 1632 1975 ὲν
1643 1946 1730 1982 ἁγίοις
1741 1947 1754 1973 ὁ
1767 1945 1833 1980 κλῆ-

1045 2013 1091 2041 ρος
1107 2002 1205 2035 αὐτοῦς
1222 2002 1294 2037 Ἀρα
1321 1997 1514 2034 ὲπλανήθημεν
1535 1995 1590 2023 ἀπὸ
1608 1993 1673 2041 ῥδοῖξ
1692 1991 1832 2041 (blnda-(ag,

1043 2038 1091 2079 καὶ
1101 2050 1132 2090 τὸ
1144 2049 1196 2084 τῆς
1208 2045 1383 2080 δικαιοσύνης
1395 2043 1453 2079 φῶς
1465 2040 1651 2090 οὑκλέλαμιζιεν
1662 2038 1738 2090 ἡμῖν.
1753 2038 1832 2090 "13v?-

1045 2087 1113 2133 μίας
1124 2083 1304 2131 επῖήσθημεν
1319 2090 1423 2129 τρίϐοις
1441 2090 1489 2116 καὶ
1515 2083 1733 2133 ἀπωλείαςςοιαῖΙ
1746 2083 1832 2133 ὠδειῖ-

1044 2129 1131 2178 σαμεν
1160 2129 1269 2177 τρίϐους
1297 2137 1426 2170 ἀϐάτους,
1454 2136 1503 2171 τὴν
1525 2133 1555 2161 δὲ
1574 2131 1639 2176 ὁδὸν.
1660 2130 1764 2168 Κυρίου
1782 2129 1831 2156 οὐκ

1042 2188 1176 2223 ἔγνωμεν.
1194 2195 1203 2211 ι

1082 2242 1092 2259 ι
1112 2220 1217 2263 Πάντες
1230 2231 1254 2256 οἱ
1272 2229 1396 2260 θέλοντες
1409 2226 1458 2262 ζῇν
1473 2224 1593 2255 εὐσεϐῶς
1608 2224 1637 2251 ὲν
1652 2220 1762 2258 Χριστῷ
1780 2221 1830 2255 Ἰη-

1045 2278 1105 2310 σοῠ,
1119 2276 1329 2312 διωχθήσονται.
1340 2272 1460 2308 Πονηροὶ
1471 2271 1499 2298 δὲ
1513 2270 1653 2306 ἄνθρωποι
1668 2267 1717 2294 καὶ
1733 2266 1832 2312 γόητες

1043 2310 1228 2358 προκόψουσιν
1242 2320 1290 2346 ὲπὶ
1303 2319 1333 2346 τὸ
1353 2318 1454 2354 χεῖρον,
1472 2315 1628 2346 πλανῶντες
1655 2313 1704 2340 καὶ
1725 2310 1832 2340 πλανώ-

1043 2377 1129 2404 μενοι.
1148 2377 1157 2394 ι

1079 2414 1277 2450 Παραδίδονται
1308 2412 1440 2444 πολλάκις
1466 2411 1513 2439 καὶ
1538 2410 1638 2437 δίκαιοι
1669 2408 1710 2439 εἰς
1737 2407 1832 2442 χεῖρας

1042 2461 1149 2488 ἀσεϐῶν
1161 2469 1168 2476 ν
1186 2461 1236 2496 οὺχ
1250 2460 1294 2488 ἵνα
1308 2460 1408 2487 ἐκεῖνοι
1425 2457 1589 2494 τιμηθῶσιν,
1613 2454 1671 2483 ἀλλ’
1687 2453 1732 2481 ἵνα
1752 2452 1832 2480 αὐτοὶ

1040 2507 1250 2542 δοκιμασθῶσιν.

1078 2553 1116 2580 Οὐ
1133 2553 1245 2580 δυνατὸν
1258 2552 1322 2584 τοὺς
1341 2553 1370 2580 ἐν
1382 2552 1466 2588 ἀρετῇ
1491 2550 1597 2583 ζῶντας
1617 2548 1695 2585 παρὰ
1719 2546 1829 2574 πάντων

1042 2598 1153 2626 ἀκούειν
1169 2598 1271 2630 καλῶς.

1079 2644 1136 2671 Οὐκ
1148 2644 1206 2670 ἐστι
1221 2644 1268 2670 τὸν
1286 2644 1389 2679 ἀρετῆς
1403 2642 1619 2678 ἐπιμελούμενον
1642 2640 1682 2676 μὴ
1714 2637 1830 2670 πολλοὺς

1042 2690 1113 2725 ἔχειν
1127 2690 1252 2725 ἐχθρούς.

1024 2771 1027 2775 ,
1043 2733 1134 2772 ΤΙΤλ.
1151 2745 1190 2773 Θ¹.
1206 2760 1242 2766 --
1253 2746 1323 2781 Περὶ
1335 2745 1529 2776 δανειζόντων
1541 2744 1590 2771 καὶ
1604 2742 1830 2777 δανσιᾶψένων.

1082 2832 1090 2848 ι
1114 2822 1178 2851 Ἐὰν
1201 2822 1335 2860 ἀργύριον
1349 2823 1507 2858 ἐκδανεῑσῃς
1522 2822 1561 2857 τῷ
1575 2819 1683 2855 ἀδελφῷ
1706 2826 1766 2850 σου,
1779 2818 1832 2845 οὐκ

1043 2872 1093 2906 ἕπῃ
1103 2867 1178 2906 αὖτῷ
1191 2867 1380 2906 κατεπείγων·
1394 2871 1444 2897 οὐκ
1459 2869 1600 2906 ἐπιθήσεις
1617 2866 1691 2902 αὐτῷ
1703 2865 1794 2892 τόκον.
1817 2873 1827 2890 ι
