2074 3115
217 126 284 159 1365

833 127 952 158 SACRA
971 127 1192 159 PARALLELA
1199 149 1206 156 .

1768 126 1836 160 1386

252 193 261 210 ι
283 183 397 220 Ζήσεται
413 183 428 209 6
441 183 556 218 ἀδελφός
568 191 614 210 σου
631 183 700 218 μετὰ
716 182 772 210 σοῦ.
789 184 825 210 Τὸ
838 185 892 220 γὰρ
913 185 997 220 ἀργύ-

1084 184 1167 212 Leuit.
1180 191 1242 217 uv,
1257 183 1301 210 55.
1319 199 1351 203 -
1369 193 1377 208 ι
1394 183 1473 211 Vivet
1488 182 1570 211 frater
1584 186 1647 210 tuus
1665 187 1764 211 tecum.
1778 185 1837 212 Non

216 229 273 265 ριὸν
287 238 333 256 σου
349 229 379 256 οὐ
399 228 494 261 δώσεις
507 229 582 265 αὐτῷ
600 229 646 256 ἐπὶ
661 229 734 265 τόκῳ
749 230 795 256 καὶ
817 230 864 257 ἐπὶ
887 231 999 259 πλεονα-

216 275 287 312 σμῷ.
308 275 346 302 Οὐ
358 275 454 306 δώσεις
468 274 542 309 αὐτῷ
559 275 605 303 ἐπὶ
619 275 692 310 τόκῳ
705 275 739 302 τὰ
756 275 889 310 βρώματὰ
909 285 966 303 σου.
990 287 998 303 ι

253 331 262 348 ‹
283 321 393 349 Δᾶνειον
403 322 518 353 δανειεῖς
529 321 568 357 τῷ
584 321 697 357 πλησίον
714 330 761 348 σου
776 322 837 348 ὅσον
847 322 999 353 ἐπιδέεται.

217 368 262 394 καὶ
274 367 305 393 οὺ
321 367 466 402 λυπηθήσῃ
477 368 510 402 τῇ
523 367 623 402 καρδίᾳ
638 376 696 399 σου,
715 367 833 400 διδόντος
847 377 893 395 σου
906 369 980 404 αὐτῷ
992 378 999 386 ”

217 413 261 438 καὶ
275 412 418 448 εὐλογήσει
436 422 466 439 σε
482 413 592 448 Κύριος.
612 422 622 439 ι

253 467 262 484 ι
281 459 339 485 Οὐκ
352 459 486 490 ἐκτοκιετς
497 460 536 494 τῷ
548 460 655 496 ἀδελφῷ
671 470 718 488 σου
733 463 814 489 τόκον
836 461 1000 497 βρωμάτων,

216 503 263 529 καὶ
280 502 360 530 τόκον
377 503 478 535 παντὸς
490 505 664 539 πράγματος,
682 503 712 533 οὗ
729 505 777 532 ἐὰν
793 507 950 542 ἐκδανείσῃζ
963 506 1002 541 τῷ

215 547 321 583 ἀδελφῴ
339 557 397 575 σου.
417 557 426 574 ι

251 602 261 619 ι
283 594 346 621 Ἐὰν
362 593 528 632 ὀφείλημαῇ
546 595 575 622 ὲν
587 597 626 630 τῷ
642 596 756 632 πλησίον
772 606 819 624 σου
836 598 936 630 ὁτιοῦν,
954 599 1003 626 οὐκ

216 641 357 676 είσελεύσῃ
372 642 411 672 είς
425 641 474 676 τὴν
487 642 576 670 οἰκίαν
591 643 676 669 αὐτοῦ
691 645 855 679 ἐνεχυράσαι
866 645 897 671 τὸ
911 646 1003 680 ἐνέχυ-

217 694 273 721 ρον.
287 686 360 718 Ἕξω
375 687 472 723 στήσῃ,
493 687 541 714 καὶ
566 689 580 714 6
593 688 736 723 ἅνθρωπος
758 687 847 722 οὗτος,
863 688 893 717 οὗ
907 692 937 718 τὸ
956 692 1003 718 δα-

215 731 285 756 νείὁν
302 731 347 757 σού
362 732 445 764 ἐστιν,
460 731 558 764 ἐξοίσει
577 742 618 760 σοι
633 734 662 760 τὸ
676 734 804 771 ἐνέχυρον
820 736 882 769 ἔξω.
904 737 965 764 Ἐὰν
975 738 1003 764 δὲ

215 775 229 801 ὁ
246 775 388 810 ἄνθρωπος
417 775 543 813 πένηται,
557 778 587 804 οὔ
604 779 760 815 κοιμηῦἡσῃ
777 781 805 807 ὲν
821 781 861 816 τῷ
883 782 1004 818 ἐνεχύρῳ

216 821 309 848 αὐτοῦ.
334 822 498 854 Ἀποδώσεις
520 824 550 850 τὸ
567 824 695 858 ἐνέχυρον
710 825 793 852 αὐτοῦ
818 827 884 862 περὶ
898 828 1003 863 δυσμὰς

1051 231 1124 258 eniui
1137 229 1216 257 dabis
1236 229 1260 257 ei
1282 229 1423 264 pecuniam
1441 229 1474 256 ad
1491 238 1602 257 usuram
1621 233 1648 257 et
1672 230 1836 265 multiplica-

1051 276 1166 303 tionem.
1181 274 1242 302 Non
1258 275 1336 303 dabis
1354 275 1378 302 ei
1394 275 1428 303 ad
1444 283 1554 303 usuram
1579 275 1655 303 cibos
1670 279 1744 303 tuos.
1765 285 1774 301 ι

1088 321 1165 350 Deut.
1201 330 1246 356 xv,
1273 322 1300 350 8.
1319 336 1353 342 -—
1373 331 1383 347 ‹
1408 321 1501 349 Mutuo
1528 322 1605 349 dabis
1631 323 1756 357 proximo
1782 327 1838 353 tuo,

1052 370 1185 402 quantum
1205 367 1363 403 indiguerit,
1388 375 1439 402 nec
1461 368 1580 403 graviter
1595 367 1662 395 feret
1681 375 1728 395 cor
1752 372 1838 399 tuum,

1052 419 1113 439 eum
1131 413 1239 440 dederis
1250 413 1286 446 ei,
1304 417 1331 440 et
1351 413 1494 441 benedicet
1510 418 1536 439 te
1551 412 1633 440 Deus.
1650 423 1659 438 ι

1088 458 1167 486 Deut.
1183 467 1260 491 mu,
1278 459 1320 487 l9.
1336 474 1370 479 —-
1389 468 1399 485 ί
1414 458 1474 486 Non
1491 459 1584 494 exiges
1595 466 1610 485 a
1627 458 1709 485 fratre
1722 462 1767 485 tuo
1780 465 1839 485 usu-

1053 513 1111 533 ram
1124 512 1261 537 escarum,
1277 506 1465 532 nec'usuran‘t
1483 504 1674 544 cujuscunque
1700 504 1738 530 rei
1759 511 1839 538 quam

1054 552 1191 581 feneratus
1207 550 1292 578 fueris
1306 551 1341 578 ci.
1359 560 1368 576 ι
1600 546 1610 561 ί

1090 596 1168 623 Deut.
1183 603 1268 629 .xxtv,
1286 595 1378 622 10-15.
1392 611 1426 615 —
1443 604 1452 620 ‹
1472 594 1501 621 Si
1517 594 1644 623 debuerit
1670 594 1754 622 frater
1778 598 1841 621 tuus

1054 641 1240 677 quodcunque
1250 641 1447 674 debitum,non
1461 640 1624 676 ingrediaris
1637 641 1746 667 domum
1757 640 1841 671 illius,

1054 693 1083 715 ut
1099 689 1198 723 pignus
1219 688 1339 716 auferas.
1354 686 1432 714 Foris
1449 687 1546 720 stabis,
1565 691 1592 714 et
1610 687 1691 713 homo
1708 686 1754 713 ille
1772 687 1842 720 apud

1054 742 1135 768 quem
1149 733 1232 760 fuerit.
1250 737 1374 760 mutuum
1391 736 1478 763 tuum,
1497 732 1562 759 feret
1575 732 1624 758 tibi
1640 732 1737 766 pignus
1759 731 1841 758 foras.

1055 779 1132 812 Quod
1153 778 1175 806 si
1200 786 1303 814 pauper
1323 782 1374 810 ρει,
1394 786 1448 804 non
1463 778 1583 805 dormies
1600 779 1626 804 in
1644 778 1757 812 pignore
1772 778 1842 811 ejus.

1056 825 1164 853 Iteddes
1177 825 1273 860 pignus
1288 825 1347 860 ejus
1365 824 1438 851 circa
1455 831 1583 851 occasum
1600 824 1677 855 solis,
1692 827 1718 850 ct
1729 823 1844 850 dormiet

217 866 302 901 ἡλίου,
320 868 368 895 καὶ
389 868 588 904 κοιμηθήσεται
613 871 642 897 ἐν
657 873 695 906 τῷ
721 873 822 908 ίματίῳ
845 860 1003 906 iii-5105,3412

1057 871 1084 898 in
1111 870 1277 898 vestimento
1301 878 1362 902 suo,
1387 874 1412 896 et
1437 869 1580 897 benedicot
1596 869 1656 902 tibi,
1683 873 1710 897 ct
1728 870 1780 896 erit
1797 869 1843 896 tibi

216 913 357 949 εὐλογήσει
386 923 426 948 σε,
446 916 493 942 καὶ
516 917 558 943 σοὶ
581 916 660 944 ἔσται
685 919 855 956 ἐλεημοσύνη
885 920 1004 947 ἐναντίω

216 959 320 994 Κυρίου
331 960 379 987 τοῦ
392 961 460 987 Θεοῦ
479 970 537 989 σου.
556 972 566 988 ι

255 1015 264 1031 ι
283 1006 405 1038 Δανείζει
431 1007 446 1033 6
462 1008 633 1043 ἁμαρτωλὸς.
647 1010 694 1035 καὶ
713 1010 764 1037 οὐκ
785 1011 928 1038 ἀποτίσει·
947 1013 962 1038 6
978 1012 1004 1039 δὲ

217 1050 321 1082 δίκαιος
336 1053 475 1087 οίκτείρει,
489 1054 536 1080 καὶ
552 1055 655 1082 δίδωσι.
676 1065 684 1082 ι

255 1105 265 1121 ι
283 1097 407 1131 Χρηστὸς
421 1098 492 1134 ἀνὴρ
506 1100 519 1125 ὁ
535 1100 679 1136 οἰκτείρων
696 1102 742 1128 καὶ
757 1103 870 1138 κιχρῶν.
888 1112 896 1128 ›

255 1193 264 1210 ι
284 1184 394 1216 Δίκαιος
408 1187 536 1222 οὶκτείρει
552 1188 599 1216 καὶ
615 1190 708 1225 κιχρᾷ.
732 1200 740 1215 ι
915 1189 991 1224 Αἰξί,
1011 1200 1017 1210 '

255 1283 264 1299 ‹
289 1274 318 1300 ’0
344 1275 488 1310 πληθύνων
517 1278 632 1305 πλοῦτον
655 1280 737 1307 αὐτοῦ
764 1282 833 1313 μετὰ
858 1282 936 1308 τόκου
959 1283 1005 1309 καὶ

217 1319 409 1357 πλεονασμοῦ,
433 1322 472 1358 τῷ
507 1323 627 1351 ὲλεοῦντι
653 1328 778 1362 πτωχοὺς
809 1328 922 1362 συνάγει
954 1329 1004 1355 αὺ-

216 1365 271 1392 τόν.
288 1375 297 1392 ι

254 1421 264 1437 ι
283 1413 428 1441 Δανειστοῦ
450 1415 499 1442 καὶ
538 1417 739 1453 χρεωφειλέτου
759 1418 885 1454 ἀλλήλοις
911 1419 1005 1445 συνελ-

217 1457 328 1490 θόντων,
343 1460 499 1496 ἐπισκοπὴν
512 1462 679 1498 ἀμφοτέρων
698 1465 817 1490 ποιεῖται
831 1465 845 1490 ὁ
859 1464 971 1499 Κύριος.
993 1474 1001 1490 ι

255 1512 265 1552 _«
281 1503 328 1552 hii]
463 1507 535 1552 ,χείρ
552 1515 599 1533 σου
621 1508 791 1543 ἐκτεταμένη
803 1510 843 1540 εἰς
857 1509 887 1535 τὸ
901 1509 1003 1542 λαίὶεῖν⁷
1019 1524 1039 1552 C

217 1549 266 1575 καὶ
279 1550 309 1576 ὲν
322 1550 362 1584 τῷ
376 1550 534 1579 ἀποδιδόναι
551 1553 766 1589 συνεσταλμένη.
785 1563 794 1580 ι

254 1605 264 1621 ί
278 1595 325 1629 Μὴ
339 1596 468 1632 δανείσῃς
482 1597 620 1634 ἀνθρώπῳ
639 1599 805 1635 ἰσχυροτέρῳ
818 1608 880 1626 σου·
898 1601 945 1627 καὶ
957 1601 1005 1627 ἐὰν

217 1641 343 1676 δανείσῃς
357 1641 395 1673 ὠς
408 1642 560 1674 ἀπωλεκὼς
574 1643 664 1678 γενοῦ.
682 1653 690 1669 ι

256 1697 265 1713 ι
287 1688 415 1715 Δάνεισον
435 1688 475 1724 τῷ
497 1689 614 1724 πλησίον
630 1699 677 1716 σου
695 1691 724 1717 ἐν
742 1690 830 1726 καιρῷ
849 1692 944 1727 χρείας
958 1693 1006 1719 αὑ-

217 1733 277 1761 τοῦ.
297 1733 392 1760 Πολλοὶ
409 1734 448 1765 ὡς
473 1733 584 1770 εὕρημα
609 1735 739 1769 ἐνόμισαν
755 1736 843 1769 δάνος,
864 1738 911 1764 καὶ
933 1747 1005 1773 παρ-

218 1779 297 1813 έσχον
314 1779 415 1811 κόπους
431 1781 487 1811 τοῖς
504 1779 670 1815 βοηθήσασιν
691 1782 795 1813 αὐτοῖς.
813 1783 905 1818 Βαρέα
918 1783 1005 1810 ταῦτα

219 1824 355 1860 ἀνθρώπῳ
378 1824 466 1860 ἔχοντι
490 1826 634 1861 φρόνησιν,
650 1828 810 1863 ἐπιτίμησις
835 1828 934 1861 οἰκίας,
959 1830 1005 1856 καὶ

217 1870 372 1906 ὀνειδισμὸς
387 1871 539 1899 δανειστοῦ.
554 1882 564 1898 ι

257 1970 266 1986 ι
282 1960 327 1996 Τῷ
341 1961 462 1988 αἰτοῦντί
483 1970 512 1988 σε
528 1962 611 1995 δίδου,
629 1963 677 1990 καὶ
693 1963 738 1991 τὸν
758 1964 869 1992 θέλοντα
891 1965 944 1992 ἀπὸ
958 1966 1004 1992 σοῦ

217 2006 405 2039 δανείσασθαι,
423 2007 460 2043 μὴ
473 2009 664 2044 ἀποστραφῇς.
684 2019 692 2034 ι

256 2062 266 2078 ι
287 2052 349 2079 Ἐὰν
380 2053 524 2088 δανείζητε
552 2055 617 2090 παρ’
631 2051 668 2081 ὧν
689 2055 816 2087 ἐλπίζετε
843 2057 1003 2090 ἀπολαϐεῖν,

217 2098 283 2124 ποία
299 2098 364 2134 ὑμῖν
384 2099 465 2134 χάρις
481 2099 570 2132 ἐστίν;
588 2100 644 2127 Καὶ
662 2100 717 2136 γὰρ
733 2102 893 2136 ἁμαρτωλοὶ
915 2104 1004 2140 ἁμαρ-

216 2145 312 2176 τωλοῖς
324 2145 503 2180 δανείζουσιν,
520 2146 564 2173 ἵνα
581 2147 741 2173 ἀπολάϐωσι
758 2148 792 2174 τὰ
805 2149 860 2177 in,
878 2158 886 2174 ι

251 2234 297 2270 Τῷ
321 2235 378 2262 ὄντι
393 2235 548 2271 ὑπερϐολὴν
571 2237 774 2272 ἀπανθρωπίας
797 2238 867 2273 ἔχει,
894 2239 937 2265 τον
953 2239 1003 2274 μὲν

216 2281 271 2307 τῶν
294 2281 450 2316 ἀναγκαίων
467 2283 564 2315 ἐνδεῶς
579 2283 686 2318 ἔχοντα,
704 2283 795 2318 ζητετν
815 2285 947 2319 δάνεισμα
965 2286 1004 2317 εἰς

217 2327 396 2362 παραμυθίαν
406 2327 454 2354 τοῦ
469 2327 538 2363 βίου,
548 2328 593 2355 τὸν
610 2329 637 2354 δὲ
655 2329 692 2364 μὴ
705 2329 853 2364 ἀρκεῖσθαι
869 2329 907 2365 τῷ
923 2339 1005 2364 κεφα-

216 2371 294 2407 λαίῳ,
311 2372 369 2399 ἀλλ’
393 2374 513 2400 ἐπινοεῖν
531 2374 563 2400 ἐκ
579 2374 633 2400 τῶν
651 2375 799 2410 συμφορῶν
813 2375 860 2401 τοῦ
887 2376 1004 2410 πένητος

216 2419 363 2452 προσόδους
384 2420 488 2456 ἑαυτῷ,
507 2421 554 2447 καὶ
578 2421 708 2457 εὐπορίας
731 2422 869 2456 συνάγειν.
903 2424 932 2450 'O
954 2423 1003 2458 μὲν

215 2461 260 2490 οὖν
272 2464 374 2500 Κύριος
385 2467 508 2502 ἐναργῶς
519 2468 584 2503 ἡμῖν
595 2467 748 2502 διετάξατο,
761 2469 849 2503 λέγων
860 2478 864 2483 ·
881 2469 935 2496 Καὶ
951 2470 1004 2496 τὸν

216 2509 344 2537 θέλοντα
356 2511 415 2539 ἀπὸ
432 2513 490 2541 σοῦ
508 2514 718 2546 δανείσασθαι,
732 2515 776 2550 μὴ
793 2515 1002 2550 ἀποστραφῇς.

222 2554 251 2579 ’0
266 2554 294 2580 δὲ
312 2556 478 2592 φιλάργυρος
493 2559 565 2594 ὀρῶν
580 2560 632 2587 ὑπὸ
651 2562 701 2596 τῆς
715 2562 839 2597 ἀνάγκης
851 2562 936 2598 ἄνδρα
952 2572 1003 2589 κα-

217 2602 457 2636 τακαμπτόμενον,
473 2606 526 2640 πρὸ
541 2606 596 2632 τῶν
611 2604 732 2641 γὸνάτων
748 2609 915 2643 ἱκετεύοντα,
932 2610 957 2636 τί
972 2610 1002 2636 οὐ

217 2646 347 2673 ποιοῦντα.
363 2649 502 2682 ταπεινὸν,
526 2652 552 2677 τί
573 2652 604 2678 οὐ
631 2654 829 2687 φθεγγόμενον,
856 2655 906 2681 οὐκ
932 2655 1004 2681 ἐλεεῖ

216 2692 281 2728 παρ’
292 2692 371 2726 ἀξίαν
388 2695 553 2730 πράττοντα,
573 2698 603 2724 οὐ
618 2698 757 2733 λογίζεται
777 2701 826 2735 τὴν
842 2701 935 2736 φύσιν,
953 2702 1002 2728 οὐκ

214 2738 335 2766 ἐνδίδωσι
349 2742 408 2772 ταῖς
424 2741 550 2774 ἱκεσίαις,
559 2743 617 2770 ἀλλ’
629 2745 771 2780 ἄκαμπτος
786 2747 834 2773 καὶ
844 2746 1002 2781 ἀμείλικτος

215 2784 343 2820 ἕστηκεν,
361 2786 422 2813 οὒτε
442 2787 568 2822 δεήσεσιν
582 2789 676 2822 εἴκων,
690 2791 720 2816 οὐ
737 2791 870 2827 δάκρυσιν
881 2793 1001 2819 ἐπικλώ-

220 2839 310 2866 μενος,
328 2833 463 2868 ἐπιμένων
476 2834 509 2868 τῇ
530 2835 654 2870 ἀρνήσει,
674 2837 859 2872 ἐπομνύμενος
884 2838 930 2864 καὶ
952 2839 1000 2864 ἐπ-

1058 916 1246 944 misericordia
1264 923 1356 944 coram
1369 915 1484 943 Domino
1497 915 1552 943 Dco
1567 919 1624 942 tuo.
1645 924 1654 941 ι

1092 1005 1172 1050 43],
1187 1004 1262 1032 Psal.
1275 1013 1358 1032 xxxvi
1371 1025 1378 1037 ,
1390 1003 1436 1031 21.
1446 1020 1480 1023 -
1491 1013 1500 1030 ‹
1512 1004 1653 1031 Muluatur
1667 1009 1807 1039 peccator,
1818 1007 1844 1030 et

1057 1059 1110 1079 non
1126 1052 1234 1085 solvet;
1249 1053 1340 1086 justus
1359 1055 1449 1077 autem
1467 1051 1623 1082 miseretur,
1640 1054 1667 1077 et
1684 1050 1793 1077 tribuit.
1813 1059 1822 1075 ι

1093 1097 1168 1125 Ρδιιί,
1188 1105 1230 1125 cxi
1243 1122 1250 1135 ,
1267 1097 1295 1125 5.
1307 1111 1341 1117 -—
1358 1106 1366 1122 ι
1383 1096 1525 1124 .lucundus
1541 1096 1624 1124 homo
1637 1096 1683 1131 qui
1699 1096 1845 1123 miseretur

1057 1148 1083 1170 et
1098 1143 1263 1171 commodat.
1281 1151 1290 1168 ι

1092 1189 1170 1217 Prov.
1345 1204 1379 1208 —
1395 1198 1403 1214 ‹
1421 1187 1517 1216 Justus
1541 1187 1697 1219 miseretur,
1718 1190 1744 1213 et
1768 1194 1845 1212 (fmil-

1058 1235 1157 1262 modat.
1171 1244 1180 1261 ι

1093 1280 1171 1307 Prov.
1190 1288 1272 1308 xxvut
1285 1301 1292 1313 ,
1311 1282 1337 1313 8.
1350 1295 1384 1299 —
1398 1289 1406 1305 ι
1420 1279 1470 1312 Qui
1488 1283 1569 1314 auget
1581 1280 1694 1307 divitias
1707 1286 1771 1305 suas
1783 1285 1845 1305 cum

1058 1334 1141 1354 usnra
1158 1329 1184 1354 et
1203 1326 1314 1358 fenore,
1331 1325 1358 1352 in
1375 1333 1508 1361 pauperes
1524 1329 1674 1360 congregat
1688 1331 1745 1351 eas.
1763 1333 1772 1349 ι

1093 1415 1171 1442 Prov.
1192 1423 1255 1442 χχιι(
1268 1435 1275 1449 ,
1292 1415 1336 1442 15.
1346 1430 1381 1435 -
1393 1425 1402 1440 ι
1419 1415 1542 1450 Paupere
1555 1418 1581 1442 et
1595 1413 1732 1441 creditore
1746 1420 1846 1440 occur--

1056 1461 1180 1488 rentibus
1196 1461 1267 1493 sibi,
1285 1465 1433 1495 utrumque
1446 1460 1606 1495 speculatur
1622 1458 1764 1486 Dominus.
1782 1467 1791 1484 ι

1093 1506 1177 1534 Ιίεείί.
1197 1515 1234 1540 ιν,
1250 1507 1296 1534 31.
1309 1522 1344 1527 --
1361 1517 1370 1533 ι
1388 1507 1427 1534 Ne
1443 1507 1478 1534 sit
1495 1514 1593 1533 manus
1613 1511 1658 1532 tua
1672 1509 1798 1540 porrecta
1812 1504 1846 1531 ad

1056 1553 1266 1588 accipiendum,
1280 1557 1307 1580 et
1324 1553 1357 1579 ad
1375 1552 1547 1579 reddendum
1562 1555 1717 1578 contracta.
1735 1560 1744 1576 ι

1094 1598 1176 1626 Εεείί.
1194 1606 1241 1625 vui
1253 1620 1260 1632 ,
1279 1598 1322 1625 15.
1334 1613 1368 1618 -
1382 1607 1391 1623 ‹
1407 1597 1467 1624 Noli
1481 1596 1599 1624 fcuerari
1615 1596 1720 1624 homini
1737 1596 1845 1623 fortiori

1056 1649 1101 1672 te:
1119 1644 1192 1679 quod
1208 1645 1231 1673 si
1248 1644 1416 1672 feneraveris
1427 1664 1436 1676 ,
1452 1643 1531 1679 quasi
1549 1642 1703 1678 perdideris
1716 1663 1723 1675 ,
1741 1642 1819 1670 habe.
1834 1652 1842 1668 ι

1091 1690 1176 1717 Eccli.
1202 1698 1265 1717 xxnt
1280 1710 1288 1723 ,
1304 1690 1343 1722 2;
1368 1698 1405 1717 ιν.
1423 1689 1468 1717 55.
1482 1704 1517 1709 -
1531 1698 1540 1715 ι
1561 1689 1696 1716 Feuerare
1721 1688 1846 1723 proximo

1057 1742 1104 1765 tuo
1121 1737 1149 1764 in
1167 1741 1291 1772 tempore
1308 1735 1481 1764 necessitatis
1504 1736 1587 1762 illius.
1612 1735 1687 1762 Multi
1705 1734 1784 1769 quasi
1802 1735 1843 1760 in-

1057 1783 1214 1811 veulioncm
1241 1782 1437 1811 existimarunt
1476 1782 1569 1814 fenus,
1600 1785 1626 1808 et
1658 1780 1842 1814 prmstiteruut

1056 1829 1210 1857 molestiam
1227 1828 1261 1855 iis
1277 1828 1323 1864 qui
1342 1836 1372 1855 se
1387 1827 1564 1862 adjuverunt.
1582 1826 1683 1853 Gravia
1699 1830 1762 1852 sunt
1786 1825 1842 1852 luce

1056 1875 1162 1903 homini
1181 1875 1294 1902 habenti
1317 1882 1430 1902 sensum
1442 1893 1449 1905 ,
1467 1873 1606 1908 correptio
1623 1871 1731 1905 domus,
1748 1876 1775 1898 ct
1792 1871 1844 1898 im-

1056 1920 1215 1957 properium
1234 1920 1410 1947 feneratoris.
1427 1927 1436 1943 ι

1091 1964 1190 1991 Matth.
1209 1973 1236 1997 ν,
1255 1964 1299 1991 42.
1313 1978 1346 1984 -
1361 1974 1370 1990 ‹
1388 1964 1493 1991 Potenti
1511 1971 1525 1990 a
1560 1967 1586 1991 te
1611 1963 1645 1991 da
1658 1985 1665 1995 .
1692 1968 1720 1991 et
1743 1963 1843 1990 Volt-Illi

1056 2011 1176 2039 mutuari
1194 2018 1208 2037 a
1227 2013 1254 2036 te
1271 2018 1304 2037 ne
1320 2009 1466 2037 averlaris.
1485 2018 1493 2034 ι

1091 2057 1156 2084 Luc.
1174 2064 1200 2083 νι
1212 2077 1220 2090 ,
1235 2056 1281 2084 54.
1297 2072 1331 2076 -
1348 2065 1356 2081 ‹
1373 2054 1401 2082 Si
1417 2060 1540 2082 nultuum
1554 2053 1686 2082 dederitis
1698 2054 1733 2082 iis
1750 2062 1762 2080 τι
1780 2054 1841 2087 qui-

1056 2103 1109 2131 bus
1125 2102 1246 2138 speratis
1263 2102 1387 2136 recipere
1399 2122 1406 2133 ,
1426 2108 1485 2136 qua:
1502 2100 1590 2136 gratia
1615 2106 1658 2128 est
1681 2100 1777 2127 vobis?
1800 2101 1844 2126 ιιι-

1056 2148 1126 2175 enim
1145 2152 1307 2183 peccatores
1324 2147 1513 2182 peccatoribus
1531 2145 1703 2178 fenerantur,
1721 2150 1750 2173 ut
1775 2147 1843 2172 ναι-ἱ-

1022 2193 1043 2220 D
1060 2194 1134 2230 piant
1148 2193 1274 2229 aequalia.
1293 2203 1302 2220 ι

1093 2241 1178 2268 Basil.
1194 2240 1220 2267 in
1237 2239 1312 2267 Psal.
1327 2247 1382 2271 xw,
1399 2239 1458 2266 adv.
1477 2239 1529 2274 (en.
1544 2254 1578 2259 —
1595 2238 1698 2265 Revera
1715 2242 1844 2265 extreinat

1055 2286 1198 2321 cujusdam
1227 2286 1438 2313 inhumanitalis
1463 2289 1523 2318 est,
1553 2285 1628 2312 illum
1659 2285 1767 2319 quidem
1793 2285 1838 2319 qui

1055 2333 1275 2361 necessariarum
1292 2340 1384 2360 rerum
1400 2332 1513 2366 penuria
1528 2331 1651 2364 laboret,
1667 2331 1843 2359 sublevanda:

1055 2379 1117 2406 vita:
1132 2386 1214 2406 causa
1234 2383 1355 2405 mutuam
1371 2378 1512 2414 pecuniam
1529 2377 1689 2412 postulare;
1707 2376 1778 2403 hune
1794 2384 1843 2402 au-

1055 2429 1107 2450 tent
1125 2428 1200 2452 sorte
1213 2428 1373 2451 contentum
1389 2432 1445 2451 non
1458 2431 1518 2451 esse
1530 2443 1537 2456 ,
1555 2431 1647 2450 vermn
1664 2430 1695 2449 e\
1713 2422 1842 2457 pauperis

1055 2470 1261 2497 calamitatibus
1279 2473 1432 2505 proventus
1449 2469 1499 2496 sibi
1519 2472 1546 2495 et.
1563 2475 1630 2503 opes
1647 2468 1776 2495 Conflare.
1797 2467 1840 2494 Et-

1055 2517 1128 2543 enim
1149 2515 1281 2543 Dominus
1301 2521 1393 2551 aperte
1412 2515 1490 2542 nobis
1507 2515 1558 2542 hoc
1575 2515 1682 2542 edixit:
1706 2513 1807 2541 Veienti
1825 2523 1841 2541 ιι

1055 2567 1078 2589 lo
1094 2563 1226 2594 mutuari,
1240 2571 1291 2589 non
1307 2562 1445 2589 urertan’s.
1457 2562 1492 2589 At
1505 2568 1615 2593 avarus,
1628 2568 1688 2588 cum
1704 2560 1840 2587 hominem

1055 2617 1110 2644 pra:
1126 2609 1218 2644 inopia
1235 2609 1267 2635 ad
1285 2616 1373 2643 genua
1399 2616 1449 2635 sua
1470 2607 1661 2643 provolutum,
1685 2606 1841 2640 supplicari-

1054 2660 1126 2688 tem,
1143 2655 1213 2682 nihil
1229 2663 1284 2682 non
1301 2654 1442 2681 humiliter
1464 2653 1625 2685 facientem,
1643 2653 1711 2680 nihil
1729 2661 1782 2679 non
1798 2653 1839 2679 ef-

1054 2702 1197 2729 futientem
1221 2701 1326 2733 cernit,
1349 2707 1523 2735 nequaquam
1547 2699 1650 2734 ipsius,
1677 2707 1758 2734 quam
1785 2706 1839 2726 non

1054 2748 1165 2782 meruit,
1180 2747 1338 2775 calamitate
1365 2750 1569 2778 commovetur,
1598 2753 1652 2772 non
1682 2745 1839 2773 considerat

1055 2798 1183 2820 naturam
1196 2813 1203 2825 ,
1222 2800 1275 2818 non
1293 2791 1421 2826 precibus
1437 2790 1527 2823 cedit,
1546 2798 1599 2816 non
1620 2790 1748 2824 larrymis
1765 2788 1838 2815 fran-

1054 2839 1142 2874 gitur,
1161 2838 1207 2866 sed
1228 2837 1389 2873 deneganda
1413 2844 1609 2872 perseverans,
1627 2843 1689 2862 cum
1711 2842 1838 2863 exsecra-
