2074 3115
223 179 289 212 i367

809 179 839 209 s.
859 169 1019 210 JOANNIS
1049 179 1263 210 DAMASCENI

1784 179 1851 212 1363

223 242 296 264 ttone
312 239 468 268 asseverat,
485 235 511 262 in
527 242 633 263 summa
647 243 675 263 se
690 243 803 272 prorsus
821 237 935 272 penuria
951 244 1005 265 veri

1064 236 1205 272 αρώμενος
1217 235 1318 270 ἑαυτῷ,
1335 235 1352 271 ἦ
1368 235 1421 271 μὴν
1433 236 1545 271 ἀπορεῖν
1557 236 1708 270 παντελῶς,
1717 238 1764 264 καὶ
1776 247 1852 273 περι-

220 282 275 309 sari
289 303 296 315 ,
313 286 393 317 atque
411 281 492 309 etiam
509 281 744 318 circumspicere,
763 290 828 310 num
847 291 860 310 a
878 290 932 318 quo
951 283 1011 318 ipse

223 332 319 355 mutuo
339 328 470 363 accipiat,
494 328 617 356 nancisci
643 329 746 363 possit,
773 337 806 356 ac
828 329 1010 364 jurejurando

221 373 394 400 mendacium
420 373 582 405 centirmat,
609 375 713 402 malum
738 375 913 404 crudelitatis
936 384 1010 411 qum-

220 424 292 445 stum
309 426 323 445 a
341 419 463 454 pcrjurio
479 419 531 446 sibi
549 419 691 454 colligens.
709 420 743 448 At
762 426 907 456 postquam
923 423 947 449 is
962 422 1009 456 qui

221 471 346 493 mutuum
362 467 469 501 poscit,
488 466 591 494 fenoris
609 464 752 500 meminit,
769 471 796 495 et
820 468 933 503 pignora
958 476 1009 500 no-

220 511 354 544 minavit,
372 515 430 539 tum
450 512 566 541 remisso
584 513 734 548 supercilio
757 514 878 546 arridet,
906 522 938 541 ac
957 522 1010 550 με

220 562 325 585 lernam
343 558 470 586 fortassis
486 559 636 586 amicitiam
649 566 889 592 commemorans,
905 564 966 587 eum
982 565 1009 588 et

220 603 385 631 familiarem
410 609 438 632 et
456 605 574 632 amicum
597 604 726 640 appellat.
746 605 882 633 Caeterum
903 606 1007 634 videbi-

220 657 296 681 mus,
314 650 421 685 inquit,
437 659 503 678 num
525 651 592 686 quid
614 651 694 680 nobis
715 652 864 680 reconditae
886 653 1009 687 pecuniae

220 695 266 722 sit.
283 695 330 722 Est
346 703 429 730 penes
446 704 490 724 me
505 697 630 731 deposita
647 697 680 725 ab
697 699 790 725 amico
804 698 924 733 quodam
938 719 945 731 ,
962 699 1007 733 qui

219 747 278 767 eam
295 741 360 768 Inibi
376 747 500 776 quaestus
516 749 601 770 causa
617 743 833 772 commendavit.
845 743 947 772 Verum
963 745 1009 772 ille

217 787 328 822 quidem
347 789 412 816 mihi
428 797 526 825 graves
542 797 644 817 usuras
661 791 831 825 praescripsit
845 801 851 818 :
873 799 925 820 nos
942 798 1009 819 vero

218 834 332 862 omnino
348 835 451 869 aliquid
470 836 646 865 remittemtts
658 857 665 869 ,
682 844 714 865 ac
730 837 831 865 minori
849 837 943 865 fenore
958 837 1007 864 da-

216 880 270 906 turi
299 887 404 908 sumus.
432 880 494 908 Haec
521 882 567 908 ille
590 882 742 916 simulans,
759 887 841 918 atque
868 883 1008 918 ejusmodi

216 933 347 953 sermone
363 925 494 953 miserum
519 927 699 961 demulcens,
725 931 752 956 et
777 928 920 962 inescans,
945 935 1011 964 syn-

215 970 328 1005 graphis
342 971 431 1005 ipsum
448 971 631 1006 constringit,
645 977 672 1000 et
686 976 783 1008 praeter
794 977 944 1008 egestatem
956 981 1008 1008 qua

216 1017 262 1044 ille
278 1017 465 1054 premebatur,
483 1021 575 1053 erepta
591 1026 698 1054 quoque
715 1019 740 1046 ci
757 1019 903 1052 libertate,
920 1020 1008 1047 disce-

216 1061 264 1088 dit.
279 1061 347 1089 Nam
362 1062 406 1097 qui
427 1063 567 1091 fenoribus
584 1072 644 1099 quae
661 1064 818 1099 persolvere
835 1072 888 1091 non
904 1065 1007 1099 possit,

216 1116 277 1136 sese
292 1107 431 1142 devinxit,
447 1115 609 1145 perpetuam
622 1111 784 1139 servitutem
799 1116 898 1146 sponte
912 1112 1006 1140 subiit.

216 1153 300 1187 llens,
317 1158 344 1182 tu
368 1162 433 1190 opes
458 1160 485 1183 et
505 1161 656 1191 proventus
675 1157 776 1192 qureris
800 1158 835 1185 ab
858 1157 1008 1193 inopc?Si

215 1200 325 1228 divitias
341 1205 405 1229 tuas
419 1207 528 1237 poterat
543 1211 662 1239 augere,
679 1204 745 1239 quid
760 1205 871 1232 tandem
886 1205 918 1231 ad
935 1205 1008 1232 fores

215 1249 277 1272 tuas
294 1246 520 1280 quaerebanQui
540 1248 635 1277 auxilii
652 1249 832 1276 naneiscendi
855 1255 939 1277 causa
960 1257 1008 1276 ve-

215 1295 310 1323 uerat,
328 1291 436 1320 hostem
455 1293 580 1321 invenit:
597 1294 643 1328 qui
660 1295 782 1322 remedia
801 1295 959 1330 qumrebat,
979 1294 1006 1321 in

214 1337 335 1364 toxicum
353 1338 461 1366 incidit.
485 1338 539 1366 Pro
554 1347 586 1367 eo
607 1344 690 1375 atque
711 1344 861 1376 egestatem
877 1341 958 1377 432
974 1341 1007 1368 il-

214 1383 268 1410 lius
285 1383 433 1418 oportebat
445 1385 590 1413 sublevare
601 1405 608 1419 ,
625 1390 654 1413 tu
668 1391 765 1413 contra
782 1387 901 1421 inopiam
918 1386 1005 1421 ipsius

215 1429 392 1464 ronduplicas
411 1439 417 1458 :
436 1430 462 1457 id
478 1430 609 1457 nimirum
628 1439 731 1466 agens,
749 1437 777 1459 ut
796 1440 829 1460 ex
845 1440 878 1459 eo
892 1433 939 1467 qui
962 1432 1005 1459 fa-

214 1474 363 1503 cultatibus
387 1475 516 1502 omnibus
542 1475 711 1510 destituitur,
738 1477 913 1505 commodum
939 1478 1005 1513 quid

213 1520 359 1554 decerpas.

1062 282 1175 312 σκοπεῖν
1195 281 1243 308 καὶ
1257 281 1349 314 αὐτὸς,
1371 282 1398 307 εί
1419 290 1481 308 τινα
1496 280 1568 316 ε’ὑρῃ
1590 281 1643 308 τῶν
1664 282 1848 314 δανειζόντων,

1061 318 1108 353 καὶ
1136 326 1321 362 πιστούμενος
1338 326 1367 353 τὸ
1387 326 1485 362 ψεῦδος
1509 327 1554 353 διὰ
1578 327 1633 354 τῶν
1650 328 1750 363 ὅρκων,
1767 330 1849 355 κακὸν

1061 373 1290 408 παρεμπόριυμα
1319 372 1370 406 τῆς
1402 373 1603 408 ἀπανθρωπίας
1632 373 1682 408 τὴν
1708 374 1850 408 ἐπιορκίαν

1060 420 1285 456 προσκτώμενος.
1307 420 1434 447 Ἐπειδὰν
1464 421 1493 447 δὲ
1520 422 1534 448 ὁ
1562 421 1652 456 ζητῶν
1676 421 1707 448 τὸ
1735 421 1850 454 δάνειον,

1059 467 1150 493 τόκων
1170 466 1292 502 μνησθῇ,
1307 467 1355 493 καὶ
1372 466 1513 502 ὑποθήκας
1526 467 1658 502 ὀνομάσῃ,
1679 467 1740 493 τότε
1767 475 1850 494 κατα-

1060 513 1152 539 ϐαλὼν
1168 513 1217 548 τὴν
1232 513 1319 548 ὀφρὺν
1341 512 1567 548 προσεμειδίασε,
1588 513 1634 540 καί
1651 522 1703 540 που
1726 514 1774 540 καὶ
1799 523 1850 540 πα-

1059 558 1150 595 τρῴας
1166 558 1259 593 φιλίας
1269 558 1409 594 ἐμνήσθη,
1425 558 1474 585 καὶ
1488 559 1591 593 συνήθη
1604 555 1665 584 εἷπε
1691 559 1737 585 καὶ
1758 559 1848 593 φίλον.

1060 605 1115 631 Καὶ
1131 604 1266 639 ὀψόμεθα,
1276 605 1354 640 φησὶ,
1363 604 1391 630 εἴ
1399 605 1450 630 πού
1464 604 1491 631 τί
1503 605 1577 642 ἐστιν
1586 606 1653 640 ἡμῖν
1667 605 1849 640 ἀποκείμενον

1060 649 1203 684 ἀργύριον.
1222 648 1301 675 Ἔστι
1316 649 1345 675 δὲ
1367 648 1590 684 παρακαταθήκη
1603 649 1680 683 φίλου
1696 649 1791 684 ἀνδρὸς
1804 650 1847 676 ἐπ’

1060 695 1178 730 ἐργασίᾳ
1194 694 1389 730 παραθεμένου
1405 695 1469 730 ἡμῖν
1480 703 1486 710 ·
1503 695 1561 722 ἀλλ’
1572 695 1675 727 ἐκεῖνος
1692 695 1740 730 μὲν
1758 695 1849 731 βαρεῖς

1060 742 1105 768 ἐπ’
1118 741 1192 776 αὐτῷ
1202 741 1267 773 τοὺς
1284 741 1380 772 τόκους
1398 740 1510 776 ὥρισεν,
1531 742 1612 776 ἡμεῖς
1627 741 1655 768 δὲ
1670 741 1778 772 πάντως
1798 743 1849 769 ἑπ-

1060 788 1198 823 ανήσομέν
1214 797 1251 819 τι,
1266 788 1311 814 καὶ
1331 787 1517 815 ἐπελάττωσιν
1535 789 1590 820 τοῖς
1605 788 1695 820 τόκοις
1715 788 1848 823 δώσομεν.

1061 833 1180 860 Τοιαῦτα
1202 833 1526 869 κατασχηματιζόμενος,
1541 833 1740 865 καὶντοιούτοις
1761 833 1850 868 λόγοις

1061 878 1371 913 ὑποφαίνων,δελεάζων
1384 879 1430 906 τὸν
1442 879 1543 912 ἄθλιον,
1553 878 1754 914 γραμματείοις
1767 878 1849 906 αὐτὸν

1063 925 1286 960 προκαταδήσας,
1304 925 1350 951 καὶ
1366 925 1434 961 πρὸς
1446 927 1478 960 τῇ
1497 925 1689 960 καταπονούσῃ
1705 925 1796 960 πενίᾳ,
1809 924 1850 951 ἔτι

1061 970 1109 996 καὶ
1135 969 1186 1004 τὴν
1207 969 1378 1007 ἐλευθερίαν
1406 969 1453 996 τοῦ
1482 970 1578 1005 ἀνδρὸς
1610 969 1850 1004 προσαφελόμενος

1059 1008 1204 1056 ᾣχετοτηῧ
1215 1015 1269 1052 γὰρ
1281 1016 1372 1048 τόκοις
1383 1016 1480 1043 ἑαυτὸν
1496 1015 1648 1042 ὑπεύθυνον
1661 1015 1850 1050 καταστήσας,

1061 1060 1098 1089 ὧν
1113 1063 1162 1097 τὴν
1177 1062 1284 1090 ἔκτισιν
1297 1062 1347 1088 οὐκ
1363 1062 1524 1096 ὑφίσταται,
1542 1061 1663 1088 δουλείαν
1687 1061 1849 1096 αὐθαίρετον

1060 1108 1225 1140 κατεδέξατο
1235 1108 1279 1135 διὰ
1295 1108 1364 1143 βίου.
1377 1108 1525 1144 Χρήματα,
1538 1107 1598 1134 εἰπέ
1615 1116 1671 1143 μοι⁷
1688 1108 1735 1134 καὶ
1749 1107 1849 1142 πόρους

1059 1154 1204 1189 ἐπιζητεῖς
1219 1154 1297 1189 παρὰ
1310 1154 1358 1180 τοῦ
1371 1154 1487 1189 ἀπόρου,
1503 1154 1551 1180 καὶ
1565 1154 1591 1180 εἰ
1606 1152 1804 1189 πλουσιώτερον
1818 1161 1848 1179 σε
1897 1161 1899 1171 ι

1058 1201 1223 1236 ἀποφαίνειν
1242 1201 1370 1236 ἠδύνατο,
1385 1201 1411 1227 τί
1432 1201 1524 1236 ἐζήτει
1541 1200 1621 1236 παρᾶ
1635 1200 1684 1233 τὰς
1697 1200 1782 1236 θύρας
1798 1200 1848 1231 τὰς

1060 1248 1109 1279 σάς
1122 1257 1130 1281 ;
1152 1248 1214 1274 Ἐπὶ
1227 1248 1387 1283 συμμαχίαν
1399 1247 1495 1281 ἐλθὼν,
1511 1247 1631 1282 πόλεμον
1647 1244 1738 1282 εὗρεν,
1757 1247 1848 1280 ἀλεξι-

1058 1292 1192 1328 φάρμακα
1207 1293 1354 1327 ὲπιζητῶν,
1370 1293 1546 1328 δηλητηρίοις
1563 1293 1690 1328 ἐνέτυχεν
1700 1301 1706 1307 ·
1723 1293 1781 1320 δέον
1795 1300 1848 1320 πα-

1059 1337 1242 1372 ραμυθεῖσθαι
1261 1337 1309 1364 τοῦ
1330 1338 1428 1373 ἀνδρὸς
1443 1337 1494 1373 τὴν
1516 1338 1649 1373 πτωχίαν,
1667 1339 1700 1365 σὺ
1720 1338 1749 1364 δὲ
1766 1339 1848 1365 πολυ-

1057 1383 1228 1416 πλασιάζεις,
1251 1383 1302 1418 τὴν
1327 1383 1431 1411 ἔνδειαν
1459 1383 1670 1420 ὲκκαρποῦσθαι·
1691 1384 1780 1419 ζητῶν
1802 1384 1848 1411 τὸν

1057 1429 1105 1465 έρη
1111 1438 1161 1464 μον
1171 1438 1178 1463 ;

251 1565 321 1593 Ibid.
334 1582 368 1586 —
378 1565 462 1602 Origo
475 1567 610 1595 mendacii
626 1571 667 1596 est
679 1567 798 1596 fenerari
809 1589 816 1602 ,
830 1569 932 1604 ingrati
949 1571 1005 1598 ani-

1092 1565 1214 1597 Ψεύδους
1227 1565 1299 1601 ἀρχὴ
1310 1565 1340 1592 τὸ
1349 1565 1534 1599 δανείσασθαι,
1547 1566 1712 1601 ἀχαριστίας
1723 1566 1845 1603 ἀφορμὴ,

214 1612 268 1645 ηιί,
293 1612 413 1647 perﬁdia;
437 1617 465 1640 et
489 1613 604 1648 periurii
630 1621 727 1642 causa.
753 1613 814 1642 Non
842 1614 881 1642 illi
911 1619 1006 1643 noctes

213 1658 332 1694 quietem
350 1659 443 1686 ferunt
457 1679 463 1692 ,
481 1667 535 1686 non
550 1664 665 1687 serenus
681 1659 740 1687 dies
755 1663 798 1687 est
809 1681 817 1693 ,
835 1668 888 1689 non
904 1661 945 1689 sol
959 1662 1005 1695 ju-
1019 1666 1026 1672 '

213 1705 321 1731 cundus
332 1723 339 1736 ,
357 1704 405 1732 Sed
418 1711 479 1731 eum
495 1704 559 1731 vitae
572 1712 629 1732 suae
643 1704 733 1732 taedet.
750 1705 812 1738 Dies
827 1705 901 1739 odit,
916 1707 1006 1741 utqui

214 1750 247 1777 ad
263 1750 449 1784 praestitutum
461 1750 533 1778 diem
547 1755 698 1786 properant
714 1760 721 1784 ;
736 1759 847 1779 menses
858 1771 866 1784 ,
880 1757 911 1779 ut
929 1752 1006 1780 feno-

165 1803 172 1830 ,ι
213 1804 274 1823 ι·ιιιιι
292 1793 423 1831 parcnte's
438 1797 636 1831 perhorrescit.
650 1796 726 1830 Quod
741 1797 763 1824 si
778 1797 899 1830 dormit,
917 1798 1006 1826 credi-

213 1847 300 1870 torem
316 1842 344 1870 in
362 1842 467 1870 somnis
483 1843 591 1875 cernit,
609 1843 778 1870 insomnium
803 1841 906 1870 malum
922 1843 1004 1878 capiti

213 1895 264 1915 suo
279 1889 439 1916 imminens.
455 1888 483 1916 Si
498 1889 610 1924 vigilet,
625 1888 757 1924 cogitatio
774 1888 835 1922 ejus
852 1893 879 1916 et
893 1896 961 1917 cura
976 1889 1003 1916 in

214 1935 308 1962 fenore
339 1935 423 1962 inﬁxa
448 1939 500 1962 est.
528 1934 665 1963 Creditare
684 1939 723 1962 ‘et
750 1935 886 1968 debitore,
916 1936 1005 1971 inquit

214 1980 378 2015 Scriptura,
400 1980 568 2008 obviaruibus
591 1981 720 2013 invicem,
745 1981 837 2009 antbos
853 1981 1005 2017 speculatur

215 2026 343 2054 Dominus
356 2027 449 2062 (Prov.
465 2035 529 2054 χχιιι
541 2048 549 2060 ,
562 2027 617 2061 15).
631 2026 680 2054 Ille
695 2028 772 2055 canis
788 2028 877 2056 instar
891 2027 925 2055 ad
939 2036 1005 2063 pra:-

212 2072 274 2099 ulam
291 2072 414 2100 accurrit
430 2082 436 2099 :
452 2073 499 2100 hic
525 2073 610 2101 veluti
636 2077 714 2101 certa
733 2073 794 2109 ipse
815 2077 928 2109 captura
944 2074 1002 2106 sit,

212 2127 392 2154 congressum
406 2121 564 2155 expavescit
577 2126 705 2156 :cegestas
716 2123 791 2152 enim
808 2122 860 2158 ipsi
876 2121 1002 2150 ﬁduciam

211 2165 321 2193 adimit.
346 2165 496 2200 Utriusque
513 2166 614 2194 calculi
627 2167 654 2194 in
670 2167 764 2203 digitis
781 2171 863 2200 sunt,
881 2167 928 2194 illo
943 2166 1004 2202 qui-

212 2210 274 2238 dem
291 2211 328 2238 ob
344 2211 546 2239 incrementum
562 2212 668 2240 fenoris
686 2213 822 2249 gaudente
835 2233 842 2245 ,
867 2213 920 2240 hoc
938 2220 1003 2241 vero

1030 1612 1037 1619 '
1058 1611 1201 1646 ἐπιορκίας
1225 1619 1255 1638 τε
1278 1611 1325 1638 καὶ
1350 1611 1620 1658 ἀγνωμοσύνηςγθὺ
1629 1611 1734 1644 νύκτες
1750 1610 1924 1648 ἐκείνῳήωῖ

1057 1657 1365 1692 ἀνάπαυσινιφέρουσιν,
1381 1657 1430 1692 οὐχ
1445 1658 1521 1693 ἥλιος
1543 1658 1672 1694 τερπνὸς,
1691 1659 1760 1685 ἀλλὰ
1780 1659 1846 1686 δυσ-

1057 1703 1178 1738 χεραίνει
1193 1703 1240 1729 ’ὢν
1254 1703 1321 1738 βίον,
1335 1704 1457 1739 μισεῖται
1467 1704 1576 1740 ἡμέρας
1593 1705 1764 1740 προθεσμίαν
1775 1705 1848 1732 ἐπει-

1057 1749 1188 1782 γομένοις,
1207 1748 1331 1783 φοϐεῖται
1345 1749 1409 1781 τοὺς
1430 1750 1518 1785 μῆνις
1534 1749 1571 1781 ὡς
1592 1750 1691 1783 τόκων,
1712 1751 1845 1786 πατέρας.

1057 1794 1116 1821 Κᾶν
1132 1794 1262 1831 καθεύδῃ,
1275 1794 1403 1821 ἐνύπνιον
1419 1795 1513 1830 βλέπει
1528 1796 1574 1822 τὸν
1590 1796 1742 1831 δανειστὴν,
1761 1796 1847 1823 κακὸν
1880 1798 1881 1801 “

1057 1839 1124 1875 δναρ
1140 1841 1172 1875 τῇ
1200 1841 1307 1876 κεφαλῇ
1326 1841 1541 1876 παριστάμενον.
1567 1841 1625 1868 Κᾶν
1643 1843 1787 1878 γρηγορεῖ,
1803 1843 1847 1868 ἐν·

1056 1895 1114 1912 νοια
1131 1885 1205 1922 αὐτῷ
1232 1887 1281 1913 καὶ
1301 1887 1411 1921 φροντὶς
1425 1888 1439 1913 ὁ
1451 1887 1530 1919 τόκος
1553 1887 1638 1914 ἐστίν.
1667 1887 1843 1920 Δανειστοῦ,

1056 1932 1133 1967 φησὶ,
1144 1931 1192 1959 καὶ
1206 1931 1423 1967 χρεωφειλέτου
1435 1932 1678 1967 ἀπαντησάντων
1687 1933 1844 1968 ἀλλήλοις,

1055 1978 1229 2012 ἐπισκοπὴν
1240 1978 1416 2012 ἀμφοτέρων
1431 1978 1558 2005 ποιεῖται
1573 1980 1589 2006 δ
1603 1980 1723 2013 Κύριος.
1743 1979 1773 2005 ‘0
1794 1979 1846 2014 μὲν

1055 2024 1151 2060 ὥσπερ
1168 2024 1242 2051 κύων
1255 2024 1395 2060 ἐπιτρέχει
1412 2026 1445 2060 τῇ
1459 2024 1546 2060 ἄγρᾳ·
1560 2026 1574 2051 ὁ
1586 2025 1615 2052 δὲ
1628 2025 1722 2061 ὥσπερ
1737 2026 1846 2060 ἕτοιμον

1055 2071 1169 2106 θήραμα
1202 2072 1393 2107 καταπτήσσει
1420 2071 1659 2107 τὴνσυντυχίαν·
1687 2073 1846 2108 ἀφαιρεῖται

1054 2116 1109 2151 γὰρ
1127 2116 1210 2143 αὑτοῦ
1227 2117 1277 2151 τὴν
1291 2117 1451 2153 παρρησίαν
1465 2117 1495 2144 τὸ
1508 2117 1646 2144 πένεσθαι.
1669 2117 1846 2153 Ἀμφοτέρων

1054 2163 1079 2188 οἱ
1095 2162 1180 2197 ψῆφοι
1193 2162 1239 2188 ἐπὶ
1254 2162 1409 2189 δακτύλων·
1423 2162 1469 2189 τοῦ
1490 2164 1540 2198 μὲν
1555 2164 1698 2200 χαίροντος
1716 2165 1750 2200 τῇ
1764 2164 1847 2198 αὐξή-

1056 2218 1097 2235 σει
1108 2209 1164 2246 τῶν
1180 2209 1279 2241 τόκων,
1293 2208 1341 2235 τοῦ
1353 2209 1382 2236 δὲ
1397 2209 1571 2242 στενάζοντος
1581 2212 1614 2246 τῇ
1630 2210 1774 2246 προσθήκῃ
1789 2211 1846 2238 τῶν

210 2256 246 2283 ιιι)
254 2255 441 2284 calamitatum
452 2257 590 2285 cumulum
604 2258 812 2293 ingemiscente.
825 2258 892 2286 Bibe
903 2266 1002 2294 aquam

1057 2255 1215 2290 συμφορῶν.
1228 2254 1292 2282 Πίνε
1315 2255 1399 2283 ὕδατα
1422 2256 1476 2283 ἀπὸ
1495 2256 1550 2283 σῶν
1566 2256 1696 2291 ἀγγείων,
1709 2257 1846 2289 τουτέστι,

211 2303 244 2328 de
257 2302 333 2329 vasis
349 2302 404 2330 luis
417 2323 424 2335 ,
435 2303 489 2331 boe
503 2309 559 2337 est,
574 2303 720 2332 facultates
734 2308 797 2332 tuas
806 2305 998 2339 circumspice.

212 2346 271 2375 Noli
290 2347 323 2377 ad
339 2349 446 2377 alienos
459 2350 550 2377 fontes
566 2357 679 2384 pergere
690 2371 697 2382 ,
713 2350 762 2378 sed
776 2351 839 2378 vita:
854 2350 951 2378 solatia
966 2358 1001 2378 ex

211 2393 320 2422 ﬂuentis
335 2394 389 2422 tuis
405 2395 453 2422 tibi
473 2401 614 2428 compara.

249 2439 320 2467 Ibid.
334 2440 420 2467 —Ad
437 2440 543 2468 alienas
559 2440 633 2469 fores
649 2449 683 2469 ne
702 2446 729 2469 te
748 2441 888 2470 conferas.
906 2442 1000 2477 Angu-

212 2491 271 2515 stus
289 2487 362 2514 enim
380 2490 422 2514 est.
438 2491 554 2521 puteus,
571 2487 597 2514 id
614 2487 688 2522 quod
711 2488 831 2516 alienum
854 2493 906 2516 est.
924 2488 999 2516 Prte-

210 2531 342 2559 smbilius
366 2535 408 2558 est
432 2535 581 2567 egestatem
609 2532 712 2560 sensim
738 2538 835 2568 suapte
860 2533 1000 2561 industria

209 2575 338 2607 delinire,
354 2583 436 2610 quam
452 2576 551 2604 alienis
573 2577 674 2611 opibus
698 2582 809 2612 repente
825 2578 980 2613 subjectum
992 2601 999 2613 ,

210 2626 304 2656 postea
319 2620 501 2650 facultatibus
517 2623 646 2651 omnibus
664 2623 788 2658 spoliari.
814 2624 842 2652 Si
859 2625 932 2652 enim
950 2625 1000 2652 ba-

209 2668 257 2693 bes
276 2666 349 2694 unde
364 2667 466 2695 reddas
477 2687 483 2699 ,
508 2668 575 2702 quid
600 2676 653 2696 non
668 2674 832 2704 praesentem
849 2675 999 2705 egestatem

209 2713 254 2739 bis
269 2714 402 2741 subsidiis
417 2714 570 2744 dissolvis?
587 2715 618 2744 Si
640 2722 731 2745 autem
760 2717 832 2745 unde
855 2719 1000 2754 persolvas

211 2765 265 2783 non
281 2760 417 2793 suppetit,
434 2763 535 2788 malum
554 2762 625 2790 malo
641 2770 733 2791 curas.
750 2763 812 2791 Noli
825 2765 1000 2792 committere

211 2809 240 2830 ut
254 2808 280 2831 te
294 2805 414 2833 creditor
429 2807 556 2835 obsideat
570 2817 576 2835 :
595 2816 629 2836 nc
647 2809 755 2844 patiare
765 2830 772 2842 ,
790 2815 818 2837 ut
832 2810 919 2837 instar
935 2811 1000 2838 fera:

211 2851 244 2877 a-l
265 2850 383 2884 praedam
414 2854 571 2887 exquiraris
598 2859 625 2883 et
648 2855 836 2890 im'cstigeris.
864 2855 998 2884 Mendaeii

211 2895 290 2927 origo
306 2898 348 2920 est
367 2895 497 2924 fenerari.
517 2898 577 2926 Alia
593 2900 677 2928 verba
695 2905 758 2929 sunt
776 2904 837 2937 ejus
856 2902 902 2936 qui
918 2910 998 2936 pecu-

1055 2300 1104 2332 τὰς
1119 2301 1223 2333 οἰκείας
1242 2301 1373 2336 ἀφορμὰς
1388 2303 1563 2337 περισκόπει.
1580 2303 1625 2338 Μὴ
1642 2303 1686 2330 ἐπ’
1700 2303 1846 2337 ἀλλοτρίας

1056 2348 1150 2382 πηγὰς
1178 2346 1280 2382 βάδιζε,
1303 2348 1362 2374 ἀλλ’
1384 2348 1414 2380 ἐξ
1433 2349 1543 2375 οἰκείων
1566 2349 1682 2376 λιῦάδων
1706 2350 1846 2384 συνάγαγε

1056 2392 1163 2427 σεαυτῷ
1178 2393 1229 2424 τὰς
1242 2393 1420 2429 παραμυθίας
1432 2394 1478 2420 τοῦ
1495 2395 1563 2430 βίου.

1090 2439 1136 2475 Μὴ
1153 2439 1244 2474 βάδιζε
1271 2439 1314 2466 ἐπ’
1341 2439 1485 2475 ἀλλοτρίας
1503 2440 1598 2476 θύρας.
1621 2441 1713 2476 φρέαρ
1731 2442 1785 2478 γὰρ
1807 2443 1847 2478 τῷ

1054 2485 1112 2512 ὄντι
1131 2485 1162 2512 τὸ
1185 2485 1327 2521 ἀλλότριόν
1347 2486 1432 2512 ἐστιν.
1448 2486 1559 2512 Βέλτιον
1580 2487 1639 2518 ταῖς
1659 2488 1729 2514 κατὰ
1747 2487 1847 2523 μικρὸν

1054 2531 1189 2563 ἐπινοίαις
1215 2531 1265 2566 τὴν
1291 2532 1386 2567 χρείαν
1414 2532 1679 2568 παραμυθήσασθαι,
1699 2533 1715 2568 ἦ
1738 2533 1846 2569 ἀθρόως

1054 2576 1209 2612 ἐπαρθέντα
1231 2579 1290 2609 τοῖς
1312 2578 1477 2612 ἀλλοτρίοις,
1504 2578 1618 2614 ὕστερον
1641 2579 1750 2606 πάντων
1774 2580 1845 2614 ὁμοῦ

1054 2623 1109 2650 τῶν
1136 2624 1291 2659 προσόντων
1319 2624 1556 2659 ἀπογυμνοῦσθαι.
1576 2624 1606 2651 El
1628 2625 1678 2660 μὲν
1700 2623 1746 2652 οὖν
1772 2626 1845 2661 ἔχεις

1055 2668 1139 2695 πόθεν
1151 2668 1270 2703 ἀποδῷς,
1282 2669 1308 2695 τί
1323 2670 1383 2704 οὐχὶ
1397 2670 1445 2705 τὴν
1460 2670 1601 2704 παροῦσαν
1622 2671 1726 2698 ἔνδειαν
1740 2673 1772 2698 ἐκ
1786 2672 1844 2698 τού-

1053 2724 1108 2742 των
1122 2715 1176 2741 τῶν
1189 2715 1322 2750 ἀφορμῶν
1331 2715 1468 2748 διαλύεις;
1490 2716 1520 2741 E!
1538 2716 1566 2742 δὲ
1582 2716 1696 2752 ἀπορεῖς
1711 2717 1779 2752 πρὸς
1795 2718 1846 2753 τὴν

1054 2761 1168 2794 ἔκτισιν,
1184 2761 1264 2797 κακῷ
1290 2761 1374 2788 κακὸν
1392 2761 1566 2798 θεραπεύεις.
1583 2763 1629 2798 Μὴ
1653 2764 1717 2800 δέξῃ
1733 2765 1846 2799 πολιορ-

1055 2808 1155 2834 κοῦντά
1170 2815 1200 2833 σε
1223 2807 1384 2842 δανειστήν
1417 2807 1454 2844 μὴ
1481 2808 1587 2846 ἀνάσχῃ
1607 2809 1703 2844 ὥσπερ
1726 2809 1792 2837 ἄλλο
1819 2818 1847 2836 τι

1055 2854 1167 2890 θήραμα
1195 2853 1389 2889 ἀναζητεῖσθαι
1413 2854 1460 2881 καὶ
1493 2855 1689 2890 ὲξιχνεὺεσθαι.
1721 2857 1848 2888 Ψεὺδους

1054 2900 1126 2937 apii?)
1136 2900 1165 2927 τὸ
1176 2900 1447 2928 δανείσασθαιῗᾼλλα
1461 2901 1571 2938 ῥήματα
1581 2902 1626 2938 τοῦ
1639 2901 1847 2938 δανειζομένων,
