2074 3115
225 162 293 196 1369

846 160 965 190 SACRA
981 159 1215 190 PARALLELA.

1784 158 1854 190 1370

219 217 266 244 καὶΙ
285 217 352 245 ἄλλα
366 216 412 243 τοῦ
429 215 643 250 ἀπαιτουμένου.
662 215 725 241 Εἴθε
747 223 789 240 σοι
813 215 850 250 μὴ
864 215 1002 250 ἀπήντησα

1063 213 1136 239 niam
1156 211 1273 246 accipit,
1291 215 1319 238 et
1345 210 1397 238 alia
1421 211 1482 246 ejus
1505 219 1519 237 a
1545 219 1599 246 quo
1625 219 1657 240 ea
1682 213 1852 247 reposcitur,

217 263 290 296 τότε,
307 263 368 298 οὐχὶ
376 262 405 289 δὲ
421 261 534 293 ἄκοντός
549 270 600 296 μου
613 261 748 292 ὑπέϐαλες
762 262 794 296 τῇ
810 261 883 296 χειρὶ
895 261 930 287 τὰ
944 261 1009 295 χρή-

219 317 292 343 ματα
302 316 310 324 ·
324 308 478 343 ὑπόχαλκον
492 307 520 334 δέ
538 316 584 334 σου
594 307 624 334 τὺ
634 308 755 343 χρυσίον,
769 309 817 334 καὶ⁸
832 316 1009 342 παρακεκομ-

218 354 300 388 μένον
315 353 346 380 τὸ
365 353 496 388 νόμισμα.
522 353 586 380 Εἴτε
602 352 648 380 οὖν
671 353 748 388 φίλος
771 354 785 379 6
806 352 947 384 δανείζων,
970 353 1007 387 μὴ

216 398 359 434 ζημιωθῇς
374 398 456 425 αὐτοῦ
477 398 526 434 τὴν
543 398 653 434 φιλίαν·
671 398 728 424 εἴτε
755 398 863 434 ἐχθρὸς,
881 398 918 432 μὴ
941 397 1007 433 γένῃ

215 444 255 480 τῷ
270 444 399 479 δυσμενεῖ
418 443 586 480 ὑποχείριος.
603 445 709 480 Μικρὸν
719 444 1008 479 ’ὲγκαλλωπισάμενος

216 491 272 522 τοῖς
286 490 448 525 ἀλλοτρίοις,
466 490 579 526 ὕστερον
594 491 707 517 καὶτῶν
724 490 859 526 πατρῴων
874 491 1005 525 ἐκστήσῃ.

216 537 306 571 Πένης
322 533 348 562 εἶ
360 536 427 570 νῦν;
441 536 498 562 ἀλλ’
512 536 665 572 ἐλεύθερος.
682 538 882 572 Δανεισάμενος
894 536 932 569 δὲ,
947 536 1008 563 οὐδὲ

217 582 392 618 πλουτήσεις,
411 582 459 608 καὶ
473 581 523 618 τὴν
539 582 697 618 ἐλευθερίαν
709 583 894 618 ἀφαιρεθήσῃ.
910 582 1008 613 Δοῦλος

215 627 262 654 τοῦ
279 628 463 659 δεδανεικότος
482 629 495 654 ὁ
509 628 702 664 δανεισάμενος
713 638 719 644 ·
742 630 789 655 καὶ
804 629 897 660 δοῦλος
913 629 1008 664 μισθο-
1025 639 1028 642 ·

185 676 187 679 ’
216 673 310 709 φόρος,
334 674 348 701 6
378 673 567 710 ἀπαραίτητον
593 674 663 709 ἔχων
688 675 737 710 τὴν
765 674 951 710 λειτουργίαν.
975 675 1007 701 Οἱ

216 719 295 750 κύνες
307 718 437 752 λαϐόντες
455 720 634 756 ἡμεροῦνται,
650 721 664 745 6
688 720 716 747 δὲ
736 721 879 754 δανειστὴς
904 721 1008 756 λαμϐά-

216 774 269 791 νων
286 765 524 800 προσερεθίζεται.
537 766 574 792 Οὐ
588 766 643 801 γὰρ
661 765 778 793 παύεται
790 766 925 798 ὑλακτῶν,
939 766 1007 793 ἀλλά

213 811 245 836 τὸ
268 811 349 837 πλέον
374 811 509 846 ἐπιζητεῖ.
538 812 601 839 Ἐὰν
626 812 741 848 ὀμνύῃς,
767 812 1006 848 ἀπιστεῖ-ἐρευνᾷ

214 856 250 882 τὰ
261 857 344 889 ἑνδὸν,
356 856 391 883 τὰ
403 857 620 892 συναλλάγματα
635 856 681 884 σου
694 858 927 893 πολυπραγμονεῖ.
943 858 1006 884 Ἐὰν

1067 258 1173 285 Utinam
1192 261 1249 284 tum
1268 257 1316 284 tibi
1334 257 1432 284 obvius
1458 265 1512 284 non
1539 257 1673 285 fuissem!
1700 258 1797 296 Annon
1824 265 1851 287 tu

1065 305 1129 331 mihi
1147 304 1234 330 invito
1251 303 1381 338 pecunias
1398 303 1426 330 in
1441 311 1552 330 manum
1569 303 1687 338 injecisti
1702 305 1712 330 ?
1730 305 1852 332 substra-

1064 356 1120 377 tum
1137 350 1220 378 etiam
1239 353 1316 376 tuum
1334 357 1431 376 aurum
1449 353 1510 376 erat
1522 369 1528 381 ,
1544 350 1630 377 excisi
1649 351 1764 377 nummi.
1779 351 1853 384 Quo-

1062 397 1153 429 circa,
1179 396 1237 423 sive
1262 395 1368 422 amicus
1396 395 1430 422 sil.
1455 396 1501 430 qui
1530 395 1651 428 fenerat,
1669 404 1702 424 ne
1725 398 1853 425 amicitiae

1065 443 1153 478 ipsius
1166 443 1306 478 jacturam
1325 442 1411 470 facias
1426 452 1432 469 :
1453 443 1511 470 sive
1525 443 1627 475 hostis,
1642 451 1675 471 nc
1688 447 1714 471 te
1729 445 1852 473 obstrin-

1061 497 1110 524 gas
1136 489 1260 515 inimico.
1287 487 1434 522 Postquam
1460 487 1658 522 aliquantisper
1680 488 1715 515 ob
1747 488 1851 516 alienas

1061 543 1126 569 opes
1140 535 1240 562 cristas
1251 534 1396 565 extuleris,
1407 534 1531 568 paternis
1545 539 1572 561 tu
1587 534 1646 568 ipse
1656 542 1765 569 quoque
1777 535 1851 562 exei-

1061 580 1109 608 dcs
1127 580 1220 607 bonis.
1237 579 1344 614 Pauper
1362 588 1436 607 nunc
1457 581 1510 607 es?
1532 584 1560 606 at
1587 580 1666 607 liber.
1682 581 1734 608 Ubi
1760 586 1851 607 autem

1062 627 1207 660 pecuniam
1226 625 1320 653 fenore
1344 625 1486 663 acceperis
1497 645 1504 658 ,
1521 633 1572 653 nec
1587 625 1665 653 dives
1678 626 1750 659 eris,
1773 626 1852 653 insu-

1061 678 1110 705 per
1125 675 1152 698 et
1167 671 1285 699 libertas
1301 671 1356 699 tibi
1369 671 1517 699 adimetur.
1534 670 1689 699 Creditoris
1703 671 1775 699 enim
1791 679 1851 698 ser—

1062 724 1112 744 vus
1140 721 1200 750 est,
1215 717 1263 752 qui
1287 717 1383 744 fenore
1406 717 1531 752 accepit,
1555 717 1622 752 quin
1648 717 1731 744 etiam
1755 725 1852 745 servus

1063 761 1254 789 mercenarius
1265 780 1272 793 ,
1289 761 1469 789 acerbissimo
1485 761 1639 788 ministerio
1655 760 1783 795 fungens.
1799 762 1852 788 Ca-

1061 816 1109 835 ncs
1125 815 1187 835 eum
1204 807 1373 841 acceperint,
1392 812 1605 840 mansuescunt;
1631 808 1763 841 creditor,
1778 807 1852 835 acci-

1062 854 1178 888 piendo,
1199 853 1291 881 aerius
1307 853 1447 880 incitatur.
1465 853 1557 888 Neque
1573 854 1645 880 enim
1663 854 1764 881 latrare
1777 854 1852 882 desi—

214 901 314 937 προῒῃς
330 902 378 928 τοῦ
395 902 537 937 δοματίου,
551 902 625 929 ἕλκει
642 902 710 938 πρὸς
736 903 843 936 ἑαυτὸν,
860 904 907 930 καὶ
924 912 1002 930 κατα-

1058 900 1097 926 nit
1112 920 1119 932 ,
1137 899 1185 927 sed
1203 899 1324 934 amplius
1338 899 1446 934 quaerit.
1464 899 1492 926 Si
1515 899 1712 934 jusjurandum
1729 900 1852 935 interpo-

215 947 303 983 σύρει.
326 947 390 974 Ἐὰν
401 947 428 974 δὲ
446 948 520 974 ἔνδον
536 948 649 974 σεαυτὸν
663 949 854 984 κατακρύψῃς,
870 949 1003 984 ἐφέστηκε

212 995 246 1029 τῇ
274 993 384 1029 αὐλαίᾳ,
411 995 459 1021 καὶ
477 993 694 1029 ουρακρουστεί·
721 994 769 1020 ἐπὶ
790 994 914 1029 γαμετῆς
938 1003 1004 1021 κατ-

213 1039 349 1074 αισχύνει,
375 1039 422 1065 ἐπὶ
447 1039 534 1073 φίλων
557 1038 731 1075 καθυϐρίζει,
755 1039 784 1066 ἐν
804 1040 865 1071 ταῖς
888 1039 1004 1075 ἀγοραῖς

212 1084 308 1119 ἄγχει·
326 1085 412 1112 κακὸν
430 1086 590 1120 συνάντημα
603 1086 710 1121 ἑορτῆς,
729 1085 845 1112 ἀϐίωτόν
863 1094 904 1112 σοι
923 1094 1004 1112 κατα-

213 1130 342 1162 σκευάζει
352 1131 399 1157 τὸν
421 1131 489 1166 βίον.
508 1131 588 1157 Ἀλλὰ
607 1131 724 1166 μεγάλη,
739 1132 863 1166 φησ“ιν,ή
883 1131 1001 1167 ἀνάγκη.

211 1175 245 1201 Τί
258 1175 354 1210 ὄφελός
370 1184 411 1203 σοι
434 1176 482 1211 τὴν
500 1176 621 1212 σήμερον
643 1176 827 1212 ὑπερθέσθαις
843 1177 929 1203 Πάλιν
947 1177 1002 1212 γὰρ

211 1221 272 1255 ἥξει
285 1230 326 1248 σοι
343 1223 360 1257 ή
377 1222 458 1249 πενία
473 1223 568 1257 ὥσπερ
581 1221 685 1256 ἀγαθὸς
697 1222 827 1258 δρομεὺς,
840 1222 888 1248 καὶ
900 1223 916 1257 ὴ
932 1222 1000 1257 αὐτὴ

211 1266 320 1301 ἀνάγκη
341 1267 408 1302 μετὰ
439 1267 599 1303 προσθήκης
628 1267 775 1304 παρέσται.
795 1267 833 1293 Τὸ
850 1267 904 1302 γὰρ
926 1267 1005 1299 δᾶνος

211 1312 261 1339 οὑκ
274 1313 434 1349 ἀπαλλαγὴν
449 1314 582 1349 παντελῆ,
595 1314 663 1341 ἀλλά
680 1313 789 1349 μακρὰν
803 1313 941 1349 ἀναϐολὴν
954 1314 1005 1350 τῆς

210 1358 368 1394 ἀμηχανίας
383 1360 545 1394 παρέχεται.

1056 952 1123 976 nas,
1155 951 1211 972 non
1239 945 1353 979 credit;
1385 946 1585 980 supellcctilem
1620 949 1694 972 luant
1726 947 1849 978 excutit,

1054 995 1218 1018 contractus
1236 994 1298 1018 tuos
1314 987 1561 1026 pcrserutatur.‘Si
1577 992 1659 1020 domo
1675 993 1802 1028 prodeas,
1817 993 1849 1019 ad

1054 1044 1084 1064 se
1103 1041 1131 1064 te
1147 1037 1233 1064 trahit
1250 1041 1277 1065 et
1292 1041 1451 1073 extorquet.
1467 1037 1516 1065 Sin
1534 1041 1560 1065 te
1579 1038 1654 1066 intus
1679 1039 1849 1070 abscondas,
1864 1042 1867 1045 ’

1054 1090 1104 1118 pro
1131 1083 1239 1111 foribus
1265 1088 1338 1111 astat
1354 1083 1509 1119 pulsatque.
1527 1084 1627 1112 Coram
1653 1092 1738 1111 uxore
1761 1085 1850 1118 pudu-

1053 1137 1112 1156 rem
1127 1130 1177 1157 tibi
1192 1130 1308 1162 incutit,
1321 1137 1414 1158 coram
1429 1130 1527 1158 amicis
1541 1130 1627 1158 infert
1642 1130 1849 1165 contumeliam,

1054 1176 1082 1203 in
1098 1176 1231 1204 nundinis
1246 1176 1378 1212 prmfocat
1389 1197 1396 1209 ,
1413 1177 1439 1204 in
1452 1177 1498 1204 die
1512 1177 1584 1205 festo
1598 1176 1737 1204 infaustus
1751 1184 1850 1204 occur-

1056 1223 1091 1249 rit
1106 1223 1175 1256 tibi,
1194 1223 1323 1251 acerbam
1341 1223 1461 1258 denique
1477 1224 1528 1251 tibi
1554 1224 1637 1251 vitam
1665 1223 1766 1251 reddit.
1795 1223 1848 1255 At,

1058 1268 1171 1303 inquis,
1189 1269 1286 1304 ingens
1313 1277 1357 1296 me
1383 1269 1533 1297 necessitas
1562 1269 1658 1304 adigit.
1685 1268 1756 1301 Quid
1783 1276 1849 1295 vero

1056 1315 1171 1349 prodest
1186 1315 1236 1342 tibi
1250 1316 1321 1343 ultra
1336 1315 1498 1343 hodiernum
1515 1315 1588 1343 diem
1604 1314 1736 1343 diderre!
1753 1321 1849 1342 rursus

1056 1360 1129 1388 enim
1147 1366 1296 1396 paupertas
1312 1362 1450 1389 celerrimi
1467 1362 1591 1390 cursoris
1606 1362 1695 1390 instar
1709 1361 1743 1389 ad
1760 1365 1786 1388 te
1802 1368 1849 1388 ve-

211 1403 286 1437 niet,
303 1405 448 1440 aderitque
464 1406 619 1433 necessitas
637 1413 688 1433 nec
705 1407 765 1433 sine
779 1405 902 1433 cumulo.
917 1404 1038 1432 Pecunia
1062 1405 1184 1435 fenebris
1209 1415 1265 1434 non
1289 1407 1342 1434 hoc
1368 1407 1460 1441 atl'ert,
1480 1411 1510 1435 ut
1530 1415 1644 1442 prorsus
1665 1406 1849 1435 incommodis

211 1450 337 1479 libereris
353 1460 359 1479 :
377 1451 425 1479 sed
440 1452 566 1487 exiguam
583 1453 718 1479 duntaxat
737 1453 871 1480 anxietati
889 1456 942 1479 tua:
956 1459 1060 1478 moram
1077 1452 1215 1486 producit.

247 1498 340 1529 Τόπος
353 1495 432 1532 οἶμαι
443 1497 488 1524 διὰ
502 1498 553 1533 τὴν
570 1499 735 1532 πολυγονίαν
749 1499 798 1525 τοῦ
811 1499 900 1526 κακοῦ
913 1507 1001 1534 προσ-

209 1543 464 1578 ηγόρευται.Πόθεν
477 1543 533 1579 γὰρ
548 1543 660 1571 ἄλλοθεν
671 1553 679 1577 ;
689 1545 724 1570 Ἢ
733 1545 803 1580 τάχα
818 1545 908 1577 τόκος
925 1543 1002 1578 λέγε·
1023 1557 1028 1561 -

1091 1499 1171 1534 433
1199 1499 1417 1531 iam—rm;
1432 1500 1478 1535 (id
1500 1504 1543 1527 est
1559 1500 1653 1534 fenus)
1672 1484 1707 1528 ob
1728 1500 1793 1528 mali
1808 1500 1848 1528 fe'

1055 1545 1225 1574 cunditatem
1243 1547 1280 1574 ita
1297 1547 1451 1581 appellatus
1470 1551 1522 1574 est.
1534 1546 1614 1575 Unde
1631 1547 1704 1575 enim
1722 1546 1848 1581 alioqui?

209 1599 254 1616 ται
279 1589 323 1615 διὰ
350 1588 399 1621 τὰς
425 1589 524 1621 ὠδῖνας
551 1591 600 1617 καὶ
614 1590 716 1622 λύπας,
741 1590 774 1622 ἃς
797 1591 923 1625 ἐμποιεῖν
942 1592 1002 1622 ταῖς

1057 1589 1106 1618 Vel
1123 1592 1205 1618 etiam
1230 1591 1350 1619 fortasse
1371 1592 1451 1624 τόκος
1480 1595 1658 1627 nuncupatur
1685 1592 1720 1619 ob
1736 1592 1847 1619 dolores

209 1636 308 1671 ψυχαῖς
321 1635 375 1661 τῶν
387 1635 586 1670 δανειζομένων
598 1636 731 1670 πέφυκεν.
740 1637 849 1672 ’Ὠσπερ
859 1638 876 1672 ἡ
890 1637 954 1668 ὠδὶς
968 1638 1000 1672 τῇ

209 1681 352 1717 τικτούσῃ,
374 1680 459 1712 οὕτως
475 1683 490 1717 ἡ
507 1681 663 1717 προθεσμία
675 1681 715 1716 τῷ
726 1681 852 1717 ὐποχρέῳ
867 1683 1001 1717 παρίστα-

209 1736 266 1754 ται.
282 1727 367 1759 Τόκος
383 1728 430 1753 ἐπὶ
449 1728 532 1762 τόκῳ,
558 1727 686 1763 πονηρῶν
705 1727 808 1762 γονέων
823 1728 940 1764 πονηρὸν
955 1728 1001 1754 ἕκ-

209 1783 299 1807 γονον.
312 1773 405 1800 Ταῦτα
419 1773 446 1800 δὲ
457 1773 580 1808 λεγέσθω
593 1775 753 1809 γεννήματα
765 1774 888 1808 ἐχιδνῶν,
901 1774 935 1800 τὰ
947 1774 1001 1801 τῶν

209 1819 297 1846 τόκων
316 1820 512 1854 ἀποκυήματα.
529 1819 585 1851 Τάς
613 1819 719 1855 ἐχίδνας
742 1819 854 1854 λέγουσι
879 1819 928 1855 τὴν
950 1828 1001 1854 γα-

211 1866 294 1902 στέρα
306 1866 358 1901 τῆς
377 1865 480 1901 μητρὸς
492 1866 665 1898 διεσίὶιούσας
686 1866 841 1899 τίκτεσθαι,
856 1866 902 1892 καὶ
915 1866 940 1892 οἱ
953 1866 999 1892 τόσ

210 1921 253 1939 κοι
275 1913 339 1944 τοὺς
357 1913 450 1944 οἴκους
478 1912 533 1939 τῶν
559 1911 724 1947 ὀφειλόντων
745 1912 915 1947 ὲκφαγόντες
932 1913 1000 1939 ἀπο-

209 1958 371 1992 γεννῶνται.

244 2005 294 2036 Δὸς
310 2004 341 2031 τὸ
353 2005 423 2031 οἴκοι
437 2004 564 2039 κείμενον
581 2003 725 2040 ἀργύριον,
741 2004 778 2039 μὴ
796 2004 921 2039 βαρύνων
933 2003 1000 2031 αὐτὸ

208 2053 268 2083 ταῖς
291 2051 474 2086 προσθήκαις,
492 2051 541 2077 καὶ
562 2050 730 2086 ἀμφοτέροις
750 2051 811 2086 ἥξει
829 2050 931 2082 καλῶς.
953 2050 999 2077 Σοὶ

210 2097 260 2132 μὲν
278 2096 395 2132 ὑπάρξει
421 2096 452 2123 τὺ
471 2097 503 2122 ὲκ
525 2096 575 2131 τῆς
597 2095 722 2130 φυλακῆς
746 2095 885 2129 ἀσφαλῶς,
909 2096 948 2131 τῷ
970 2095 998 2122 δὲ

207 2142 318 2169 λαϐόντι
333 2141 364 2168 τὸ
376 2142 409 2169 ἐκ
425 2141 476 2176 τῆς
492 2142 618 2177 χρήσεως
636 2142 742 2176 κέρδος.
760 2142 791 2168 El
803 2142 833 2168 δὲ
849 2142 897 2169 καὶ
912 2151 999 2177 προσ-

208 2187 296 2222 θήκην
308 2186 461 2222 ἐπιζητεῖς,
481 2186 633 2222 ἀρκέσθητι
652 2188 710 2218 τοῖς
728 2187 805 2222 παρὰ
815 2187 863 2213 τοῦ
882 2187 997 2222 Κυρίου.

207 2233 294 2264 Αὐτὸς
307 2233 378 2268 ὑπὲρ
392 2233 447 2259 τῶν
468 2233 595 2268 πενήτων
611 2233 658 2259 τὸν
672 2233 846 2268 πλεονασμὸν
860 2233 996 2260 ἀποτίσει.

1055 1641 1083 1662 et
1098 1635 1261 1669 molestias,
1290 1645 1360 1672 quas
1389 1644 1485 1664 eorum
1510 1637 1557 1672 qui
1580 1637 1684 1664 tenoris
1708 1636 1747 1664 rei
1769 1642 1845 1669 sunt,

1053 1682 1154 1710 animis
1182 1682 1253 1710 solet
1268 1683 1442 1718 ingenerare.
1470 1681 1708 1715 Quemadmodum
1735 1682 1844 1710 scilicet

1053 1727 1217 1762 parturienti
1248 1729 1346 1759 dolor,
1373 1729 1414 1756 sic
1451 1728 1626 1763 praestitutus
1655 1727 1759 1756 fenoris
1785 1729 1845 1756 dies

1051 1776 1126 1799 astat
1154 1772 1285 1800 creditori
1305 1772 1408 1801 :fenus
1433 1780 1516 1808 super
1530 1773 1622 1805 fenus,
1639 1773 1773 1800 malorum
1795 1781 1844 1808 pa.

1053 1819 1161 1842 rentum
1178 1816 1251 1843 mala
1277 1816 1397 1844 soboles.
1423 1817 1506 1851 Atqui
1532 1817 1648 1852 viperini
1680 1816 1752 1845 fetus
1776 1825 1844 1846 usu-
1875 1816 1880 1852 ξ

1052 1867 1144 1887 rarum
1168 1865 1263 1896 [uirtus
1278 1861 1332 1888 dici
1352 1867 1464 1897 queant.
1483 1861 1518 1889 Ut
1544 1863 1617 1890 enim
1637 1862 1746 1897 viperas
1766 1863 1844 1890 aiunt
1874 1875 1879 1890 γ’

1054 1912 1136 1932 exeso
1162 1910 1283 1933 matrum
1306 1911 1385 1935 utero
1417 1907 1445 1935 in
1477 1908 1565 1935 lucem
1585 1908 1647 1940 edi;
1675 1907 1717 1935 sic
1747 1907 1842 1935 fenora

1050 1951 1139 1979 exesis
1160 1951 1313 1980 debitorum
1327 1953 1455 1981 domibus
1471 1958 1663 1988 procreantur.

1089 1995 1162 2024 ibid.
1177 2013 1213 2018 —
1227 1997 1267 2024 Da
1288 1999 1438 2033 pecuniam
1458 2007 1541 2034 quam
1570 2000 1644 2027 domi
1669 1999 1841 2027 reconditam

1050 2045 1145 2076 habes,
1159 2044 1244 2072 nullis
1263 2052 1323 2071 eam
1337 2044 1464 2072 fcnorum
1484 2045 1694 2074 accessionibus
1705 2054 1840 2080 gravaris:

1049 2091 1091 2118 sic
1109 2091 1217 2125 utrique
1242 2091 1313 2118 bene
1329 2091 1393 2118 erit.
1416 2090 1483 2118 Nam
1509 2096 1537 2119 et
1553 2092 1602 2120 tibi
1620 2096 1680 2120 tuto
1708 2092 1843 2121 custodie-

1050 2141 1096 2163 tur
1116 2145 1122 2163 :
1141 2140 1169 2163 et
1186 2136 1210 2163 is
1227 2136 1275 2171 qui
1305 2137 1455 2172 acceperit,
1484 2138 1592 2166 lucrum
1618 2147 1652 2166 ex
1669 2146 1721 2167 usu
1743 2146 1842 2166 conse-

1049 2185 1162 2214 quetur.
1180 2181 1260 2215 Quod
1283 2182 1307 2210 si
1334 2184 1524 2212 accessionem
1541 2185 1652 2219 quaeris,
1673 2192 1705 2212 ea
1725 2187 1841 2212 conten-

1051 2231 1096 2254 tus
1111 2232 1182 2261 esto,
1200 2235 1268 2263 quae
1279 2229 1328 2256 tibi
1345 2236 1359 2256 a
1382 2228 1500 2258 Domino
1528 2230 1686 2266 profectura
1711 2234 1764 2258 est.
1781 2230 1842 2265 Ipse

207 2279 286 2314 Παρά
312 2279 359 2306 τοῦ
384 2279 471 2312 ὅντως
487 2279 681 2314 φιλανθρώπου
697 2279 817 2314 ἀνάμενε
844 2280 878 2306 τὰ
902 2280 997 2315 φιλάν-

1055 2274 1100 2300 tibi
1118 2282 1270 2310 pauperum
1294 2276 1408 2304 nomine
1428 2277 1568 2311 persolvet
1583 2277 1672 2305 fenus.
1692 2277 1734 2304 Ab
1747 2284 1780 2304 eo
1794 2276 1841 2311 qui

207 2325 313 2360 θρωπα.
335 2327 368 2352 Ἃ
391 2325 446 2361 γὰρ
473 2325 624 2362 λαμϐάνεις
641 2347 648 2358 ,
673 2326 761 2352 ταῦτα
790 2326 998 2360 μισανθρωπίας

206 2371 334 2407 οὐδεμίαν
348 2371 504 2408 ὑπερϐολὴν
516 2372 672 2399 ἀπολείπει.
686 2372 754 2399 ’Λπὺ
768 2372 916 2407 συμφορῶν
934 2381 998 2406 κερ-

206 2416 317 2448 δαίνεις,
346 2417 401 2444 ἀπὺ
417 2417 544 2453 δακρύων
571 2417 787 2453 ἀργυρολογεῖς,
815 2417 860 2444 τὸν
893 2417 997 2452 γυμνὸν

207 2463 313 2496 ἄγχεις,
330 2463 375 2490 τὸν
387 2463 559 2499 λιμώττοντα
570 2463 683 2496 τύπτεις
694 2472 700 2478 ·
721 2463 796 2495 ἔλεος
809 2463 942 2498 οὐδαμοῦ.
956 2463 997 2490 Τὰ

206 2507 332 2533 ἐντεῦθεν
348 2508 442 2544 κέρδη,
461 2509 641 2545 φιλάνθρωπα
656 2509 814 2544 ὀνομάζεις
829 2510 897 2536 Οὐαὶ
912 2510 935 2536 ol
950 2509 995 2536 λέ-

207 2558 301 2582 γοντες
315 2551 345 2578 τὸ
367 2552 465 2588 πικρὸν
475 2553 572 2587 γλυκὺ,
584 2555 632 2580 καὶ
645 2554 694 2590 τὴν
711 2554 920 2590 μισανθρωπὶαν
935 2554 994 2589 φιλο

207 2595 368 2630 ανθρωπίαν
389 2599 652 2634 προσαγορεύοντες.

247 2728 471 2763 Ἑκατοστολόγοι
492 2731 537 2756 καὶ
550 2731 772 2768 δεκατοστολόγοι
793 2733 876 2766 τινὲς,
892 2733 994 2768 φρικτὰ

205 2775 253 2801 καὶ
266 2775 435 2810 ἀκουσθῆναι
444 2776 564 2811 ὀνόματα
576 2787 582 2794 ·
595 2780 716 2813 μηνιαῖοι
727 2780 888 2815 ἁπαιτηταὶ,
899 2780 993 2815 ὥσπερ

205 2821 230 2847 οἱ
246 2821 296 2853 τὰς
315 2822 462 2857 ἐπιληψίας
478 2822 628 2856 ποιοῦντες,
645 2824 717 2850 κατά
730 2824 778 2857 τὰς
791 2826 932 2861 περιόδους
944 2826 993 2861 τῆς

207 2867 324 2904 σελήνης
345 2869 532 2904 ἐπιτιθέμενοι
554 2871 609 2901 τοῖς
637 2871 766 2906 πτωχοῖς,
789 2872 895 2906 πονηρά
920 2872 992 2903 δόσις

1054 2319 1190 2354 benignus
1207 2325 1259 2353 est,
1274 2320 1395 2357 benigna
1417 2323 1590 2357 praestolare.
1614 2321 1682 2349 Nam
1697 2330 1757 2357 qua:
1774 2322 1841 2348 alio-

1051 2366 1099 2400 qui
1113 2366 1229 2401 acoipis,
1249 2367 1358 2394 null-um
1388 2368 1599 2396 intiumanitatis
1624 2367 1738 2402 gradum
1755 2367 1841 2393 relin-

1050 2416 1151 2446 quunt.
1171 2412 1210 2439 Ex
1240 2413 1447 2441 calamitatibus
1477 2414 1575 2441 alienis
1598 2417 1733 2448 quaestum
1758 2412 1836 2445 facis,

1049 2467 1083 2486 ex
1101 2459 1232 2495 laerymis
1249 2460 1396 2495 pecuniam
1426 2460 1547 2494 colligis,
1571 2459 1676 2486 nudum
1690 2458 1837 2494 przeiocas,

1048 2513 1111 2534 eum
1126 2506 1174 2541 qui
1191 2506 1263 2534 fame
1279 2507 1398 2538 laborat,
1413 2507 1548 2541 percutis,
1563 2513 1700 2538 nusquam
1728 2506 1839 2533 miseri-

1048 2553 1142 2580 cordia
1161 2562 1168 2580 :
1188 2553 1254 2587 quin
1269 2557 1296 2580 et
1315 2553 1502 2588 quodcunque
1516 2561 1548 2581 ex
1568 2553 1610 2581 his
1635 2553 1760 2580 lucratus
1778 2551 1838 2579 fuc-

1048 2599 1099 2629 ris,
1118 2598 1266 2634 benignum
1292 2603 1319 2627 et
1338 2600 1489 2627 humanum
1513 2599 1655 2626 nominare
1679 2597 1776 2626 amas?
1793 2597 1838 2625 Va:

1048 2645 1093 2679 qui
1111 2645 1209 2672 dicunt.
1227 2653 1352 2672 amarunt
1384 2646 1476 2678 dulce,
1499 2649 1526 2673 et
1540 2645 1769 2672 inhumanitatem
1788 2651 1836 2679 ap-

1047 2691 1150 2725 pellant
1161 2690 1372 2719 humanitatem.

1085 2736 1155 2763 Ibid.
1169 2752 1205 2757 -—-
1222 2736 1425 2772 lleeatostologi
1449 2741 1476 2765 et
1499 2737 1697 2772 dccatostologi
1729 2736 1767 2772 (id
1782 2740 1834 2767 est,

1047 2783 1093 2818 qui
1110 2783 1277 2811 centesimas
1292 2787 1318 2811 et
1332 2783 1500 2811 decumanas
1518 2791 1619 2811 usuras
1633 2783 1736 2818 legunt)
1748 2783 1835 2810 nomi-

1049 2837 1082 2855 na
1101 2829 1143 2856 vel
1165 2829 1225 2862 ipso
1241 2828 1338 2856 auditu
1355 2829 1513 2863 horrenda;
1529 2833 1674 2857 exactores
1690 2829 1832 2861 menstrui,

1047 2882 1100 2901 non
1119 2882 1202 2904 secus
1217 2883 1249 2904 ac
1273 2876 1412 2905 daemones
1429 2876 1468 2904 illi
1491 2877 1537 2911 qui
1553 2875 1704 2905 comitiales
1721 2874 1832 2903 morbus
