2083 3114
236 172 302 206 1371

831 169 862 199 S.
882 167 1040 199 JOANNIS
1057 164 1275 197 DAMASCENI

1801 163 1869 197 1372

235 229 370 260 inferunt,
394 227 460 255 luna
488 233 600 261 quaque
626 228 751 252 vertente
775 230 912 258 pauperes
930 229 1025 258 θεειο-

1083 220 1214 256 ὲκατέρῳ,
1233 221 1281 247 καὶ
1291 218 1330 256 τῷ
1345 219 1454 252 διδόντι,
1466 219 1513 246 καὶ
1527 219 1565 254 τῷ
1577 218 1754 254 λαμϐάνοντι,
1768 218 1807 254 τῷ
1819 219 1868 253 μὲν

235 275 358 303 diuntur.
387 272 573 300 Pcruiciosum
598 271 692 306 utique
718 277 831 302 munus,
852 274 907 296 tam
935 268 1023 301 danti,

235 328 317 356 quam
341 319 506 355 accipienti:
527 318 601 354 quod
628 319 701 344 hunc
717 316 826 352 quidem
851 315 1024 347 facultatmu,

236 365 312 393 illum
331 368 422 391 autem
443 363 542 390 animae
565 362 734 390 detrimento
760 360 870 387 alliciat.
896 359 1026 394 Agricola

236 418 299 438 cum
315 410 420 444 spicam
443 409 591 444 acceperit,
621 415 712 436 semen
741 413 852 433 rursum
870 405 922 432 sub
937 405 1027 431 radice

236 463 291 484 non
317 455 489 489 investigat:
514 459 542 481 tu
566 460 641 485 vero,
662 459 725 479 cum
751 452 858 478 fructus
883 450 996 481 habeas,
1011 457 1026 476 a

236 502 323 531 veteri
341 506 433 528 tamen
449 503 524 528 sorte
537 506 711 534 nequaquam
728 498 863 530 abstines,
879 497 937 524 sine
953 501 1026 523 terra

236 548 357 584 plantas,
375 548 434 574 sine
456 550 579 574 semente
604 546 695 572 melis.
725 545 864 571 Incertum
894 547 936 570 est
971 543 1028 569 cui-

237 601 301 622 nam
315 593 441 627 colligas.
458 591 575 625 Quinam
591 591 637 618 ille
657 591 692 617 sit
710 590 756 624 qui
774 590 800 616 in
817 589 909 616 usuris
932 589 1027 615 fundat

236 638 386 674 lacryiuas,
412 637 587 672 perspicuum
612 640 675 663 est:
695 635 758 670 quis
782 639 873 662 autem
889 642 922 661 ex
940 633 1027 668 partis

237 684 300 712 inde
330 683 430 718 opibus
460 682 580 709 fructum
606 681 643 709 sit
670 684 862 716 percepturus,
890 680 916 706 in
942 679 1028 706 dubio

236 733 290 758 est.
309 731 450 757 Incertum
467 729 568 764 quippe
582 732 635 761 est,
650 735 714 754 num
731 727 794 754 aliis
811 727 979 761 voluptatem
993 734 1027 753 ex

236 775 336 809 opibus
354 775 504 802 relicturus
517 775 569 805 sis,
587 781 650 800 cum
670 773 729 807 ipse
751 772 800 799 tibi
825 771 973 806 perniciem
995 770 1027 797 il-

236 820 292 847 lam
308 827 369 854 qua:
384 827 418 848 ex
433 819 570 854 injustitia
585 820 686 850 oritur,
703 816 865 845 cumularis.
881 815 948 849 Quae
965 823 1026 843 cum

236 863 274 892 ita
291 865 356 898 sint,
377 872 429 893 nec
455 873 519 892 eum
537 865 584 900 qui
603 864 652 891 abs
672 866 699 891 te
715 863 839 890 mutuari
863 863 932 893 vult,
948 869 1027 889 aver-

1077 267 1117 297 εἰς
1128 266 1268 301 χρήματα,
1286 265 1325 300 τῷ
1339 265 1367 292 δὲ
1381 265 1421 297 είς
1437 265 1527 300 ψυχὴν
1538 265 1676 300 φέρουσαν
1692 265 1741 299 τὴν
1754 264 1868 300 ζημίαν.

1083 311 1112 338 '0
1124 311 1248 346 γεωργὸς
1263 311 1309 338 τὸν
1322 312 1422 346 στάχυν
1435 311 1537 343 λαϐὼν,
1551 311 1582 338 τὸ
1598 311 1711 347 σπέρμα
1724 311 1806 338 πάλιν
1818 312 1869 338 ὑπὸ

1076 357 1126 392 τὴν
1155 357 1233 392 ῥίζαν
1252 357 1303 384 οὐκ
1327 357 1445 393 ἐρευνᾷ·
1477 357 1509 384 σὺ
1527 357 1557 384 δὲ
1584 357 1632 384 καὶ
1657 358 1721 389 τοὺς
1745 359 1887 392 καρποὺς,

1077 402 1159 438 ἔχεις,
1182 403 1230 430 καὶ
1255 403 1305 430 οὐκ
1327 404 1480 438 ἀφίστασαι
1497 404 1551 430 τῶν
1573 403 1710 439 ἀρχαίων·
1729 404 1794 431 ἄνευ
1817 404 1871 439 γῆς

1079 448 1216 484 φυτεύεις,
1235 449 1302 476 ἀνευ
1320 451 1424 486 σπορᾶς
1447 450 1575 486 θερίζεις.
1596 450 1710 485 Ἀδηλον
1733 450 1785 476 τίνι
1807 458 1871 476 συν-

1079 496 1168 531 άγεις.
1186 496 1215 523 ’0
1232 497 1282 531 μὲν
1303 497 1431 532 δακρύων
1454 497 1483 523 ἐν
1509 498 1564 528 τοῖς
1586 497 1677 528 τόκοις
1693 495 1838 532 πρόδηλος,
1856 496 1871 521 ὁ

1077 542 1106 568 δὲ
1122 542 1272 569 ἀπολαύειν
1289 543 1396 578 μέλλων
1418 543 1467 578 τῆς
1489 543 1544 570 ἀπὸ
1568 542 1674 570 τούτων
1691 542 1869 577 περιουσίας,

1078 588 1242 623 ἀμφίϐολος.
1262 589 1379 624 ’Ἄδηλον
1396 590 1452 625 γὰρ
1473 591 1498 616 ει
1516 590 1554 624 μὴ
1572 589 1678 624 ἑτέροις
1697 588 1747 624 τὴν
1764 589 1811 614 ἐπὶ
1831 589 1871 624 τῷ

1078 634 1186 670 πλούτῳ
1209 635 1297 670 χαρὰν
1317 636 1451 670 ἀφήσεις,
1469 636 1500 662 τὺ
1522 637 1554 662 ὲκ
1581 636 1630 670 τῆς
1653 635 1761 666 ἀδικίας
1786 635 1870 661 κακὴν

1080 681 1187 716 σεαυτῷ
1211 681 1392 717 θησαυρίσας.
1410 683 1487 717 Μήτε
1512 680 1559 709 οὖν
1583 683 1629 708 τὸν
1641 682 1752 709 θέλοντα
1780 683 1870 709 δανεί-

1080 727 1180 752 σασθαι
1202 728 1393 763 ἀποστραφῇς,
1412 727 1460 754 καὶ
1480 727 1511 754 τὸ
1530 727 1663 763 ἀργύριόν
1687 736 1734 754 σου
1760 727 1796 762 μὴ
1817 727 1870 761 δῷς

1079 772 1125 799 ἐπὶ
1145 773 1228 808 τόκῳ.
1245 773 1300 806 ἵνα,
1323 774 1355 800 ὲκ
1377 773 1498 805 Παλαιᾶς
1516 774 1563 800 καὶ
1581 774 1654 805 Νέας
1671 773 1809 808 Διαθήκης
1830 773 1870 799 δι-

1079 817 1204 852 δαχθεὶς,
1237 819 1306 854 μετὰ
1332 819 1440 853 ἀγαθῆς
1462 819 1570 851 ἐλπίδος
1599 820 1668 855 πρὸς
1693 819 1739 845 τὸν
1768 819 1871 853 Κύριον

1079 863 1175 900 ἀπίῃς,
1192 865 1252 891 ἐκεῖ
1275 865 1340 896 τοὺς
1354 866 1453 897 τόκους
1465 866 1520 892 τῶν
1537 865 1647 900 ἀγαθῶν
1663 865 1751 900 ἔργων
1768 864 1872 899 ἀπολη-

237 917 310 942 sare,
326 917 378 938 nec
394 919 496 939 rursus
516 911 662 946 pecuniam
678 915 754 938 tuam
780 909 830 937 des
845 909 878 935 ad
895 915 1027 940 usuram;
1047 905 1066 932 Β
1080 909 1208 943 ψόμενος.

238 963 293 990 quo
321 961 375 984 tam
401 965 433 984 ex
451 956 663 999 Veteri,‘quam
682 963 716 984 ex
744 955 821 982 Novo
840 954 1028 984 Testamento,
1050 960 1110 987 qua:
1137 955 1214 982 utilia
1233 955 1282 982 tibi
1308 959 1384 988 sunt,
1408 955 1534 989 edoctus,
1561 956 1720 984 cum‘houa
1756 964 1804 990 spe
1836 957 1869 984 ad

239 1001 382 1028 Dominum
409 1002 502 1035 vadas,
533 1003 668 1030 bonorum
697 1010 811 1037 operum
837 1001 915 1028 fenus
944 1000 1010 1027 illuc
1030 1005 1205 1035 recepturus.

274 1046 413 1081 Ejusdem.
441 1062 477 1067 —-
499 1047 568 1075 Cum
598 1048 739 1076 debitores
772 1055 840 1075 suos
872 1046 1028 1074 lnvenerint

239 1092 377 1125 homines,
394 1093 510 1128 perinde
533 1094 628 1121 laetitia
654 1094 789 1129 gestiunt,
807 1101 840 1120 ac
861 1092 883 1120 si
908 1092 1026 1126 prmdam

240 1139 311 1166 nacti
326 1144 438 1173 essent;
457 1139 583 1174 nihilque
599 1148 652 1167 non
670 1140 786 1172 faciunt,
807 1146 864 1175 quo
882 1143 967 1166 totum
980 1146 1029 1164 au-

239 1184 339 1212 ferant.
366 1185 446 1218 Quod
470 1186 493 1213 si
515 1194 563 1221 per
587 1190 738 1220 egestatem
764 1186 920 1213 debitorum
941 1185 968 1212 id
988 1186 1029 1213 eis

239 1230 352 1258 minime
364 1230 456 1264 liccat,
473 1235 530 1258 tum
539 1231 649 1258 demum
666 1232 734 1259 iram
751 1231 929 1264 pecuniarum
944 1238 1026 1257 causa

237 1280 396 1310 conceptam
413 1277 440 1303 in
455 1284 642 1304 mrumnosnm
671 1277 835 1304 miserorum
856 1283 957 1310 corpus
985 1276 1026 1303 ef-

239 1320 369 1352 fundunt,
388 1320 520 1348 ferientes
537 1328 596 1355 eos,
618 1321 877 1356 excruciantesque,
895 1326 922 1348 et
944 1321 1026 1348 innu-

239 1367 325 1393 meris
341 1364 422 1394 malis
438 1367 597 1395 allicientes.

277 1411 413 1447 Ejusdem.
429 1427 465 1432 —
476 1411 615 1447 iniquam,
633 1420 650 1440 ο
667 1412 759 1446 Ιιοηιο,
783 1412 968 1448 syngrapham
985 1412 1026 1439 la-

239 1465 315 1490 cera,
343 1461 373 1484 ut
397 1457 449 1485 hac
481 1458 590 1485 ratione
616 1463 760 1493 peccatum
786 1464 861 1485 tuum
893 1458 1026 1485 solvatur.

240 1502 475 1531 Gravissimarum
487 1509 635 1530 usurarum
655 1503 858 1530 confessionem
874 1503 1003 1530 oblittera
1020 1523 1026 1535 ,

240 1550 271 1574 ut
286 1547 367 1574 tellus
383 1554 414 1575 ea
433 1555 496 1582 qua:
520 1548 680 1578 causuevit,
705 1548 806 1583 pariat.
827 1547 895 1575 Ere
915 1548 987 1575 enim
1000 1551 1028 1574 et

239 1600 310 1620 auro
324 1596 407 1628 atque
428 1593 587 1622 infecundis
605 1594 688 1622 rebus
710 1597 810 1628 praeter
833 1599 961 1620 naturam
981 1601 1031 1628 pa-
1045 1587 1066 1614 C

241 1637 390 1671 rientibus,
401 1641 476 1665 terra
500 1638 580 1671 cujus
596 1642 695 1666 natura
709 1638 762 1666 fert
779 1641 809 1665 ut
822 1638 918 1673 pariat,
929 1638 1031 1666 sterilis

241 1684 372 1716 clIicitur,
391 1687 476 1718 atque
490 1684 517 1711 in
535 1684 686 1712 incolarum
703 1692 813 1720 poenam
829 1689 944 1713 eatenus
962 1684 1029 1711 mul-

243 1734 326 1762 tatur,
342 1733 373 1757 ut
388 1729 481 1757 nullos
494 1729 601 1758 fructus
614 1731 713 1766 pariat.

277 1774 362 1812 434
385 1775 482 1810 Ejusd.
520 1776 593 1804 hom.
622 1777 685 1805 adv.
721 1777 777 1811 (en.
802 1791 838 1797 —
864 1777 924 1810 Quo
953 1779 1033 1811 pacto

244 1821 328 1857 igitur
342 1821 411 1854 alar,
431 1822 538 1857 inquiet
562 1822 682 1857 aliquis?
705 1822 806 1850 Manus
833 1822 928 1854 habes,
945 1826 1032 1848 artem

242 1868 352 1897 habes:
378 1875 492 1903 operam
517 1873 591 1896 tuam
613 1869 684 1901 loca,
713 1868 852 1896 ministra.
880 1867 969 1895 Multae
983 1875 1034 1902 pa-

244 1915 325 1943 randi
340 1916 432 1943 vietus
448 1915 572 1943 rationes
588 1918 662 1945 sunt.
677 1915 763 1942 multa
778 1914 914 1943 subsidia.
931 1914 964 1940 At
983 1913 1034 1940 im-

244 1960 394 1989 becillitate
419 1961 552 1989 laboras?
585 1960 711 1988 Mendica
738 1960 773 1988 ab
806 1960 840 1988 iis
865 1959 911 1995 qui
935 1959 1034 1994 opibus

245 2006 398 2034 abundant.
422 2007 458 2034 At
473 2010 555 2041 turpe
573 2010 617 2034 est
639 2005 820 2033 mendicare?
845 2004 954 2040 turpius
969 2011 1035 2031 vero

244 2053 337 2087 plane,
364 2060 426 2080 cum
448 2056 591 2080 mutuatus
613 2051 712 2084 fueris,
736 2059 791 2079 non
811 2051 940 2079 reddere.
967 2050 1034 2078 For-

245 2099 330 2133 mica,
347 2101 399 2128 etsi
414 2107 466 2128 nec
492 2100 592 2135 stipem
617 2099 699 2134 petit,
723 2106 773 2126 nec
805 2101 904 2125 mutuo
922 2098 1034 2132 accipit,

245 2146 282 2174 ali
304 2151 412 2182 potest;
437 2146 544 2182 apicula
568 2145 623 2173 cibi
642 2145 686 2172 sui
703 2144 835 2179 reliquias
857 2143 968 2178 regibus
983 2143 1035 2170 im-

245 2192 347 2226 pertit;
360 2192 460 2226 quibus
475 2195 565 2219 tamen
585 2197 637 2218 nec
659 2197 771 2221 manus,
786 2196 838 2216 nec
849 2192 924 2216 artes
938 2191 1036 2214 natura

1121 1046 1250 1074 Ἐπειδὰν
1275 1047 1378 1083 εὖρωσι
1403 1048 1467 1080 τοὺς
1486 1049 1645 1083 ὀφείλοντας
1671 1050 1695 1075 oi
1719 1049 1872 1086 ἄνθρωποι,

1078 1091 1175 1128 ὥσπερ
1193 1093 1306 1129 θήραμα
1335 1095 1384 1120 καὶ
1409 1095 1499 1130 ἄγραν
1516 1090 1655 1130 εὑρόντες,
1679 1095 1766 1127 οὕτως
1785 1098 1871 1133 γεγή-

1079 1138 1153 1170 θασι,
1174 1140 1222 1166 καὶ
1241 1140 1332 1166 πάντα
1348 1140 1486 1172 ποιοῦσιν,
1502 1141 1576 1172 ὅπως
1600 1141 1630 1168 τὸ
1652 1143 1706 1169 πᾶν
1722 1143 1870 1171 ἀποίσωσι.

1079 1184 1139 1210 Κᾶν
1156 1184 1193 1219 μὴ
1211 1184 1350 1219 δυνηθῶσι
1368 1184 1411 1211 διὰ
1433 1185 1483 1220 τὴν
1496 1185 1594 1212 πενίαν
1617 1186 1671 1212 τῶν
1695 1187 1870 1220 ὀφειλόντων,

1079 1229 1128 1264 τὴν
1145 1230 1215 1264 ὑπὲρ
1232 1230 1286 1256 τῶν
1301 1230 1460 1265 χρημάτων
1483 1231 1570 1266 ὀργὴν
1585 1231 1626 1262 είς
1643 1231 1673 1257 τὸ
1695 1231 1871 1266 ταλαίπωρον

1078 1276 1133 1303 τῶν
1151 1276 1254 1304 ἀθλίων
1277 1277 1358 1312 σῶμα
1375 1277 1528 1312 ἐκχέουσιν,
1553 1278 1735 1312 αἰκιζόμενοι.
1753 1279 1800 1304 καὶ
1822 1277 1870 1304 τύ-

1078 1331 1204 1355 πτοντες,
1221 1322 1269 1349 καὶ
1282 1323 1367 1358 μυρία
1386 1323 1480 1355 αὐτοῖς
1496 1323 1663 1355 διατιθέντες
1679 1324 1763 1351 κακά.

1116 1411 1286 1446 Διάρρηξον,
1317 1411 1466 1446 ἄνθρωπε,
1482 1411 1674 1446 γραμματειον
1696 1410 1800 1443 ἄδικον,
1828 1410 1873 1437 ἵνα

1081 1455 1170 1488 οὕτως
1187 1457 1203 1491 ἡ
1227 1457 1351 1492 ἁμαρτία
1367 1456 1446 1492 λυθῇ.
1471 1457 1628 1492 Ἐξάλείψον
1645 1456 1806 1492 βαρυτάτων
1830 1457 1874 1483 τό-

1082 1510 1137 1528 κων
1152 1501 1307 1536 ὁμολογίαν,
1329 1502 1372 1528 τνα
1392 1502 1460 1538 τέκῃ
1474 1502 1509 1529 τὰ
1537 1502 1640 1537 συνήθη
1666 1503 1682 1537 ἡ
1699 1502 1752 1537 γῆ’
1770 1501 1872 1537 χαλκοῦ

1084 1549 1139 1585 γὰρ
1156 1549 1203 1575 καὶ
1222 1549 1338 1585 χρυσίου
1359 1549 1406 1576 καὶ
1428 1549 1482 1576 τῶν
1498 1550 1604 1584 ἀγόνων
1622 1549 1699 1584 παρὰ
1716 1549 1797 1584 φύσιν
1813 1558 1874 1584 γεν-

1084 1594 1203 1628 νώντων,
1218 1596 1234 1630 ἡ
1248 1594 1321 1621 κατὰ
1336 1594 1418 1630 φύσιν
1434 1595 1565 1622 τίκτουσα
1581 1595 1689 1629 γίνεται
1707 1596 1811 1630 στεῖρα,
1828 1597 1874 1621 καὶ

1083 1640 1151 1675 πρὸς
1173 1641 1314 1676 τιμωρίαν
1335 1641 1390 1668 τῶν
1417 1641 1595 1668 ἐνοικούντων
1619 1641 1804 1676 κατεδικάσθη
1824 1641 1874 1676 τὴν

1082 1683 1234 1719 ἀκαρπίαν.

1576 1731 1591 1745 4‘

1119 1775 1182 1808 Πῶς
1198 1776 1245 1802 οὖν
1267 1776 1420 1812 διατραφῶ,
1443 1777 1551 1812 φησίνί
1565 1777 1658 1813 Ἔχεις
1681 1777 1788 1813 χεῖρας,
1801 1777 1875 1813 ἔχεις

1083 1821 1200 1857 τέχνην·
1229 1823 1391 1858 μισθαρνοῦ,
1407 1823 1538 1852 διακόνει.
1561 1823 1662 1850 Πολλαὶ
1686 1823 1806 1851 ἐπίνοιαι
1829 1822 1876 1850 τοῦ

1086 1867 1156 1903 βίου,
1171 1868 1269 1895 πολλαὶ
1281 1870 1416 1904 ἀφορμαί.
1438 1870 1508 1896 Ἀλλ’
1524 1870 1665 1902 ἀδυνάτως
1679 1869 1771 1905 exue;
1790 1870 1876 1906 Προσ-

1085 1914 1156 1941 αἰτει
1170 1914 1248 1950 παρὰ
1257 1914 1312 1941 τῶν
1323 1923 1408 1951 κεκτη
1414 1915 1513 1950 μένων.
1526 1916 1598 1942 Ἀλλ’
1610 1916 1723 1951 αἰσχρὸν
1735 1916 1766 1942 τὸ
1774 1916 1875 1947 αίτείν;

1085 1960 1269 1996 Δίσχρότερον
1290 1961 1340 1996 μὲν
1364 1961 1411 1987 τὸν
1436 1962 1632 1996 δανεισάμενον
1654 1962 1824 1997 ἀποστερεῖν.
1846 1961 1876 1989 '0

1087 2006 1202 2042 μύρμηξ
1215 2006 1328 2034 δύναται
1342 2007 1412 2042 μήτε
1429 2007 1597 2042 προσαιτῶν,
1607 2007 1674 2043 μήτε
1687 2007 1876 2043 δανειζόμενος

1085 2052 1297 2088 διατρέφεσθαι·
1315 2053 1363 2079 καὶ
1382 2053 1499 2088 μέλισσα
1514 2053 1549 2088 τᾲ
1572 2053 1688 2088 λείψανα
1703 2053 1754 2088 τῆς
1773 2053 1878 2084 οἰκείας

1085 2098 1191 2133 τροφῆς
1217 2097 1360 2133 βασιλεῦσι
1382 2098 1542 2137 χαρίζεται·
1560 2095 1600 2130 οἷς
1624 2097 1685 2125 οὔτε
1710 2099 1800 2133 χεῖρα,
1815 2097 1877 2124 οὔτε

1086 2144 1184 2178 τέχνας
1198 2144 1215 2179 ἡ
1237 2143 1318 2178 φύσις
1336 2142 1437 2170 ἔδωκε·
1455 2143 1488 2169 σὺ
1501 2143 1529 2169 δὲ
1545 2143 1575 2170 τὸ
1590 2143 1746 2179 εὐμήχανον
1768 2143 1848 2174 ζῶον,
1864 2143 1878 2169 ὁ

1087 2189 1241 2224 ἄνθρωπος,
1258 2189 1324 2224 μίαν
1338 2188 1394 2215 τῶν
1408 2189 1503 2215 πασῶν
1525 2189 1657 2224 μηχανῶν
1683 2189 1733 2224 οὐχ
1751 2189 1877 2224 εὑρήσεις

246 2237 345 2272 largita
369 2241 433 2265 est:
460 2241 489 2264 tu
521 2244 585 2265 vero
616 2236 699 2263 homo
725 2234 830 2262 animal
850 2234 1031 2270 ingeniosum,

1088 2234 1157 2270 πρὸς
1171 2235 1220 2270 τὴν
1231 2234 1277 2262 τοῦ
1293 2234 1352 2270 βίου
1364 2234 1517 2270 διαγωγήν;

247 2283 352 2310 nullam
379 2290 413 2310 ex
437 2283 568 2310 omnibus
594 2286 682 2309 artem
707 2279 857 2321 repereris,
884 2279 956 2307 unde
986 2279 1036 2307 tibi

247 2329 350 2356 victum
367 2328 531 2363 compares?

283 2374 356 2402 Ibid.
370 2389 406 2395 —-
419 2374 441 2402 0
457 2379 526 2410 quot
542 2373 684 2402 hominum
712 2373 801 2401 aliena
820 2373 892 2401 bona
908 2372 1037 2407 perdide-

247 2422 330 2448 runt!
345 2421 418 2454 Quot
431 2421 507 2449 velut
518 2428 567 2456 per
581 2419 720 2448 somnium
736 2419 917 2450 ditescentes,
933 2419 1038 2454 gravis-

249 2467 318 2494 sima
335 2466 434 2494 damna
452 2467 527 2502 passi
550 2469 631 2494 sunt!
655 2466 691 2493 At
714 2465 807 2498 mulli,
825 2465 930 2500 inquis,
948 2465 984 2492 ob
1000 2472 1038 2493 aes

248 2513 370 2540 alienum
396 2514 469 2548 quod
499 2517 710 2547 contraxerunt,
750 2512 911 2547 locupletati
947 2512 1035 2539 fuere.

248 2559 352 2588 Verum
369 2560 472 2595 plures,
489 2564 518 2588 ut
531 2563 658 2591 autumo,
678 2559 779 2594 laqueo
795 2558 880 2586 vitam
895 2557 1034 2585 finierunt.

248 2606 290 2633 Tu
306 2612 373 2633 vero
393 2613 440 2633 eos
455 2605 501 2640 qui
519 2605 624 2633 divitiis
641 2605 717 2632 aucti
733 2608 809 2636 sunt,
827 2603 1036 2638 contemplaris;

248 2651 312 2679 illos
329 2656 420 2679 autem
434 2652 481 2687 qui
497 2652 603 2688 laqueis
626 2652 742 2686 periere,
765 2658 820 2678 non
835 2657 975 2682 numeras,
990 2650 1037 2684 qui

248 2697 379 2725 videlicet
401 2698 525 2733 repetitae
549 2698 674 2734 pecunia:
687 2697 864 2733 ignominiam
879 2696 1038 2724 nonferen-

249 2747 304 2774 tes,
325 2744 475 2778 suspendio
501 2745 618 2772 interire
643 2744 736 2780 potius
767 2744 933 2776 habuerunt,
955 2751 1037 2779 quam

251 2795 316 2817 cum
340 2790 441 2824 probro
458 2794 485 2818 et
508 2790 620 2818 infamia
636 2791 740 2819 vivere.
757 2790 941 2818 Miserandum
960 2791 1039 2825 plane

252 2836 441 2871 spectaculum
456 2837 522 2871 vidi,
540 2845 640 2872 pueros
655 2838 789 2873 ingenuos
802 2842 978 2873 paternorum
991 2837 1037 2864 de-

251 2882 372 2912 bitorum
396 2890 480 2913 causa
509 2884 621 2912 venales
653 2884 687 2912 ad
720 2885 810 2913 forum
839 2888 941 2919 raptos.
968 2884 1038 2918 Opes

1125 2371 1159 2400 Ὢ
1176 2373 1277 2406 πόσους
1303 2373 1429 2400 ἀπώλεσε
1456 2373 1492 2400 τὰ
1515 2373 1646 2408 ἀλλότρια
1668 2372 1773 2407 ἀγαθαί
1797 2373 1879 2398 ῐιόσοι

1088 2420 1154 2455 ὄναρ
1186 2420 1389 2455 πλουτήσαντες
1419 2419 1647 2454 ὗπεραπέλαυσαν
1677 2419 1727 2454 τῆς
1760 2417 1877 2453 ζημίαςί

1096 2467 1179 2494 Ἀλλὰ
1192 2466 1299 2498 πολλοὶ,
1318 2466 1412 2502 φησὶν,
1429 2466 1478 2493 καὶ
1491 2466 1524 2492 ἐκ
1542 2465 1731 2500 δανεισμάτων
1748 2463 1880 2497 ὲπλούτητ

1090 2521 1150 2541 σαν.
1167 2512 1282 2544 Πλείους
1309 2510 1444 2547 δὲ,οἷμαι,
1460 2511 1508 2538 καὶ
1532 2511 1637 2546 βρόχων
1662 2510 1776 2546 ἥψαντο.
1797 2510 1832 2536 Σὺ
1852 2509 1881 2535 δὲ

1089 2559 1153 2591 τοὺς
1166 2559 1217 2594 μὲν
1233 2558 1442 2594 πλουτήσαντας
1454 2555 1574 2593 βλέπεις,
1593 2556 1657 2588 τοὺς
1676 2556 1704 2583 δὲ
1717 2556 1880 2590 ἀπαγξαμέ-

1093 2614 1154 2637 νους
1171 2605 1222 2631 οὐκ
1239 2604 1377 2640 ἀριθμεῖς,
1392 2604 1416 2630 οἳ
1433 2604 1482 2638 τὴν
1498 2603 1544 2630 ἐπὶ
1564 2603 1624 2634 ταῖς
1638 2602 1821 2637 ἀπαιτήσεσιν
1837 2602 1880 2628 αἰ-

1091 2650 1194 2686 σχύνην
1212 2649 1249 2686 μὴ
1273 2650 1416 2685 φέροντες,
1441 2649 1487 2675 τὸν
1502 2648 1537 2674 δι’
1557 2648 1675 2683 ἀγχόνης
1697 2647 1814 2674 θάνατον
1831 2646 1879 2672 τοῦ

1090 2697 1284 2728 ἐπονειδίστως
1301 2695 1351 2731 ζῇν
1369 2695 1569 2731 προετίμησαν.
1589 2692 1667 2720 Εἶδον
1682 2693 1738 2728 ἐγὼ
1761 2692 1879 2719 ἐλεεινὸν

1090 2743 1193 2779 θέαμα,
1215 2742 1314 2773 παῖδας
1338 2741 1498 2776 ἐλευθέρους
1529 2740 1582 2766 ὑπὸ
1606 2739 1696 2775 χρεῶν
1733 2737 1878 2774 πατρικῶν

1091 2787 1259 2823 ἑλκομένους
1274 2787 1314 2818 είς
1330 2786 1361 2812 τὸ
1374 2786 1534 2821 πρατήριον.
1553 2784 1613 2822 pint
1628 2784 1699 2818 ἔχεις
1715 2782 1879 2810 καταλιπεῖν

1091 2835 1222 2870 χρήματα
1236 2833 1294 2865 τοῖς
1319 2832 1430 2865 παισίν;
1450 2831 1495 2866 Μὴ
1513 2830 1675 2866 προσαφέλῃ
1694 2829 1742 2856 καὶ
1764 2828 1814 2864 τήν
1832 2827 1878 2853 εὑ-

1091 2882 1209 2916 γὲνειαν.
1241 2880 1335 2908 Οὐδεὶς
1366 2879 1461 2906 navi-1v
1496 2878 1599 2914 πατρὸς
1634 2876 1765 2911 ἐνεκλήθη
1801 2874 1877 2901 ποτέ.
