2083 3114
177 187 246 220 1373

784 184 908 216 SACRA
926 182 1156 214 PARALLELA.

1738 175 1807 208 13⁵14

178 241 311 278 Ὀφλημα
328 241 457 276 πατρῷον
473 241 514 272 είς
529 240 718 276 δεσμωτήριον
731 239 804 274 ἄγει.
818 239 865 274 Μὴ
881 245 966 265 κατα-

1022 237 1086 264 llliis
1106 235 1262 270 relinquere
1275 241 1330 261 non
1348 237 1436 268 potes,
1447 232 1643 268 ingenuitatem
1658 231 1753 258 saltent
1765 230 1806 259 eis

176 288 274 324 λιίπῃς
286 288 481 324 γραμματεῖον
495 287 588 321 ὥσπερ
606 286 676 322 ἀρὰν
690 285 828 321 πατρικὴν
846 285 886 316 εἰς
903 285 966 310 παῖ-

175 335 225 367 δας
238 334 461 362 καταδαίνουσαν
476 334 525 361 καὶ
540 333 680 368 ἐγγόνους.

1019 290 1073 311 non
1086 282 1199 317 eripias.
1214 280 1325 307 Nemini
1345 284 1492 315 paupertas
1513 278 1599 314 patris
1618 276 1728 304 crimini
1743 275 1807 303 data

1019 334 1141 361 unquam
1168 325 1221 352 fuit
1237 334 1243 352 :
1261 332 1299 352 res
1323 331 1388 351 vero
1404 323 1522 350 alienum
1538 329 1553 348 a
1567 325 1644 356 patre
1659 319 1807 347 conﬂatum

176 380 203 408 in
224 387 366 408 carcerem
382 379 468 407 ducit.
488 377 528 406 No
539 366 618 407 sinas
638 376 822 413 syngrapham
847 379 969 411 paternae
993 372 1080 400 instar
1101 369 1303 399 exsecrationis
1335 369 1369 396 ad
1390 368 1461 396 ﬁlios
1497 372 1524 395 et
1556 371 1666 401 nepotes
1694 366 1808 392 descen-

177 426 252 453 dere.

176 482 270 509 ἸΊΤΔ.
285 481 315 508 l’.
329 497 365 503 -—
389 480 461 516 Περὶ
487 479 644 516 δεσποτῶν
665 479 715 507 καὶ
731 476 964 516 clung-mrorer

212 517 262 544 καὶ
278 517 323 544 ὅτι
346 517 382 543 οὐ
404 510 463 551 χρὴ
485 515 597 549 αὐτοὺς
614 514 772 550 φορτικοὺς
793 511 880 545 εἶναι,
898 510 968 539 ἀλλ’

211 552 322 586 ἠπίους
337 551 401 585 τοῖς
423 550 566 582 συνοῦσι.

215 617 226 634 ι
247 608 278 635 '0
293 607 331 643 μὴ
347 606 621 642 συμπεριφερόμενος
634 605 672 641 τῷ
691 603 789 632 ἑαυτοῦ
806 604 882 638 chap,
898 602 966 637 κλη-

180 653 326 689 ρονομήσει
342 653 470 688 ἀνέμους.
487 661 498 678 ι

215 709 224 724 ι
241 699 288 734 Μὴ
316 699 371 725 tae;
394 699 432 730 ὡς
447 698 517 725 λέων
536 698 565 725 ἐν
588 696 627 732 τῷ
641 696 709 732 οῐχῳ
728 705 786 729 σου,
803 695 851 722 καὶ
866 702 968 729 φαντα-

178 743 332 770 σιοσκοτιῶν
348 744 376 770 ὲν
390 745 447 776 τοῖς
462 743 583 775 οἰκέταις
594 751 653 770 σου.
673 751 683 768 )

216 799 226 815 ι
243 789 274 815 Εἰ
287 789 345 815 ἔστι
361 797 402 816 σοι
423 789 544 824 οἰκέτης,
561 788 631 815 ἔστω
646 788 683 820 ὡς
695 787 726 814 σύ
738 795 745 802 ·
762 787 803 814 ὅτι
826 787 856 813 ὲν
871 785 967 820 αἵματι

178 834 288 869 ἐκτήσω
313 834 406 861 αὐτόν.
430 833 495 860 Ἐὰν
517 832 648 868 κακώσῃς
667 831 759 863 αὑτὸν,
785 831 833 858 καὶ
857 830 967 865 ἀπάρας

178 879 332 916 ἀποδράσῃ,
348 880 377 906 ὲν
393 878 458 914 ποίᾳ
473 878 526 913 ὀδῷ
539 877 667 913 ζητήσεις
682 876 781 908 αὑτόν;
797 884 807 901 ι

216 978 225 994 ι
240 969 271 995 ΟΕ
288 967 389 1003 κύριοι,
404 967 438 993 τὰ
449 965 521 993 αὐτὰ
547 966 649 992 ποιεῖτε
665 965 734 1000 πρὸς
749 964 861 996 αὐτοὺς,
879 963 969 990 ἀνιέν-

176 1022 224 1046 τες
238 1014 288 1049 τὴν
304 1012 431 1048 ἀπειλὴν,
444 1012 546 1044 εἰδότες
565 1011 606 1038 ὃτι
618 1010 720 1046 Κύριος
735 1009 783 1036 καὶ
803 1008 904 1037 αὐτῶν
918 1008 968 1035 καὶ

178 1060 256 1096 ὑμῶν
272 1060 347 1086 ἐστιν
361 1059 391 1085 ὲν
407 1058 527 1094 οὐρανῷ.
549 1067 559 1083 ι

217 1115 227 1132 ι
246 1106 277 1131 Ol
293 1105 396 1141 κύριοι,
408 1104 439 1131 τὸ
456 1104 560 1131 δίκαιον
575 1104 624 1131 καὶ
639 1103 690 1138 τὴν
711 1102 824 1137 ἱσάτητα
836 1101 891 1132 τοῖς
909 1099 968 1127 δού-

177 1151 235 1184 λοις
248 1151 394 1187 παρέχετε,
408 1150 509 1181 εἰδότες
526 1151 566 1177 ὅτι
579 1150 626 1177 καὶ
641 1149 721 1184 ὑμεῖς
731 1148 836 1183 Κύριον
847 1146 923 1182 ἔχετε
938 1146 968 1172 ὲν

177 1196 297 1233 οὐρανῷ.
313 1206 324 1223 ι

220 1241 351 1277 Ὲνδίκως
370 1239 652 1274 καταδουλωσάμενος
669 1239 683 1265 ὸ
703 1237 796 1273 πατὴρ
816 1235 905 1271 ἀφῆκέ
927 1243 969 1261 σοι

178 1286 284 1314 δοῦλον.
297 1287 348 1318 Δὸς
359 1286 435 1321 αὐτῷ
448 1285 498 1321 τὴν
514 1284 682 1319 ὲλευοερίαν,
699 1283 819 1316 κάκείνῳ
840 1281 969 1315 κουφοτέ-

181 1341 232 1369 ραν
247 1333 376 1368 ποιήσεις
392 1331 442 1367 τὴν
455 1331 585 1367 βάσανον,
596 1330 644 1356 καὶ
656 1328 762 1364 σεαυτῷ
775 1327 823 1363 τὴν
839 1325 969 1362 ἀληθινὴν

180 1378 339 1415 ἐλευθερίαν
357 1377 594 1414 παρασκευάσεις.
630 1402 634 1406 ,

236 1510 285 1543 Τίς
295 1509 460 1542 δεσπότης,
473 1509 493 1542 ἢ
508 1507 621 1543 δοῦλος
632 1515 651 1543 ς,
660 1508 680 1541 ὴ
695 1507 798 1543 φαύλη
813 1505 900 1543 τομή.

231 1541 285 1577 Εἷξ-
299 1544 375 1571 πᾶσι
393 1541 544 1576 πλάστης,
558 1541 602 1575 εἷς
613 1542 716 1577 νόμος,
726 1541 826 1577 κρίσις
836 1541 900 1577 μία.

237 1576 516 1617 ξΐπτιρετογρένους
533 1578 573 1617 ὡς
588 1576 763 1617 σύνδουλος
782 1576 891 1608 βλέπε.

235 1610 325 1641 Ὄταῦ
337 1610 447 1647 λυθῇς,
463 1611 575 1647 φάνηθι
592 1610 775 1646 τιμιώτερος.

215 1670 249 1697 οι
260 1669 402 1704 λεγόμενοι
421 1668 563 1700 δεσπόται,
583 1666 647 1703 δόξῃ
664 1667 756 1702 μόνον,
772 1666 804 1693 οὐ
818 1667 887 1701 πρὸς
903 1666 972 1701 ἁλή-

181 1715 257 1742 θειαν
277 1713 468 1749 ὀνομάζονται.
486 1713 589 1748 Κύριος
599 1711 728 1747 γεννητὸς
753 1711 823 1748 πρὸς
841 1711 972 1746 ἀλήθειαν

180 1758 279 1790 οὐδεὶς,
295 1758 348 1785 κᾶν
374 1757 429 1785 ἀπὸ
444 1758 571 1793 περάτων
585 1757 626 1789 εἰς
652 1757 762 1792 πέρατα
785 1756 902 1792 εὐρύνας
922 1755 972 1791 τὴν

180 1803 329 1840 ἠγεμονίαν
352 1803 500 1840 ἁνάψηται.
530 1803 618 1836 Μόνος
632 1802 661 1830 δὲ
686 1803 701 1830 ό
724 1802 873 1838 ἀγέννητος
891 1801 972 1837 ἀψευ-

180 1850 234 1882 δῶς
251 1849 375 1886 ἡγεμών.

216 1939 288 1973 Κᾶν,
304 1939 342 1972 ὡς
357 1940 447 1975 λέγεις
457 1940 548 1974 αὐτὸς,
565 1940 663 1968 οὐδένα
677 1940 791 1974 θλίϐεις,
801 1940 833 1967 οὔ
846 1940 971 1973 τύπτεις,

181 1987 231 2013 οὐκ
246 1986 395 2019 ὲκπιέζεις,
409 1987 459 2014 οὐκ
470 1987 583 2019 ἀδικεῖς,
595 1987 653 2013 ἀλλ’
668 1987 738 2022 ὑπὲρ
749 1987 804 2013 τῶν
818 1987 973 2022 συνδιατριο

182 2032 284 2060 δόντων
300 2041 342 2060 σοι
359 2033 482 2065 ὑποίσεις
500 2032 616 2068 φοϐερὸν
632 2032 797 2068 λογοοέσιον.

218 2129 264 2166 Μή
277 2137 319 2161 τις
335 2129 444 2165 σφοδρῷ
458 2129 531 2165 λιμῷ
550 2129 673 2165 κάταγχε
695 2129 761 2161 τοὺς
783 2128 897 2156 σεαυτοῦ
913 2128 972 2156 δού-

182 2175 462 2211 λους,ᾶνθρωπε,ἁλλ¹
479 2176 541 2202 ὅσον
556 2176 595 2207 εις
608 2175 766 2211 ἀλλοτρίους
781 2175 972 2211 εὐψυχεῖς,καὶ

1020 468 1089 497 ΤιΤ.
1107 469 1142 496 Χ.
1157 482 1191 488 -
1206 467 1243 494 De
1254 466 1326 493 lteris
1346 469 1370 493 et
1389 464 1511 499 patribus
1535 463 1673 499 (annilius:
1694 467 1719 489 et
1738 462 1807 496 quod

1054 512 1097 531 eos
1113 511 1163 529 non
1177 509 1295 536 asperos,
1311 500 1356 528 sed
1378 498 1446 528 lenes
1474 499 1508 526 iis
1527 498 1682 534 quibuscum
1703 505 1809 525 versun-

1056 543 1111 570 tur,
1125 545 1181 564 esse
1201 541 1334 571 oporteat.

1053 595 1136 622 Prov.
1151 602 1190 627 ιι,
1207 593 1250 621 l9.
1263 609 1297 614 —
1314 603 1323 620 ι
1339 592 1393 627 Qui
1412 591 1560 620 conturbat
1586 590 1696 617 domutn
1720 595 1808 620 suam,

1019 642 1174 678 possidebit
1191 644 1299 668 ventos.
1314 649 1324 666 ›

1052 687 1139 714 Eccli.
1163 693 1201 718 ιν,
1228 684 1273 713 58.
1291 698 1325 704 -
1339 693 1348 710 ι
1362 682 1423 710 Noli
1447 689 1506 711 esse
1532 681 1605 708 sicut
1628 681 1670 708 leo
1686 679 1713 707 in
1727 679 1808 708 domo

1017 737 1075 766 tua,
1090 736 1118 760 et
1135 731 1298 766 abreptitius
1313 730 1339 757 in
1355 728 1516 756 domesticis
1531 727 1597 754 tuis.
1617 736 1627 752 ›

1055 777 1139 805 Ecclt‘.
1164 785 1206 810 ιιι,
1231 775 1324 803 52.——
1341 783 1350 800 ι
1376 774 1405 801 Si
1430 772 1530 801 esttibi
1557 778 1663 802 servus,
1688 770 1724 798 sit
1757 768 1805 796 tibi

1022 825 1096 852 sicut
1117 827 1166 850 tu:
1186 822 1318 858 quoniam
1345 819 1374 847 in
1390 819 1524 853 sanguine
1550 816 1715 852 comparasti
1736 822 1809 842 eum.

983 869 1003 896 Β
1021 871 1049 898 Si
1065 870 1193 898 aﬂlixeris
1213 875 1290 902 eum,
1313 871 1340 894 et
1361 866 1458 893 abiens
1478 863 1616 899 ell‘ugerit,
1648 862 1676 889 in
1696 868 1751 897 qua
1767 860 1811 888 via

1021 924 1128 953 quaeras
1146 915 1228 944 eum?
1246 925 1256 942 ›

1057 963 1154 997 Epltes.
1171 970 1209 994 vr,
1227 961 1253 989 9.
1265 975 1300 981 —-
1316 970 1325 986 ι
1339 959 1405 991 Vos,
1421 958 1537 990 domini,
1551 956 1646 985 eadem
1657 955 1810 986 facilcillis.

1022 1009 1196 1037 remittentes
1211 1006 1313 1038 minas,
1342 1005 1407 1040 quia
1436 1003 1572 1031 Dominus
1602 1006 1630 1029 et
1641 1002 1762 1033 illorum,
1785 1005 1812 1028 et

1025 1056 1116 1081 vester
1131 1051 1260 1079 dominus
1277 1054 1319 1078 est
1337 1049 1365 1077 in
1384 1048 1472 1076 caelis.
1489 1057 1499 1074 ›

1057 1098 1161 1127 Coloss.
1178 1105 1216 1131 tv,
1231 1097 1259 1124 1.
1273 1111 1308 1117 -ο
1321 1105 1330 1122 ι
1351 1090 1472 1127 Domini,
1496 1092 1571 1129 quod
1589 1092 1695 1127 justum
1722 1094 1765 1119 est
1784 1093 1813 1118 et

1022 1151 1143 1180 aequum,
1159 1142 1247 1171 servis
1265 1145 1401 1176 praestate,
1422 1139 1543 1167 scientes
1566 1137 1639 1173 quod
1659 1136 1742 1164 etiam
1764 1143 1812 1164 vos

1025 1190 1170 1218 Dominum
1186 1187 1296 1216 habetis
1311 1188 1340 1214 in
1354 1186 1443 1214 cmlis.
1459 1194 1469 1211 ι

1058 1236 1166 1263 Basilii.
1186 1249 1222 1254 -ι
1244 1233 1332 1266 Quem
1354 1236 1433 1267 pater
1454 1229 1528 1257 haud
1561 1221 1654 1263 iniqua
1681 1226 1813 1255 servitute

1023 1283 1188 1317 Oppressum
1207 1280 1256 1307 tibi
1275 1285 1386 1307 servum
1408 1275 1530 1311 reliquit,
1555 1274 1599 1301 fac
1628 1280 1690 1300 eum
1718 1278 1813 1298 manu-

1024 1328 1126 1356 mittas.
1143 1326 1201 1354 Hac
1228 1325 1334 1353 ratione
1369 1327 1427 1350 tum
1449 1321 1582 1350 leniorem
1608 1319 1634 1346 ci
1659 1317 1813 1345 cruciatum

1025 1373 1136 1406 reddes,
1150 1376 1208 1399 tum
1224 1372 1283 1408 ipse
1301 1369 1352 1398 tibi
1375 1375 1469 1397 veram
1488 1367 1646 1395 libertatem
1669 1369 1812 1398 compara-

1024 1418 1078 1446 bis.

1275 1460 1410 1487 Nazianz.
1426 1462 1489 1486 telr.
1506 1456 1553 1485 56.

1097 1509 1165 1542 Quis
1179 1516 1281 1540 servus,
1300 1511 1347 1534 aut
1363 1506 1467 1542 Inertis?
1487 1503 1561 1542 gnata
1576 1503 1655 1538 plane
1669 1501 1761 1529 sectio.

1098 1539 1148 1571 Est
1163 1544 1241 1578 ﬁctor
1255 1550 1335 1574 unus,
1352 1549 1406 1567 una
1418 1540 1471 1572 lex,
1483 1539 1567 1574 judex
1577 1544 1690 1572 quoque.

1096 1578 1142 1606 Sic
1157 1577 1219 1612 ergo
1232 1585 1330 1608 servos,
1348 1582 1438 1602 servus
1455 1578 1496 1604 ut,
1513 1579 1605 1599 cernas
1617 1577 1686 1612 mox:

1095 1605 1176 1645 Ᾰίὶἰε,
1187 1605 1299 1640 "solutus
1320 1605 1441 1644 corpore,
1456 1613 1485 1635 nl
1499 1612 1621 1642 promes,
1637 1605 1707 1633 uide.

1062 1669 1197 1697 Philonis.
1207 1683 1241 1688 —
1251 1667 1305 1700 Qui
1319 1664 1425 1693 domini
1444 1664 1586 1695 dicuntur,
1599 1660 1731 1697 opinione
1743 1660 1814 1687 dun-

1025 1718 1111 1746 taxat,
1128 1721 1182 1741 non
1197 1720 1226 1740 re
1243 1711 1346 1740 domini
1367 1713 1526 1737 censentur.
1546 1707 1632 1735 Nemo
1658 1705 1705 1742 qui
1731 1709 1811 1732 natus

1025 1759 1071 1792 sit,
1089 1765 1156 1787 vere
1186 1757 1315 1785 dominus
1332 1758 1392 1788 est;
1413 1753 1540 1789 quamvis
1561 1753 1643 1780 etiam
1661 1750 1806 1785 imperium

1025 1811 1105 1833 suum
1118 1803 1152 1831 ad
1168 1808 1307 1831 extremos
1321 1807 1410 1835 usque
1425 1800 1492 1826 lines
1509 1798 1583 1826 orbis
1605 1795 1807 1832 propagaverit.

1026 1850 1107 1878 Solus
1123 1849 1169 1877 ille
1183 1848 1230 1884 qui
1245 1847 1334 1875 tactus
1348 1854 1404 1874 non
1424 1848 1475 1878 est,
1494 1851 1558 1872 vero
1582 1842 1711 1878 princeps
1726 1845 1809 1874 atque

1026 1898 1177 1932 imperator
1190 1900 1241 1923 est.

1061 1942 1142 1979 435
1158 1941 1227 1968 Nili.
1240 1939 1430 1973 —Quamvis,
1455 1941 1486 1965 ut
1506 1937 1565 1972 ipse
1588 1935 1704 1968 asseris,
1728 1933 1815 1961 nemi-

1024 1996 1087 2016 nem
1103 1994 1224 2023 premas,
1239 1986 1374 2012 neminem
1388 1983 1524 2015 verberes,
1538 1981 1673 2009 neminem
1693 1979 1807 2013 amigas,

1025 2036 1160 2062 neminem
1177 2030 1279 2059 adicias
1293 2029 1393 2064 injuria
1407 2037 1415 2055 :
1431 2032 1522 2055 tamen
1542 2034 1591 2061 pro
1606 2026 1640 2053 iis
1657 2024 1706 2060 qui
1724 2029 1812 2051 tecmn

1024 2084 1180 2109 versantur,
1207 2076 1369 2103 horrendam
1385 2079 1530 2101 censuram
1546 2071 1662 2099 subibis.

1062 2123 1200 2159 Ejusdem.
1211 2136 1245 2143 —
1255 2121 1294 2148 Ne
1307 2126 1401 2148 servos
1418 2123 1481 2146 tuos
1494 2116 1640 2145 immodica
1658 2115 1729 2142 fame
1745 2121 1814 2142 con-

1029 2170 1116 2202 llcias,
1135 2177 1152 2196 ο
1165 2169 1266 2201 homo;
1288 2166 1336 2194 sed
1362 2168 1497 2200 quantum
1514 2163 1612 2190 alienis
1628 2166 1655 2189 te
1674 2161 1814 2188 liberalem

182 2207 282 2256 χαρίζῃ
295 2207 352 2253 τοῖς
367 2207 468 2254 ἔξωθεν
481 2221 598 2249 αἰτιοῦσι
610 2221 654 2248 διὰ
667 2207 832 2255 κενοδοξίαν,
848 2207 971 2248 cocco-ro»

1028 2215 1145 2252 praebes,
1165 2219 1247 2249 atque
1267 2211 1402 2244 externis,
1429 2210 1477 2245 qui
1497 2217 1513 2237 a
1534 2213 1560 2236 te
1579 2207 1686 2243 aliquid
1707 2210 1816 2241 petunt,

182 2266 226 2293 διὰ
241 2266 308 2293 Θεὸν
331 2267 485 2302 χορήγησον
498 2268 556 2299 τοῖς
575 2267 651 2300 ἰδίοις
669 2267 801 2301 οἰκέταις,
828 2267 871 2295 ἵνα
889 2267 973 2302 μηδὲν

183 2311 340 2348 περαιτέρω
354 2313 479 2348 σημάνω.

321 2414 414 2441 ΤιΤΛ.
430 2400 482 2440 IA':
496 2428 532 2432 —
547 2413 619 2448 Περὶ
636 2412 838 2440 διδασκάλων.

224 2480 234 2498 ο
254 2470 320 2498 Ἰδοὺ
332 2469 399 2505 ἐγὼ,
414 2470 463 2496 καὶ
473 2469 508 2496 τὰ.
521 2469 617 2497 παιδία
633 2468 653 2496 ἃ
674 2476 719 2504 μοι
734 2467 835 2496 ἔδωκεν
852 2468 868 2495 ὁ
880 2468 972 2500 Θεός.»

224 2567 233 2584 ι
256 2558 326 2586 Τάδε
343 2557 419 2592 λέγει
443 2556 558 2593 Κύριος,
578 2556 641 2584 Ἐὰν
667 2556 806 2593 ὲξαγάγῃς
835 2556 925 2592 τίμιον
946 2556 977 2589 εξ

184 2602 307 2635 ἀναξίου,
322 2603 360 2635 ὡς
376 2603 465 2638 στόμα
480 2612 532 2638 μου
545 2603 606 2638 ἔσῃ,
629 2603 678 2630 καὶ
690 2602 907 2638 ἀναστρέφουσιν
926 2602 977 2629 αὐ·-

185 2648 227 2674 soi.
237 2648 306 2684 πρὸς
320 2649 361 2680 σὲ,
375 2648 423 2675 καὶ
436 2648 486 2675 οὐκ
499 2648 683 2684 ἀποστρέψεις
699 2648 767 2684 πρὸς
782 2647 890 2680 αὐτούς.
909 2657 919 2674 ι

225 2745 236 2762 ‹
252 2736 308 2763 Οὐκ
325 2736 384 2763 ἐστι
411 2737 536 2773 μαθητὴς
562 2737 634 2773 ὑπὲρ
656 2737 702 2764 τὸν
728 2737 898 2770 διδάσκαλον,
917 2737 978 2763 οὐδὲ

185 2782 280 2814 δοῦλος
297 2782 368 2816 ὑπὲρ
384 2782 430 2809 τὸν
447 2782 552 2818 κύριον.
585 2783 713 2818 Ἀρκετὸν
741 2783 780 2818 τῷ
796 2782 916 2818 μαθητῇ,
933 2783 976 2810 ἵνα

185 2828 298 2864 γενηται
320 2829 359 2860 ὡς
379 2829 394 2855 ὁ
410 2829 573 2862 διδάσκαλος
592 2829 686 2864 αὐτοῦ,
707 2830 754 2857 καὶ
767 2831 780 2857 ό
796 2830 889 2863 δοῦλος
909 2829 946 2862 ὡς
964 2831 978 2856 ὁ

191 2873 285 2908 κύριος
298 2874 392 2902 αὑτοῦ.
410 2885 419 2901 ι

1026 2251 1118 2289 inanis
1147 2260 1242 2296 gloria:
1262 2265 1345 2286 causa
1367 2255 1547 2292 gratilicaris,
1575 2258 1682 2281 tantum
1707 2251 1817 2279 famulis

1025 2307 1093 2338 tnis,
1118 2312 1153 2333 ne
1176 2304 1242 2339 quid
1270 2302 1423 2337 signiﬁcem
1446 2299 1577 2335 amplius,
1602 2302 1713 2334 propter
1730 2297 1816 2324 Deum

1027 2351 1217 2381 subministra.

1212 2405 1285 2433 ΤΙΤ.
1303 2403 1351 2431 XI.
1364 2419 1397 2424 —-
1413 2402 1449 2430 De
1464 2402 1610 2438 magistris.
1628 2408 1631 2409 '

1065 2464 1122 2491 Isa.
1150 2470 1210 2496 vnt,
1229 2462 1273 2490 18.
1287 2476 1323 2481 —
1337 2470 1346 2487 ι
1370 2460 1442 2489 Ecce
1462 2467 1513 2497 ego
1526 2465 1552 2488 et
1569 2457 1647 2494 pueri
1672 2457 1736 2490 ntci,
1749 2463 1817 2491 quos

1027 2510 1102 2538 dedit
1119 2509 1185 2537 mihi
1206 2508 1348 2536 Dominus.
1363 2516 1372 2533 ι

1063 2556 1162 2584 Jercm.
1176 2562 1221 2589 xv,
1238 2556 1282 2582 l9.
1295 2569 1330 2574 —
1346 2563 1356 2580 ι
1375 2553 1439 2581 Haec
1457 2552 1526 2580 dicit
1558 2551 1691 2579 Doutinus
1706 2559 1712 2577 :
1729 2549 1756 2576 Si
1777 2556 1819 2576 se—

1029 2601 1170 2637 paravcris
1185 2601 1298 2636 dignum
1316 2600 1350 2627 ab
1377 2600 1503 2635 indigno,
1523 2603 1654 2633 tanquam
1680 2604 1712 2624 os
1728 2604 1819 2622 meum

1029 2648 1101 2682 eris;
1118 2651 1146 2675 ct
1162 2647 1215 2682 ipsi
1231 2650 1410 2674 revertentur
1426 2645 1460 2673 ad
1476 2649 1513 2679 te,
1537 2650 1565 2672 et
1581 2649 1610 2671 tu
1628 2651 1685 2671 non
1702 2649 1820 2670 reverte-

1029 2693 1068 2721 ris
1085 2694 1118 2720 ad
1135 2700 1192 2720 eos.
1211 2702 1220 2718 ι

1067 2738 1168 2766 Matth.
1185 2746 1211 2771 x,
1230 2738 1274 2764 25.
1288 2753 1323 2758 -
1341 2747 1350 2764 ι
1367 2737 1426 2765 Non
1442 2741 1485 2765 est
1497 2736 1650 2771 discipulus
1666 2742 1749 2770 supra
1767 2743 1820 2759 nm-

1030 2783 1160 2818 gislrum,
1178 2790 1229 2810 nec
1245 2790 1343 2810 servus
1358 2789 1441 2817 supra
1463 2781 1604 2809 dominum
1631 2788 1724 2808 suum.
1742 2779 1821 2806 Satti-

1030 2831 1070 2858 cit
1085 2830 1222 2864 discipulo
1238 2833 1269 2856 ut
1285 2830 1320 2857 sit
1336 2829 1408 2857 sicut
1435 2829 1564 2864 magister
1582 2827 1643 2863 ejus
1655 2847 1663 2860 ,
1691 2830 1718 2855 ct
1729 2833 1822 2857 act-vo,

1032 2877 1105 2905 sicut
1119 2877 1256 2904 dominus.
1272 2886 1281 2902 ι
