2074 3115
255 170 324 203 1375

862 168 892 198 S.
913 167 1072 198 JOANNIS
1092 165 1309 197 DAMASCENI

1814 162 1879 195 1376

291 228 372 256 Hebr.
397 236 458 260 xm,
475 228 500 255 9.
517 242 552 248 —
567 236 576 253 ι
596 226 734 254 Doctrinis
756 225 840 254 rariis
851 226 1039 262 etperegrinis

1127 235 1136 250 ι
1156 225 1283 260 Διδαχαῖς
1313 223 1451 255 ποικίλαις
1481 222 1529 250 καὶ
1555 222 1644 255 ξέναις
1665 222 1702 257 μὴ
1720 223 1876 258 παραφέρε-

254 274 341 301 nolite
358 273 466 300 abduci.
485 282 495 299 ι

290 318 400 346 Basilii.
420 318 599 346 ——Docentis
632 318 786 346 auctoritas
817 318 896 345 [idem
922 318 1040 346 orationi

255 364 393 398 conciliat,
410 364 630 400 attentioresque
648 363 796 399 discipulos
811 364 911 391 reddit.

291 450 321 478 S.
357 450 434 486 Greg.
469 451 685 480 Naz.—Clbus
723 452 797 480 enim
837 458 879 480 est
903 453 1040 486 doctrina,

260 498 337 525 illius
356 498 438 525 etiam
457 498 504 533 qui
525 498 594 525 alios
608 498 705 526 nutrit.

291 543 430 579 Chrysost.
444 559 477 564 —-
489 544 558 572 Tum
575 545 692 572 maxime
716 545 850 572 bonarum
870 552 960 572 rerum
981 548 1041 572 stu-

256 590 303 618 dio
323 590 479 618 excitantur
495 590 633 625 discipuli,
658 597 721 618 cum
738 591 934 626 magistrorum
950 597 1042 618 exem-

255 636 300 670 pla
315 635 350 662 ob
362 635 457 663 oculos
474 635 583 662 habent.
597 644 606 660 ›

291 680 526 714 Clement.—-Qui
548 681 639 713 docet,
669 680 787 715 amplius
809 679 892 708 discit
917 688 924 707 :
950 685 977 707 et
995 680 1042 714 qui

255 727 339 755 verba
353 727 431 761 facit,
449 727 508 763 ipse
533 735 641 763 quoque
663 727 763 762 saepius
784 735 845 755 cum
870 727 1041 756 auditoribus

255 774 314 801 suis
335 773 422 801 audit.
440 783 445 786 ·

291 817 470 846 Philonis.—
482 819 621 847 Doctrime
642 819 750 855 insigne
766 819 842 855 virga
860 823 913 848 est.
933 819 1040 847 Etenim

255 863 310 891 nisi
328 865 391 899 quis
408 865 509 900 pudore
534 865 680 897 alliciatur,
697 869 724 892 et
739 865 773 892 de
792 865 933 893 nonnullis
951 866 1042 900 objur-

255 913 345 943 getur,
364 909 422 937 ﬁeri
436 917 492 937 non
506 914 608 945 potest,
628 915 658 938 ut
677 911 852 943 emendetur,
871 915 897 938 et
912 911 944 938 ad
966 911 1042 939 sani-

257 958 338 981 tatem
354 955 458 982 redeat.
611 987 613 990 ,

292 998 432 1034 Ejusdem.
448 1014 483 1020 -
498 999 559 1028 Non
571 1001 613 1028 uti
630 1004 783 1037 praeceptor
796 1001 906 1034 docere,
924 1002 961 1029 ita
975 1009 1043 1037 quo-

256 1051 310 1079 que
341 1044 448 1072 discere
473 1045 627 1081 discipulus
652 1050 750 1082 potest.
777 1047 825 1074 llle
841 1047 943 1082 quippe
957 1047 1044 1082 perte-

256 1093 318 1118 ctus
338 1094 392 1124 est,
416 1090 461 1118 hic
483 1095 574 1119 autem
595 1091 785 1126 imperfectus.
808 1093 848 1119 Ac
866 1092 984 1127 proinde
1001 1092 1044 1120 fa-

257 1135 346 1164 cultas
356 1136 558 1165 consideranda
571 1143 614 1165 est
634 1138 719 1172 illius,
741 1138 787 1173 qui
803 1137 940 1166 eruditur.

293 1181 432 1218 Ejusdem.
445 1183 609 1221 —VNoveris
633 1188 662 1212 t‘u
683 1185 809 1220 quisquis
832 1185 925 1216 doces,
940 1189 966 1212 et
982 1184 1045 1212 dili—

257 1233 354 1264 genter
369 1229 503 1264 expende,
519 1237 638 1264 quanam
662 1237 729 1258 aure
745 1237 760 1257 a
776 1230 910 1264 discipulo
935 1234 979 1257 tua
994 1238 1045 1258 vox

257 1275 419 1309 excipiatur.
435 1275 543 1304 Stultus
558 1280 599 1304 est
615 1276 699 1308 enim,
717 1277 763 1312 qui
779 1277 812 1304 ad
827 1277 944 1304 surdum
963 1276 1045 1304 verba

257 1319 334 1352 facit,
350 1323 377 1347 et
396 1320 524 1352 stolidus,
547 1321 593 1356 qui
613 1321 731 1355 lapidem
759 1321 897 1349 admonet.
916 1321 956 1348 Tu
976 1329 1046 1356 quo-

258 1371 313 1399 que
324 1365 430 1400 peccati
449 1365 564 1400 perinde
579 1373 644 1393 reus
659 1366 726 1399 eris,
746 1365 800 1393 nisi
813 1373 876 1393 cum
888 1366 980 1393 animo
997 1369 1046 1393 tuo

257 1409 448 1445 perpenderis,
478 1418 599 1445 quonam
621 1416 714 1445 pacto,
742 1412 888 1447 quandove
904 1412 1045 1447 sapientiae

259 1463 413 1484 sermonem
433 1464 560 1492 promere
576 1461 713 1493 oporteat.

296 1502 418 1530 Eusebii.
429 1518 465 1523 —
477 1503 530 1536 Qui
545 1503 662 1539 gratiam
681 1509 849 1532 consecutus
868 1509 920 1539 est,
936 1505 1046 1540 copiose

257 1549 379 1584 praebere
393 1549 474 1578 debet
495 1550 529 1578 iis
553 1550 599 1586 qui
612 1550 736 1579 discendi
751 1550 890 1579 desiderio
906 1555 1045 1585 tenentur,
1061 1561 1082 1592 ο

258 1595 491 1631 quemadmodum
509 1597 643 1624 Dominus
662 1596 734 1624 dixit
750 1606 757 1624 :
781 1597 872 1625 Gratis
896 1598 1047 1632 accepistis,

257 1642 341 1677 gratis
359 1641 423 1669 date
446 1641 566 1678 (Matth.
594 1651 622 1674 ι.
638 1643 688 1678 8).
704 1642 772 1670 Nam
801 1643 840 1671 illi
867 1644 914 1678 qui
931 1643 1047 1678 accepit,

258 1695 311 1715 nec
329 1692 423 1716 tamen
442 1688 574 1722 impertit,
592 1687 620 1715 id
635 1688 717 1716 etiam
737 1689 810 1723 quod
828 1689 921 1722 habet,
939 1689 1047 1717 aufere-

260 1737 306 1760 tur
325 1733 359 1760 ab
374 1740 417 1765 eo;
431 1732 488 1761 Nec
501 1740 566 1761 vero
576 1733 662 1769 justis
677 1733 823 1768 duntaxat,
841 1734 888 1762 sed
908 1739 935 1763 et
951 1741 1049 1770 pecca-

258 1779 366 1807 toribus
383 1779 499 1815 gratiam
524 1780 619 1807 tribuit
635 1779 717 1812 Deus,
741 1784 773 1807 ut
789 1780 836 1815 qui
857 1787 908 1808 nec
921 1780 1047 1808 inviden-

260 1824 297 1851 tia
317 1824 432 1859 laborat,
452 1832 504 1854 nee
532 1825 569 1853 sit
590 1828 722 1860 acceptor
736 1832 934 1860 personarum,
950 1833 1047 1853 verum

259 1869 328 1896 oriri
347 1869 434 1897 solem
450 1877 532 1898 suum
556 1869 642 1902 Iaciat
660 1877 744 1904 super
758 1869 846 1898 bonos
863 1873 891 1897 et
904 1870 1003 1904 malos,
1021 1873 1049 1898 et

259 1915 337 1951 pluat
363 1922 446 1951 super
469 1915 569 1951 justas,
585 1919 612 1943 et
637 1915 768 1950 injustas,
795 1923 846 1944 nec
875 1920 1046 1951 peccatu-em

260 1963 435 1995 aspernetur,
451 1960 499 1988 sed
521 1959 572 1995 ipsi
597 1967 708 1995 quoque
733 1960 859 1988 nonnihil
880 1960 977 1995 gratiae
993 1960 1048 1986 lar-

260 2005 360 2041 giatur.
388 2005 544 2040 Unicuique
568 2005 653 2041 igitur
672 2013 809 2041 propenso
829 2005 921 2033 animo
947 2005 1049 2034 docere

262 2051 405 2079 incumbit.

261 2108 344 2145 436
367 2108 436 2137 ΤΙΤ.
467 2109 627 2138 IUL—De
655 2109 814 2137 calumnia:
848 2107 918 2144 quod
954 2113 1050 2136 temere

456 2153 515 2172 eam
527 2145 647 2180 excipere
658 2153 710 2172 non
725 2148 856 2178 oporteat.

299 2190 386 2218 Exod.
416 2198 497 2224 um,
518 2191 545 2218 1.
560 2201 618 2217 -ι
643 2189 703 2218 Non
725 2189 855 2217 admittes
881 2189 1052 2216 auditionem

261 2244 371 2264 vanam.
392 2246 402 2263 Ι

297 2282 376 2310 Ρδαι.
402 2290 427 2316 c,
447 2282 474 2310 5.
487 2296 522 2303 --
540 2292 550 2309 ‹
573 2282 769 2310 Detrahentem
795 2284 904 2310 secreto
925 2280 1053 2316 proximo

263 2335 325 2360 suo,
342 2328 417 2355 hunc
429 2327 626 2363 persequebar.
647 2336 657 2353 ι

298 2372 480 2409 S.Chrysost.
497 2387 531 2395 --
546 2372 600 2406 Qui
627 2372 661 2400 de
686 2373 813 2409 proximo
840 2379 891 2401 suo
918 2371 1049 2404 detrahit,

263 2421 399 2448 fraternas
423 2427 524 2448 carnes
549 2419 625 2454 edit;
650 2420 716 2454 quia
744 2419 825 2446 fama:
853 2419 930 2447 illius
953 2418 1052 2454 inﬂigit

263 2467 373 2498 vulnus,
390 2471 418 2494 et
436 2467 542 2495 inﬁnita
558 2466 611 2494 alia
627 2467 698 2494 mala
719 2473 767 2501 per
780 2473 937 2494 sermonem
954 2473 1051 2501 perpe‘

264 2517 328 2540 trat.
344 2511 438 2548 Neque
458 2513 494 2541 iis
521 2516 627 2541 tantum
649 2513 696 2548 qui
722 2512 890 2544 obtrectant,
909 2519 1004 2539 verum
1018 2510 1053 2539 iis

261 2560 345 2587 etiam
374 2559 431 2594 qui.
448 2559 637 2587 obtrectantcs
667 2558 791 2589 audiunt,
824 2557 957 2585 obturare
973 2564 1053 2585 aures

262 2611 373 2637 moneo,
389 2611 421 2631 ac
438 2603 604 2640 Prophetam
621 2604 735 2636 imitari,
761 2603 808 2639 qui
824 2603 864 2630 ait
881 2611 887 2630 :
906 2602 1053 2630 Detrahen-

267 2655 317 2677 tem
345 2653 444 2677 secreto
470 2649 592 2684 proximo
616 2657 676 2680 suo,
699 2648 769 2676 hunc
792 2649 976 2684 persequebar.
1006 2647 1053 2675 Dic

265 2697 391 2730 proximo
406 2705 413 2723 :
430 2695 459 2723 Si
477 2696 526 2724 tibi
541 2695 569 2723 in
586 2695 680 2722 animo
692 2698 734 2722 est
752 2695 872 2729 aliquem
899 2693 1013 2721 laudare
1028 2698 1054 2721 ct

266 2743 427 2775 praedicare,
442 2750 524 2770 aures
540 2742 647 2777 aperio,
664 2746 693 2769 ut
710 2736 880 2776 unguentum
895 2739 1051 2775 excipiam:

268 2786 311 2812 sin
326 2788 482 2821 quempiam
499 2787 657 2815 maledictis
675 2787 814 2814 lacessere
832 2793 926 2822 paras,
950 2785 1053 2812 aditum

269 2832 363 2859 verbis
378 2833 434 2860 tuis
450 2833 577 2866 obstruo.

311 2876 449 2911 Ejusdem.
465 2886 498 2898 -‘-
514 2878 601 2906 Vitam
617 2879 729 2907 alterius
747 2879 858 2907 curiose
875 2877 1053 2912 perscrutari,

1094 271 1150 297 σθε.
1171 280 1179 296 ι

1135 315 1301 348 Ἀξιοπιστία
1329 316 1376 342 τοῦ
1399 315 1571 346 διδάσκοντος
1600 313 1802 348 εὐπαράδεκτον
1830 314 1864 349 με

1093 363 1138 390 τὸν
1155 363 1232 397 λόγον
1247 362 1402 397 καθίστησι,
1419 360 1651 397 προσεχεστέρους
1668 360 1696 386 δὲ
1708 360 1770 392 τοὺς
1789 360 1878 396 μαθη-

1092 408 1255 444 τευομένους
1270 407 1484 444 παρασκευάζει.

1131 453 1224 489 Τροφὴ
1240 453 1294 488 γάρ
1313 455 1386 480 ἐστιν
1399 453 1417 488 ἡ
1430 453 1530 486 δίδαξις
1547 453 1593 480 καὶ
1607 452 1655 480 τοῦ
1666 453 1823 488 τρέφοντος.

1129 543 1195 570 Τότε
1214 543 1333 578 μάλιστα
1364 543 1388 569 οἱ
1422 542 1541 577 μαθηταὶ
1573 542 1612 573 εἰς
1628 541 1672 568 τὸν
1700 541 1754 568 τῶν
1771 541 1879 576 ἀγαθῶν

1093 588 1239 623 ἀνάγονται
1256 586 1347 623 ζῆλον,
1380 588 1444 615 ὅταν
1459 587 1534 623 παρά
1545 588 1600 614 τῶν
1615 587 1780 615 διδασκάλων
1798 587 1880 623 ἔχωσι

1093 634 1126 661 τὰ
1142 634 1360 670 παραδείγματα.

1129 680 1267 707 Διδάσκων
1295 688 1338 711 τις
1354 678 1487 714 μανθάνει
1515 679 1608 712 πλέον,
1635 679 1684 706 καὶ
1705 679 1792 714 λέγων
1818 689 1880 707 συν‹

1093 727 1227 762 ακροᾶται
1246 726 1374 758 πολλάκις
1392 727 1448 758 τοῖς
1463 725 1645 753 ὑπακούουσιν
1657 726 1750 753 αὐτοῦ.

1129 815 1257 848 Παιδείας
1272 814 1408 850 σύμϐολον
1424 816 1440 850 ἡ
1458 815 1567 849 ράῦδος.
1587 815 1668 842 ι’Λνευ
1685 816 1740 850 γάρ
1755 815 1801 842 τοῦ
1815 816 1881 842 δυσ-

1094 861 1250 896 ωπηθῆναι,
1269 861 1317 887 καὶ
1331 862 1396 896 περὶ
1410 861 1489 889 ὲνίων
1517 861 1727 896 ἐπιπληχθῆναι,
1742 861 1882 888 νουθεσίαν

1094 906 1260 940 ἐνδείξασθαι
1278 907 1325 934 καὶ
1345 907 1533 943 σωφρονισμὸν
1547 909 1699 944 ἀμήχανον.

1130 999 1186 1035 Οὐχ
1200 1000 1238 1032 ὼς
1251 999 1362 1027 δύναται
1386 999 1521 1026 διδάσκειν
1536 1000 1550 1025 6
1566 999 1737 1031 διδάσκαλος,
1752 998 1823 1025 οὕτω
1835 998 1883 1025 καὶ

1096 1045 1242 1080 μανθάνειν
1259 1046 1274 1072 6
1287 1045 1434 1081 γνώριμος.
1459 1045 1569 1081 Ἐπειδὴ
1597 1045 1611 1071 ὸ
1628 1045 1680 1080 μὴν
1695 1045 1807 1078 τέλειος,
1825 1046 1838 1072 6
1855 1045 1884 1072 δὲ

1094 1091 1194 1126 ἀτελής
1210 1091 1292 1118 ἐστιν.
1311 1091 1392 1118 Ὅθεν
1409 1092 1543 1127 προσήκει
1570 1090 1751 1126 στοχάζεσθαι
1764 1090 1813 1124 τῆς
1834 1089 1884 1117 τοῦ

1096 1137 1294 1172 παιδευομένου
1310 1137 1461 1173 δυνάμεως.

1137 1183 1308 1218 Ἐπίστησον,
1330 1183 1343 1210 6
1364 1183 1507 1216 διδάσκων,
1536 1184 1583 1211 καὶ
1612 1184 1739 1216 ἐξέτασον
1763 1183 1885 1219 ἀκριϐῶς

1095 1228 1181 1264 ἀκοὴν
1198 1228 1246 1256 τοῦ
1263 1229 1454 1265 μανθάνοντος.
1471 1230 1579 1266 Εὐήθης
1603 1231 1658 1266 γὰρ
1671 1231 1685 1258 6
1698 1230 1783 1266 κωφῷ
1795 1231 1885 1257 διαλε-

1095 1275 1222 1310 γόμενος,
1238 1275 1286 1302 καὶ
1300 1276 1414 1312 μάταιος
1432 1277 1446 1303 ὁ
1458 1276 1532 1303 λίθον
1553 1276 1697 1303 νουθετῶν.
1719 1276 1772 1303 Καὶ
1793 1277 1825 1303 σὺ
1842 1276 1886 1302 ἕνη

1096 1329 1158 1356 οχος
1182 1322 1318 1358 ἁμαρτίας
1343 1322 1449 1359 σεαυτῷ
1477 1323 1537 1359 ἔσῃ,
1556 1324 1570 1350 6
1587 1323 1624 1359 μὴ
1652 1322 1884 1358 ἐπισκεψάμενος,

1096 1368 1181 1402 ὅπως,
1199 1369 1246 1397 καὶ
1267 1369 1381 1405 πηνίκα,
1400 1370 1448 1398 καὶ
1461 1370 1527 1397 πότε
1542 1369 1582 1397 δεῖ
1599 1370 1677 1404 λόγον
1693 1369 1824 1406 προέσθαι
1840 1378 1886 1396 σο-

1096 1413 1169 1448 φίας.

1137 1495 1167 1529 Ὅ
1176 1501 1267 1529 λαϐὼν
1281 1502 1371 1538 χάριν,
1390 1502 1494 1537 ὀφείλει
1508 1503 1633 1538 ἀφθόνως
1645 1504 1820 1539 παραδιδόναι
1830 1503 1886 1534 τοῖς

1101 1547 1206 1575 θέλουσι
1223 1548 1380 1582 μανθάνειν,
1397 1548 1489 1581 καθὼς
1516 1549 1562 1576 καὶ
1578 1550 1593 1576 6
1609 1550 1712 1585 Κύριος
1738 1547 1809 1581 εῐπε,
1825 1550 1886 1575 Δω-

1094 1593 1170 1627 ρεὰγ
1183 1593 1314 1626 ἐλάϐετε,
1341 1593 1454 1628 δωρεὰν
1467 1594 1547 1621 δότε.
1561 1595 1606 1630 Τῷ
1629 1595 1684 1630 γὰρ
1707 1595 1824 1627 meam,
1839 1595 1889 1620 καὶ

1100 1641 1137 1677 μὴ
1159 1641 1338 1676 μεταδιδόντι,
1366 1641 1413 1670 καὶ
1428 1641 1443 1668 ὃ
1467 1641 1524 1677 ἔχει
1543 1642 1692 1678 ἀρθήσεται
1727 1643 1773 1670 ἀπ’
1791 1641 1887 1668 αὑτοῦ.

1099 1686 1154 1713 Καὶ
1173 1687 1204 1713 οὐ
1219 1686 1301 1721 μόνον
1325 1686 1441 1719 δικαίοις
1454 1687 1547 1714 δίδωσι
1566 1687 1615 1722 τὴν
1638 1687 1729 1723 χάριν,
1758 1687 1826 1714 ἀλλὰ
1840 1687 1889 1714 καὶ

1100 1732 1282 1768 ἁμαρτωλοῖς.
1312 1733 1425 1768 Ἐπειδὴ
1462 1733 1579 1768 ἀφθονός
1608 1734 1681 1760 ἐστιν
1709 1735 1722 1760 6
1748 1733 1815 1765 θεὸς
1841 1734 1890 1760 καὶ

1099 1779 1364 1814 ἀπροσωπόληπτος,
1378 1779 1427 1808 καὶ
1442 1779 1582 1806 ἀνατέλλει
1596 1779 1641 1806 τὸν
1651 1779 1726 1815 ἥλιον
1740 1779 1824 1806 αὑτοῦ
1841 1780 1890 1806 ἐπὶ

1098 1822 1235 1858 πονηροὺς
1246 1822 1293 1849 καὶ
1306 1822 1436 1857 ἀγαθοὺς,
1457 1823 1505 1850 καὶ
1533 1823 1626 1859 βρέχει
1649 1823 1695 1850 ὲπὶ
1705 1823 1827 1855 δικαίους
1841 1823 1889 1850 καὶ

1099 1867 1221 1900 ἀδίκους·
1238 1867 1286 1894 καὶ
1308 1867 1340 1894 οὐ
1361 1867 1470 1903 παρορᾷ
1485 1866 1531 1894 τὸν
1542 1867 1745 1902 ἁμαρτάνοντα,
1761 1866 1829 1893 ἀλλὰ
1847 1866 1889 1892 δί-

1097 1913 1165 1940 δωσι
1178 1913 1299 1948 κάκείνῳ
1321 1913 1424 1949 μικρὰν
1443 1913 1533 1950 χάριν.
1550 1913 1687 1945 Ἕκαστος
1704 1910 1751 1940 οὖν
1763 1911 1891 1946 ἀφθόνως

1098 1959 1202 1995 ὀφείλει
1216 1959 1362 1988 διδάσκειν.

1099 2103 1190 2130 rem.
1204 2103 1246 2131 ιθ.
1259 2119 1295 2124 -
1309 2091 1380 2137 Περὶ
1392 2103 1551 2137 διαϐολῆς·
1568 2103 1612 2130 ὅτι
1639 2103 1676 2130 οὐ
1691 2102 1749 2138 χρὴ
1764 2102 1895 2136 ἀκρίτως

1338 2138 1478 2173 δέχεσθαι
1492 2138 1646 2172 διαϐολήν.

1140 2193 1149 2209 ι
1164 2183 1200 2210 Οὐ
1213 2183 1354 2220 παραδέξῃ
1368 2184 1455 2219 ἀκοὴν
1471 2183 1599 2219 ματαίαν.
1615 2193 1624 2209 ι

1141 2285 1150 2301 ι
1165 2274 1217 2302 Τὸν
1232 2275 1435 2303 καταλαλοῦντα
1444 2274 1532 2310 λάθρα
1546 2274 1593 2301 τοῦ
1603 2273 1716 2310 πλησίον
1731 2272 1895 2306 αὐτου,τοῦ-

1101 2329 1147 2348 τον
1157 2320 1309 2354 ὲξεδίωκον.
1324 2331 1335 2347 ι

1143 2365 1172 2391 Ὃ
1183 2365 1334 2393 διαϐάλλων
1344 2366 1391 2394 τὸν
1407 2366 1532 2401 πλησίον,
1544 2365 1677 2400 ἀδελφικά
1698 2365 1767 2400 κρέα
1777 2364 1893 2399 ἔφαγεν,

1103 2409 1237 2445 ὑπόληψιν
1262 2409 1383 2445 τρώσας,
1411 2411 1459 2437 καὶ
1488 2410 1575 2446 μυρία
1598 2410 1681 2445 ἔτερα
1703 2409 1895 2446 ἐργασάμενος

1102 2457 1147 2484 διὰ
1159 2456 1205 2483 τοῦ
1217 2456 1297 2491 λόγου
1310 2457 1393 2484 κακά.
1418 2456 1455 2484 Οὺ
1467 2458 1523 2488 τοῖς
1539 2456 1633 2488 κακῶς
1652 2456 1732 2491 μόνον
1743 2455 1895 2490 ἀγορεύου-

1105 2511 1157 2536 σιν,
1173 2502 1240 2529 ἀλλά
1253 2503 1300 2529 καὶ
1312 2503 1368 2534 τοῖς
1378 2502 1507 2529 ἀκούουσι
1523 2502 1616 2534 κακῶς
1625 2502 1755 2535 λέγοντας
1769 2501 1894 2536 ἑτέρους,

1104 2548 1229 2584 παραινῶ
1237 2548 1287 2580 τὰς
1299 2548 1384 2580 ἀκοὰς
1399 2548 1596 2584 ἀποφράττειν,
1610 2548 1660 2574 καὶ
1680 2547 1726 2574 τδν
1743 2547 1895 2582 Προφήτην

1106 2595 1277 2630 μιμήσασθαι
1290 2594 1335 2621 τὸν
1345 2594 1460 2629 λέγοντα
1472 2603 1479 2610 ·
1491 2594 1546 2621 Τὸν
1556 2593 1787 2622 καταλαλοῦντα
1797 2592 1895 2626 λάθρα

1104 2640 1158 2667 τοῦ
1176 2641 1312 2674 πλησίον
1327 2639 1430 2672 αὑτοῦ,
1441 2639 1549 2666 τοῦτον
1561 2639 1729 2671 ἐξεδίωκον.
1747 2636 1814 2664 Εἰπὲ
1824 2636 1894 2671 πρὸς

1104 2686 1150 2713 τὸν
1165 2686 1293 2722 πλησίονο
1317 2686 1349 2713 Εἰ
1369 2685 1440 2722 ἔχεις
1453 2686 1514 2712 τινὰ
1531 2684 1674 2712 ἐπαινέσαι
1693 2684 1741 2711 καὶ
1753 2683 1895 2718 ἐγκωμιαυ

1107 2742 1162 2765 σαι,
1181 2733 1282 2767 ἀνοίγω
1295 2732 1344 2764 τὰς
1358 2731 1453 2764 ἀκοὰς,
1471 2732 1514 2758 ἵνα
1522 2731 1648 2765 δέξωμαι
1664 2730 1699 2756 τά
1713 2731 1797 2765 μύρα·
1811 2728 1844 2753 ἂν
1864 2727 1894 2753 δι

1106 2779 1200 2810 κακῶς
1228 2777 1324 2812 ἐθέλῃς
1357 2778 1455 2810 εἰπεῖν,
1468 2777 1634 2812 ἀποφράττω
1645 2776 1695 2811 τὴν
1716 2773 1817 2801 εἴσοδον
1840 2774 1896 2805 rei;

1108 2828 1347 2905 ῥηὲἷέἷιάλλότριον
1362 2868 1601 2905 περιεργάζεσθαι,
1609 2864 1797 2901 ἀνελευθερίας
1811 2862 1896 2898 ξονχά-
