  <div class='ocr_page' id='page_1' title='image "/cluster/home/n/w/nwhite01/storage/ocr_20150623/95/njp.32101077772844/698.png"; bbox 0 0 2074 3115; ppageno 0'>
   <div class='ocr_carea' id='block_1_1' title="bbox 187 118 252 150">
    <p class='ocr_par' dir='ltr' id='par_1_1' title="bbox 187 118 252 150">
     <span class='ocr_line' id='line_1_1' title="bbox 187 118 252 150; baseline -0.015 0"><span class='ocrx_word' id='word_1_1' title='bbox 187 118 252 150; x_wconf 56' lang='grc'><strong>1277</strong></span> 
     </span>
    </p>
   </div>
   <div class='ocr_carea' id='block_1_2' title="bbox 811 115 1182 146">
    <p class='ocr_par' dir='ltr' id='par_1_2' title="bbox 811 115 1182 146">
     <span class='ocr_line' id='line_1_2' title="bbox 811 115 1182 146; baseline 0.003 -1"><span class='ocrx_word' id='word_1_2' title='bbox 811 115 930 146; x_wconf 78' lang='lat' dir='ltr'><strong>SACRA</strong></span> <span class='ocrx_word' id='word_1_3' title='bbox 953 116 1182 146; x_wconf 74' lang='lat' dir='ltr'><strong>PARAILELA.</strong></span> 
     </span>
    </p>
   </div>
   <div class='ocr_carea' id='block_1_3' title="bbox 1746 122 1812 156">
    <p class='ocr_par' dir='ltr' id='par_1_3' title="bbox 1746 122 1812 156">
     <span class='ocr_line' id='line_1_3' title="bbox 1746 122 1812 156; baseline -0.015 0"><span class='ocrx_word' id='word_1_4' title='bbox 1746 122 1812 156; x_wconf 74' lang='grc'><strong>1378</strong></span> 
     </span>
    </p>
   </div>
   <div class='ocr_carea' id='block_1_4' title="bbox 181 171 974 212">
    <p class='ocr_par' dir='ltr' id='par_1_4' title="bbox 181 171 971 212">
     <span class='ocr_line' id='line_1_4' title="bbox 181 171 971 212; baseline -0.005 -10"><span class='ocrx_word' id='word_1_5' title='bbox 181 185 239 212; x_wconf 83' lang='grc' dir='ltr'>της.</span> <span class='ocrx_word' id='word_1_6' title='bbox 256 176 293 202; x_wconf 82' lang='grc' dir='ltr'>Τὸ</span> <span class='ocrx_word' id='word_1_7' title='bbox 304 175 332 201; x_wconf 81' lang='grc' dir='ltr'><strong>δὲ</strong></span> <span class='ocrx_word' id='word_1_8' title='bbox 344 175 451 202; x_wconf 73' lang='grc' dir='ltr'>πάντων</span> <span class='ocrx_word' id='word_1_9' title='bbox 467 172 743 208; x_wconf 74' lang='grc' dir='ltr'>καταγελαστότερον,</span> <span class='ocrx_word' id='word_1_10' title='bbox 757 173 780 199; x_wconf 76' lang='grc' dir='ltr'>οἱ</span> <span class='ocrx_word' id='word_1_11' title='bbox 791 171 885 200; x_wconf 84' lang='grc' dir='ltr'>τοῦτον</span> <span class='ocrx_word' id='word_1_12' title='bbox 896 172 971 207; x_wconf 83' lang='grc' dir='ltr'>ἔχον-</span> 
     </span>
    </p>
   </div>
   <div class='ocr_carea' id='block_1_5' title="bbox 1025 171 1812 212">
    <p class='ocr_par' dir='ltr' id='par_1_5' title="bbox 1025 173 1812 209">
     <span class='ocr_line' id='line_1_5' title="bbox 1025 173 1812 209; baseline 0.011 -10"><span class='ocrx_word' id='word_1_13' title='bbox 1025 177 1152 200; x_wconf 68' lang='lat' dir='ltr'><strong>extrema:</strong></span> <span class='ocrx_word' id='word_1_14' title='bbox 1180 173 1378 202; x_wconf 63' lang='lat' dir='ltr'><strong>&quot;liberalitatis</strong></span> <span class='ocrx_word' id='word_1_15' title='bbox 1403 179 1456 203; x_wconf 82' lang='lat' dir='ltr'><strong>est.</strong></span> <span class='ocrx_word' id='word_1_16' title='bbox 1480 175 1560 209; x_wconf 81' lang='lat' dir='ltr'><strong>Quod</strong></span> <span class='ocrx_word' id='word_1_17' title='bbox 1592 185 1659 206; x_wconf 88' lang='lat' dir='ltr'><strong>vero</strong></span> <span class='ocrx_word' id='word_1_18' title='bbox 1686 181 1812 208; x_wconf 89' lang='lat' dir='ltr'><strong>omnium</strong></span> 
     </span>
    </p>
   </div>
   <div class='ocr_carea' id='block_1_6' title="bbox 181 217 971 255">
    <p class='ocr_par' dir='ltr' id='par_1_6' title="bbox 181 217 971 255">
     <span class='ocr_line' id='line_1_6' title="bbox 181 217 971 255; baseline -0.004 -8"><span class='ocrx_word' id='word_1_19' title='bbox 181 229 227 253; x_wconf 78' lang='grc' dir='ltr'><strong>τες</strong></span> <span class='ocrx_word' id='word_1_20' title='bbox 241 220 286 247; x_wconf 80' lang='grc' dir='ltr'>τὸν</span> <span class='ocrx_word' id='word_1_21' title='bbox 311 219 377 255; x_wconf 81' lang='grc' dir='ltr'>βίον,</span> <span class='ocrx_word' id='word_1_22' title='bbox 393 219 441 248; x_wconf 49' lang='grc' dir='ltr'><strong>καὶ¹</strong></span> <span class='ocrx_word' id='word_1_23' title='bbox 460 218 514 245; x_wconf 78' lang='grc' dir='ltr'><strong>τῶν</strong></span> <span class='ocrx_word' id='word_1_24' title='bbox 527 218 636 245; x_wconf 83' lang='grc' dir='ltr'>οίκείων</span> <span class='ocrx_word' id='word_1_25' title='bbox 662 217 838 253; x_wconf 79' lang='grc' dir='ltr'><strong>ἀμελοῦντες,</strong></span> <span class='ocrx_word' id='word_1_26' title='bbox 863 218 971 245; x_wconf 72' lang='grc' dir='ltr'>ἐπειδὰν</span> 
     </span>
    </p>
   </div>
   <div class='ocr_carea' id='block_1_7' title="bbox 181 264 972 300">
    <p class='ocr_par' dir='ltr' id='par_1_7' title="bbox 181 264 972 300">
     <span class='ocr_line' id='line_1_7' title="bbox 181 264 972 300; baseline -0.003 -8"><span class='ocrx_word' id='word_1_27' title='bbox 181 265 278 293; x_wconf 82' lang='grc' dir='ltr'>εἴπωσί</span> <span class='ocrx_word' id='word_1_28' title='bbox 285 274 311 292; x_wconf 82' lang='grc' dir='ltr'><strong>τι</strong></span> <span class='ocrx_word' id='word_1_29' title='bbox 319 265 372 291; x_wconf 82' lang='grc' dir='ltr'><strong>τῶν</strong></span> <span class='ocrx_word' id='word_1_30' title='bbox 387 264 560 300; x_wconf 74' lang='grc' dir='ltr'>ἀπορρήτων,</span> <span class='ocrx_word' id='word_1_31' title='bbox 569 264 749 298; x_wconf 81' lang='grc' dir='ltr'><strong>παρακαλῶσι</strong></span> <span class='ocrx_word' id='word_1_32' title='bbox 759 264 803 290; x_wconf 79' lang='grc' dir='ltr'><strong>τὸν</strong></span> <span class='ocrx_word' id='word_1_33' title='bbox 819 264 972 290; x_wconf 80' lang='grc' dir='ltr'>ἀκούσαντα</span> 
     </span>
    </p>
   </div>
   <div class='ocr_carea' id='block_1_8' title="bbox 182 308 972 346">
    <p class='ocr_par' dir='ltr' id='par_1_8' title="bbox 182 308 972 346">
     <span class='ocr_line' id='line_1_8' title="bbox 182 308 972 346; baseline -0.004 -8"><span class='ocrx_word' id='word_1_34' title='bbox 182 313 230 339; x_wconf 63' lang='grc' dir='ltr'>καὶ</span> <span class='ocrx_word' id='word_1_35' title='bbox 240 311 351 346; x_wconf 82' lang='grc' dir='ltr'>ὁρκοῦσι</span> <span class='ocrx_word' id='word_1_36' title='bbox 367 310 463 345; x_wconf 74' lang='grc' dir='ltr'>μηδενὶ</span> <span class='ocrx_word' id='word_1_37' title='bbox 477 309 568 336; x_wconf 73' lang='grc' dir='ltr'>λοιπον</span> <span class='ocrx_word' id='word_1_38' title='bbox 583 309 670 335; x_wconf 76' lang='grc' dir='ltr'>εἰπεῖν</span> <span class='ocrx_word' id='word_1_39' title='bbox 687 309 782 344; x_wconf 80' lang='grc' dir='ltr'><strong>ἑτέρῳ,</strong></span> <span class='ocrx_word' id='word_1_40' title='bbox 799 308 911 335; x_wconf 81' lang='grc' dir='ltr'>αὐτόθεν</span> <span class='ocrx_word' id='word_1_41' title='bbox 924 309 972 344; x_wconf 90' lang='grc' dir='ltr'><strong>δη-</strong></span> 
     </span>
    </p>
   </div>
   <div class='ocr_carea' id='block_1_9' title="bbox 182 354 972 392">
    <p class='ocr_par' dir='ltr' id='par_1_9' title="bbox 182 354 972 392">
     <span class='ocr_line' id='line_1_9' title="bbox 182 354 972 392; baseline -0.005 -8"><span class='ocrx_word' id='word_1_42' title='bbox 182 358 300 390; x_wconf 86' lang='grc' dir='ltr'>λοῦντες,</span> <span class='ocrx_word' id='word_1_43' title='bbox 317 357 357 383; x_wconf 84' lang='grc' dir='ltr'>ὅτι</span> <span class='ocrx_word' id='word_1_44' title='bbox 370 357 486 392; x_wconf 81' lang='grc' dir='ltr'>πρᾶγμα</span> <span class='ocrx_word' id='word_1_45' title='bbox 501 356 575 388; x_wconf 81' lang='grc' dir='ltr'>ἄξιον</span> <span class='ocrx_word' id='word_1_46' title='bbox 590 355 757 391; x_wconf 80' lang='grc' dir='ltr'><strong>κατηγορίας</strong></span> <span class='ocrx_word' id='word_1_47' title='bbox 783 354 926 390; x_wconf 76' lang='grc' dir='ltr'>ἐποίησαν.</span> <span class='ocrx_word' id='word_1_48' title='bbox 941 355 972 381; x_wconf 76' lang='grc' dir='ltr'>Εἰ</span> 
     </span>
    </p>
   </div>
   <div class='ocr_carea' id='block_1_10' title="bbox 183 399 972 440">
    <p class='ocr_par' dir='ltr' id='par_1_10' title="bbox 183 399 972 440">
     <span class='ocr_line' id='line_1_10' title="bbox 183 399 972 440; baseline -0.005 -10"><span class='ocrx_word' id='word_1_49' title='bbox 183 404 236 440; x_wconf 85' lang='grc' dir='ltr'>γὰρ</span> <span class='ocrx_word' id='word_1_50' title='bbox 254 405 356 430; x_wconf 76' lang='grc' dir='ltr'>ἐκεῖνον</span> <span class='ocrx_word' id='word_1_51' title='bbox 377 401 471 437; x_wconf 72' lang='grc' dir='ltr'>μηδενὶ</span> <span class='ocrx_word' id='word_1_52' title='bbox 484 401 570 428; x_wconf 75' lang='grc' dir='ltr'>εἰπεῖν</span> <span class='ocrx_word' id='word_1_53' title='bbox 590 400 675 435; x_wconf 78' lang='grc' dir='ltr'>ἑτέρῳ</span> <span class='ocrx_word' id='word_1_54' title='bbox 694 400 872 435; x_wconf 76' lang='grc' dir='ltr'>παρακαλῇς,</span> <span class='ocrx_word' id='word_1_55' title='bbox 897 399 972 435; x_wconf 80' lang='grc' dir='ltr'>πόσῳ</span> 
     </span>
    </p>
   </div>
   <div class='ocr_carea' id='block_1_11' title="bbox 184 445 970 485">
    <p class='ocr_par' dir='ltr' id='par_1_11' title="bbox 184 445 970 485">
     <span class='ocr_line' id='line_1_11' title="bbox 184 445 970 485; baseline -0.005 -10"><span class='ocrx_word' id='word_1_56' title='bbox 184 449 285 485; x_wconf 80' lang='grc' dir='ltr'>μᾶλλόν</span> <span class='ocrx_word' id='word_1_57' title='bbox 302 457 331 474; x_wconf 89' lang='grc' dir='ltr'><strong>σε</strong></span> <span class='ocrx_word' id='word_1_58' title='bbox 353 448 486 483; x_wconf 82' lang='grc' dir='ltr'>πρότερον</span> <span class='ocrx_word' id='word_1_59' title='bbox 500 447 586 482; x_wconf 84' lang='grc' dir='ltr'>τούτῳ</span> <span class='ocrx_word' id='word_1_60' title='bbox 603 445 691 472; x_wconf 84' lang='grc' dir='ltr'>ταῦτα</span> <span class='ocrx_word' id='word_1_61' title='bbox 704 447 791 472; x_wconf 78' lang='grc' dir='ltr'>εἰπεῖν</span> <span class='ocrx_word' id='word_1_62' title='bbox 813 446 863 472; x_wconf 80' lang='grc' dir='ltr'>οὐκ</span> <span class='ocrx_word' id='word_1_63' title='bbox 878 446 970 481; x_wconf 76' lang='grc' dir='ltr'>ἐχρῆν,</span> 
     </span>
    </p>
   </div>
   <div class='ocr_carea' id='block_1_12' title="bbox 183 491 972 527">
    <p class='ocr_par' dir='ltr' id='par_1_12' title="bbox 183 491 972 527">
     <span class='ocr_line' id='line_1_12' title="bbox 183 491 972 527; baseline -0.006 -5"><span class='ocrx_word' id='word_1_64' title='bbox 183 495 232 523; x_wconf 76' lang='grc' dir='ltr'>καὶ</span> <span class='ocrx_word' id='word_1_65' title='bbox 242 494 393 521; x_wconf 76' lang='grc' dir='ltr'>διαϐάλλειν</span> <span class='ocrx_word' id='word_1_66' title='bbox 405 493 476 525; x_wconf 83' lang='grc' dir='ltr'>τινὰ,</span> <span class='ocrx_word' id='word_1_67' title='bbox 492 493 552 520; x_wconf 77' lang='grc' dir='ltr'><strong>οὐδὲ</strong></span> <span class='ocrx_word' id='word_1_68' title='bbox 572 493 722 527; x_wconf 76' lang='grc' dir='ltr'>κατέχοντα</span> <span class='ocrx_word' id='word_1_69' title='bbox 739 492 768 519; x_wconf 85' lang='grc' dir='ltr'>ἐν</span> <span class='ocrx_word' id='word_1_70' title='bbox 781 491 916 527; x_wconf 74' lang='grc' dir='ltr'>ἀσφαλείᾳ</span> <span class='ocrx_word' id='word_1_71' title='bbox 926 491 972 517; x_wconf 67' lang='grc' dir='ltr'><strong>τὸν</strong></span> 
     </span>
    </p>
   </div>
   <div class='ocr_carea' id='block_1_13' title="bbox 184 536 972 576">
    <p class='ocr_par' dir='ltr' id='par_1_13' title="bbox 184 536 972 576">
     <span class='ocr_line' id='line_1_13' title="bbox 184 536 972 576; baseline -0.005 -9"><span class='ocrx_word' id='word_1_72' title='bbox 184 541 262 575; x_wconf 75' lang='grc' dir='ltr'>λόγον</span> <span class='ocrx_word' id='word_1_73' title='bbox 272 539 431 576; x_wconf 80' lang='grc' dir='ltr'>προδοῦναι,</span> <span class='ocrx_word' id='word_1_74' title='bbox 447 539 494 566; x_wconf 66' lang='grc' dir='ltr'><strong>καὶ¹</strong></span> <span class='ocrx_word' id='word_1_75' title='bbox 507 539 567 565; x_wconf 84' lang='grc' dir='ltr'>τότε</span> <span class='ocrx_word' id='word_1_76' title='bbox 578 539 628 573; x_wconf 83' lang='grc' dir='ltr'>τῆς</span> <span class='ocrx_word' id='word_1_77' title='bbox 643 538 780 573; x_wconf 79' lang='grc' dir='ltr'><strong>σωτηρίας</strong></span> <span class='ocrx_word' id='word_1_78' title='bbox 796 536 878 564; x_wconf 82' lang='grc' dir='ltr'>αὑτοῦ</span> <span class='ocrx_word' id='word_1_79' title='bbox 895 546 972 572; x_wconf 83' lang='grc' dir='ltr'>φρον-</span> 
     </span>
    </p>
   </div>
   <div class='ocr_carea' id='block_1_14' title="bbox 184 583 971 622">
    <p class='ocr_par' dir='ltr' id='par_1_14' title="bbox 184 583 971 622">
     <span class='ocr_line' id='line_1_14' title="bbox 184 583 971 622; baseline -0.006 -8"><span class='ocrx_word' id='word_1_80' title='bbox 184 587 286 620; x_wconf 54' lang='lat' dir='ltr'><strong>eum;</strong></span> <span class='ocrx_word' id='word_1_81' title='bbox 309 586 389 613; x_wconf 79' lang='grc' dir='ltr'>Ἀλλὰ</span> <span class='ocrx_word' id='word_1_82' title='bbox 404 585 453 622; x_wconf 74' lang='grc' dir='ltr'><strong>ἡδὺ</strong></span> <span class='ocrx_word' id='word_1_83' title='bbox 466 585 497 612; x_wconf 81' lang='grc' dir='ltr'><strong>τὸ</strong></span> <span class='ocrx_word' id='word_1_84' title='bbox 521 584 683 617; x_wconf 78' lang='grc' dir='ltr'>διαϐάλλειν,</span> <span class='ocrx_word' id='word_1_85' title='bbox 696 584 746 620; x_wconf 83' lang='grc' dir='ltr'><strong>ἡδὺ</strong></span> <span class='ocrx_word' id='word_1_86' title='bbox 777 584 826 619; x_wconf 84' lang='grc' dir='ltr'>μὲν</span> <span class='ocrx_word' id='word_1_87' title='bbox 842 583 875 610; x_wconf 81' lang='grc' dir='ltr'><strong>ἂν</strong></span> <span class='ocrx_word' id='word_1_88' title='bbox 892 583 921 609; x_wconf 76' lang='grc' dir='ltr'>τὸ</span> <span class='ocrx_word' id='word_1_89' title='bbox 935 583 971 617; x_wconf 87' lang='grc' dir='ltr'><strong>μὴ</strong></span> 
     </span>
    </p>
   </div>
   <div class='ocr_carea' id='block_1_15' title="bbox 184 628 972 667">
    <p class='ocr_par' dir='ltr' id='par_1_15' title="bbox 184 628 972 667">
     <span class='ocr_line' id='line_1_15' title="bbox 184 628 972 667; baseline -0.008 -7"><span class='ocrx_word' id='word_1_90' title='bbox 184 633 274 667; x_wconf 82' lang='grc' dir='ltr'>λέγειν</span> <span class='ocrx_word' id='word_1_91' title='bbox 289 632 390 663; x_wconf 83' lang='grc' dir='ltr'>κακῶς.</span> <span class='ocrx_word' id='word_1_92' title='bbox 413 631 443 658; x_wconf 80' lang='lat'><strong>&#39;0</strong></span> <span class='ocrx_word' id='word_1_93' title='bbox 460 631 508 665; x_wconf 78' lang='grc' dir='ltr'><strong>μὲν</strong></span> <span class='ocrx_word' id='word_1_94' title='bbox 524 631 578 666; x_wconf 84' lang='grc' dir='ltr'>γὰρ</span> <span class='ocrx_word' id='word_1_95' title='bbox 594 629 687 661; x_wconf 82' lang='grc' dir='ltr'>κακῶς</span> <span class='ocrx_word' id='word_1_96' title='bbox 702 629 797 661; x_wconf 85' lang='grc' dir='ltr'>εἰπὼν,</span> <span class='ocrx_word' id='word_1_97' title='bbox 826 628 972 663; x_wconf 74' lang='grc' dir='ltr'>ἐναγώνιος</span> 
     </span>
    </p>
   </div>
   <div class='ocr_carea' id='block_1_16' title="bbox 184 674 972 709">
    <p class='ocr_par' dir='ltr' id='par_1_16' title="bbox 184 674 972 709">
     <span class='ocr_line' id='line_1_16' title="bbox 184 674 972 709; baseline -0.009 -3"><span class='ocrx_word' id='word_1_98' title='bbox 184 679 277 706; x_wconf 83' lang='grc' dir='ltr'>λοιπόν</span> <span class='ocrx_word' id='word_1_99' title='bbox 298 679 372 705; x_wconf 78' lang='grc' dir='ltr'>ἐστιν</span> <span class='ocrx_word' id='word_1_100' title='bbox 384 686 391 692; x_wconf 94' lang='grc'><strong>·</strong></span> <span class='ocrx_word' id='word_1_101' title='bbox 411 677 557 704; x_wconf 83' lang='grc' dir='ltr'><strong>ὑποπτεύει</strong></span> <span class='ocrx_word' id='word_1_102' title='bbox 574 676 621 703; x_wconf 74' lang='grc' dir='ltr'>καὶ</span> <span class='ocrx_word' id='word_1_103' title='bbox 639 676 750 706; x_wconf 82' lang='grc' dir='ltr'>δέδοικε,</span> <span class='ocrx_word' id='word_1_104' title='bbox 771 674 897 709; x_wconf 83' lang='grc' dir='ltr'><strong>μετανοεῖ</strong></span> <span class='ocrx_word' id='word_1_105' title='bbox 926 674 972 700; x_wconf 76' lang='grc' dir='ltr'><strong>καὶ</strong></span> 
     </span>
    </p>
   </div>
   <div class='ocr_carea' id='block_1_17' title="bbox 185 718 971 760">
    <p class='ocr_par' dir='ltr' id='par_1_17' title="bbox 185 718 971 760">
     <span class='ocr_line' id='line_1_17' title="bbox 185 718 971 760; baseline -0.011 -7"><span class='ocrx_word' id='word_1_106' title='bbox 185 725 322 753; x_wconf 77' lang='grc' dir='ltr'>κατεσθίει</span> <span class='ocrx_word' id='word_1_107' title='bbox 335 725 384 760; x_wconf 81' lang='grc' dir='ltr'><strong>τὴν</strong></span> <span class='ocrx_word' id='word_1_108' title='bbox 399 723 524 758; x_wconf 84' lang='grc' dir='ltr'>γλῶσσαν</span> <span class='ocrx_word' id='word_1_109' title='bbox 532 722 638 755; x_wconf 78' lang='grc' dir='ltr'>ἑαυτοῦ,</span> <span class='ocrx_word' id='word_1_110' title='bbox 650 721 776 752; x_wconf 81' lang='grc' dir='ltr'>δεδοικὼς</span> <span class='ocrx_word' id='word_1_111' title='bbox 789 720 836 746; x_wconf 78' lang='grc' dir='ltr'><strong>καὶ</strong></span> <span class='ocrx_word' id='word_1_112' title='bbox 850 718 971 754; x_wconf 75' lang='grc' dir='ltr'>τρέμων,</span> 
     </span>
    </p>
   </div>
   <div class='ocr_carea' id='block_1_18' title="bbox 187 765 972 808">
    <p class='ocr_par' dir='ltr' id='par_1_18' title="bbox 187 765 972 808">
     <span class='ocr_line' id='line_1_18' title="bbox 187 765 972 808; baseline -0.011 -9"><span class='ocrx_word' id='word_1_113' title='bbox 187 773 293 808; x_wconf 88' lang='grc' dir='ltr'>μήποτε</span> <span class='ocrx_word' id='word_1_114' title='bbox 318 773 357 804; x_wconf 83' lang='grc' dir='ltr'><strong>είς</strong></span> <span class='ocrx_word' id='word_1_115' title='bbox 387 770 496 806; x_wconf 77' lang='grc' dir='ltr'>ἑτέρους</span> <span class='ocrx_word' id='word_1_116' title='bbox 514 769 640 804; x_wconf 76' lang='grc' dir='ltr'><strong>ἐξενεχθῇ</strong></span> <span class='ocrx_word' id='word_1_117' title='bbox 656 768 686 795; x_wconf 84' lang='grc' dir='ltr'><strong>τὸ</strong></span> <span class='ocrx_word' id='word_1_118' title='bbox 700 767 794 804; x_wconf 70' lang='grc' dir='ltr'>ῥῆμα,</span> <span class='ocrx_word' id='word_1_119' title='bbox 818 766 864 792; x_wconf 71' lang='grc' dir='ltr'><strong>καὶ</strong></span> <span class='ocrx_word' id='word_1_120' title='bbox 887 765 972 800; x_wconf 81' lang='grc' dir='ltr'>μέγαν</span> 
     </span>
    </p>
   </div>
   <div class='ocr_carea' id='block_1_19' title="bbox 185 816 518 854">
    <p class='ocr_par' dir='ltr' id='par_1_19' title="bbox 185 816 518 854">
     <span class='ocr_line' id='line_1_19' title="bbox 185 816 518 854; baseline -0.009 -9"><span class='ocrx_word' id='word_1_121' title='bbox 185 818 313 854; x_wconf 76' lang='grc' dir='ltr'><strong>ἐπαγάγῃ</strong></span> <span class='ocrx_word' id='word_1_122' title='bbox 325 816 371 844; x_wconf 87' lang='grc' dir='ltr'><strong>τδν</strong></span> <span class='ocrx_word' id='word_1_123' title='bbox 389 816 518 843; x_wconf 86' lang='grc' dir='ltr'>κίνδυνον.</span> 
     </span>
    </p>
   </div>
   <div class='ocr_carea' id='block_1_20' title="bbox 1024 219 1841 260">
    <p class='ocr_par' dir='ltr' id='par_1_20' title="bbox 1024 219 1841 260">
     <span class='ocr_line' id='line_1_20' title="bbox 1024 219 1841 260; baseline 0.01 -15"><span class='ocrx_word' id='word_1_124' title='bbox 1024 219 1142 246; x_wconf 79' lang='lat' dir='ltr'><strong>maxime</strong></span> <span class='ocrx_word' id='word_1_125' title='bbox 1171 219 1321 247; x_wconf 86' lang='lat' dir='ltr'><strong>ridiculum</strong></span> <span class='ocrx_word' id='word_1_126' title='bbox 1350 224 1411 253; x_wconf 90' lang='lat' dir='ltr'><strong>est,</strong></span> <span class='ocrx_word' id='word_1_127' title='bbox 1437 222 1485 257; x_wconf 86' lang='lat' dir='ltr'><strong>qui</strong></span> <span class='ocrx_word' id='word_1_128' title='bbox 1515 222 1568 251; x_wconf 92' lang='lat' dir='ltr'><strong>hoc</strong></span> <span class='ocrx_word' id='word_1_129' title='bbox 1595 224 1689 252; x_wconf 86' lang='lat' dir='ltr'><strong>animo</strong></span> <span class='ocrx_word' id='word_1_130' title='bbox 1704 225 1812 260; x_wconf 56' lang='lat' dir='ltr'><strong>praediti</strong></span> <span class='ocrx_word' id='word_1_131' title='bbox 1839 234 1841 239; x_wconf 66' lang='grc' dir='ltr'><strong>ί</strong></span> 
     </span>
    </p>
   </div>
   <div class='ocr_carea' id='block_1_21' title="bbox 1023 265 1812 305">
    <p class='ocr_par' dir='ltr' id='par_1_21' title="bbox 1023 265 1812 305">
     <span class='ocr_line' id='line_1_21' title="bbox 1023 265 1812 305; baseline 0.009 -14"><span class='ocrx_word' id='word_1_132' title='bbox 1023 269 1102 297; x_wconf 85' lang='lat' dir='ltr'><strong>sunt,</strong></span> <span class='ocrx_word' id='word_1_133' title='bbox 1131 272 1187 293; x_wconf 80' lang='lat' dir='ltr'><strong>nec.</strong></span> <span class='ocrx_word' id='word_1_134' title='bbox 1210 265 1267 292; x_wconf 89' lang='lat' dir='ltr'><strong>ulla</strong></span> <span class='ocrx_word' id='word_1_135' title='bbox 1296 273 1390 293; x_wconf 89' lang='lat' dir='ltr'><strong>rerum</strong></span> <span class='ocrx_word' id='word_1_136' title='bbox 1419 275 1530 295; x_wconf 87' lang='lat' dir='ltr'><strong>suarum</strong></span> <span class='ocrx_word' id='word_1_137' title='bbox 1555 275 1625 296; x_wconf 88' lang='lat' dir='ltr'><strong>cura</strong></span> <span class='ocrx_word' id='word_1_138' title='bbox 1649 273 1812 305; x_wconf 73' lang='lat' dir='ltr'><strong>tanguntur,</strong></span> 
     </span>
    </p>
   </div>
   <div class='ocr_carea' id='block_1_22' title="bbox 1023 311 1814 351">
    <p class='ocr_par' dir='ltr' id='par_1_22' title="bbox 1023 311 1814 351">
     <span class='ocr_line' id='line_1_22' title="bbox 1023 311 1814 351; baseline 0.01 -14"><span class='ocrx_word' id='word_1_139' title='bbox 1023 318 1082 338; x_wconf 87' lang='lat' dir='ltr'><strong>cum</strong></span> <span class='ocrx_word' id='word_1_140' title='bbox 1112 311 1208 338; x_wconf 85' lang='lat' dir='ltr'><strong>arcani</strong></span> <span class='ocrx_word' id='word_1_141' title='bbox 1229 312 1335 347; x_wconf 88' lang='lat' dir='ltr'><strong>aliqttid</strong></span> <span class='ocrx_word' id='word_1_142' title='bbox 1357 314 1534 348; x_wconf 89' lang='lat' dir='ltr'><strong>protulerint,</strong></span> <span class='ocrx_word' id='word_1_143' title='bbox 1556 323 1618 343; x_wconf 93' lang='lat' dir='ltr'><strong>eum</strong></span> <span class='ocrx_word' id='word_1_144' title='bbox 1641 316 1688 351; x_wconf 90' lang='lat' dir='ltr'><strong>qui</strong></span> <span class='ocrx_word' id='word_1_145' title='bbox 1707 317 1814 345; x_wconf 78' lang='lat' dir='ltr'><strong>audivit</strong></span> 
     </span>
    </p>
   </div>
   <div class='ocr_carea' id='block_1_23' title="bbox 1023 356 1813 398">
    <p class='ocr_par' dir='ltr' id='par_1_23' title="bbox 1023 356 1813 398">
     <span class='ocr_line' id='line_1_23' title="bbox 1023 356 1813 398; baseline 0.009 -15"><span class='ocrx_word' id='word_1_146' title='bbox 1023 356 1172 384; x_wconf 85' lang='lat' dir='ltr'><strong>obsecrant</strong></span> <span class='ocrx_word' id='word_1_147' title='bbox 1194 357 1393 393; x_wconf 87' lang='lat' dir='ltr'><strong>adjurantque,</strong></span> <span class='ocrx_word' id='word_1_148' title='bbox 1430 367 1465 387; x_wconf 90' lang='lat' dir='ltr'><strong>ne</strong></span> <span class='ocrx_word' id='word_1_149' title='bbox 1498 360 1542 387; x_wconf 87' lang='lat' dir='ltr'><strong>cui</strong></span> <span class='ocrx_word' id='word_1_150' title='bbox 1574 361 1655 389; x_wconf 87' lang='lat' dir='ltr'><strong>alteri</strong></span> <span class='ocrx_word' id='word_1_151' title='bbox 1682 361 1813 398; x_wconf 77' lang='lat' dir='ltr'><strong>deinceps</strong></span> 
     </span>
    </p>
   </div>
   <div class='ocr_carea' id='block_1_24' title="bbox 1023 403 1812 439">
    <p class='ocr_par' dir='ltr' id='par_1_24' title="bbox 1023 403 1812 439">
     <span class='ocr_line' id='line_1_24' title="bbox 1023 403 1812 439; baseline 0.009 -10"><span class='ocrx_word' id='word_1_152' title='bbox 1023 403 1076 429; x_wconf 87' lang='lat' dir='ltr'><strong>hoc</strong></span> <span class='ocrx_word' id='word_1_153' title='bbox 1108 403 1208 430; x_wconf 87' lang='lat' dir='ltr'><strong>dicat:</strong></span> <span class='ocrx_word' id='word_1_154' title='bbox 1233 411 1289 438; x_wconf 90' lang='lat' dir='ltr'><strong>quo</strong></span> <span class='ocrx_word' id='word_1_155' title='bbox 1306 405 1455 439; x_wconf 89' lang='lat' dir='ltr'><strong>perspicue</strong></span> <span class='ocrx_word' id='word_1_156' title='bbox 1480 406 1623 434; x_wconf 79' lang='lat' dir='ltr'><strong>declarant</strong></span> <span class='ocrx_word' id='word_1_157' title='bbox 1647 415 1677 435; x_wconf 90' lang='lat' dir='ltr'><strong>se</strong></span> <span class='ocrx_word' id='word_1_158' title='bbox 1705 408 1812 437; x_wconf 81' lang='lat' dir='ltr'><strong>facinus</strong></span> 
     </span>
    </p>
   </div>
   <div class='ocr_carea' id='block_1_25' title="bbox 1024 447 1812 488">
    <p class='ocr_par' dir='ltr' id='par_1_25' title="bbox 1024 447 1812 488">
     <span class='ocr_line' id='line_1_25' title="bbox 1024 447 1812 488; baseline 0.009 -14"><span class='ocrx_word' id='word_1_159' title='bbox 1024 447 1241 482; x_wconf 90' lang='lat' dir='ltr'><strong>reprehensione</strong></span> <span class='ocrx_word' id='word_1_160' title='bbox 1253 449 1367 484; x_wconf 80' lang='lat' dir='ltr'><strong>(lignum</strong></span> <span class='ocrx_word' id='word_1_161' title='bbox 1381 450 1540 479; x_wconf 83' lang='lat' dir='ltr'><strong>admisisse.</strong></span> <span class='ocrx_word' id='word_1_162' title='bbox 1557 452 1626 479; x_wconf 85' lang='lat' dir='ltr'><strong>Nam</strong></span> <span class='ocrx_word' id='word_1_163' title='bbox 1641 453 1663 480; x_wconf 89' lang='lat' dir='ltr'><strong>si</strong></span> <span class='ocrx_word' id='word_1_164' title='bbox 1683 454 1812 488; x_wconf 78' lang='lat' dir='ltr'><strong>precibus</strong></span> 
     </span>
    </p>
   </div>
   <div class='ocr_carea' id='block_1_26' title="bbox 1024 490 1811 531">
    <p class='ocr_par' dir='ltr' id='par_1_26' title="bbox 1024 490 1811 531">
     <span class='ocr_line' id='line_1_26' title="bbox 1024 490 1811 531; baseline 0.01 -14"><span class='ocrx_word' id='word_1_165' title='bbox 1024 490 1058 518; x_wconf 89' lang='lat' dir='ltr'><strong>ab</strong></span> <span class='ocrx_word' id='word_1_166' title='bbox 1080 498 1113 518; x_wconf 91' lang='lat' dir='ltr'><strong>eo</strong></span> <span class='ocrx_word' id='word_1_167' title='bbox 1135 492 1261 520; x_wconf 84' lang='lat' dir='ltr'><strong>obtinere</strong></span> <span class='ocrx_word' id='word_1_168' title='bbox 1287 494 1398 527; x_wconf 88' lang='lat' dir='ltr'><strong>niteris,</strong></span> <span class='ocrx_word' id='word_1_169' title='bbox 1418 502 1452 522; x_wconf 92' lang='lat' dir='ltr'><strong>ne</strong></span> <span class='ocrx_word' id='word_1_170' title='bbox 1479 495 1527 522; x_wconf 88' lang='lat' dir='ltr'><strong>alii</strong></span> <span class='ocrx_word' id='word_1_171' title='bbox 1552 496 1683 531; x_wconf 81' lang='lat' dir='ltr'><strong>cuiquam</strong></span> <span class='ocrx_word' id='word_1_172' title='bbox 1708 502 1811 531; x_wconf 83' lang='lat' dir='ltr'><strong>narret,</strong></span> 
     </span>
    </p>
   </div>
   <div class='ocr_carea' id='block_1_27' title="bbox 1025 536 1814 576">
    <p class='ocr_par' dir='ltr' id='par_1_27' title="bbox 1025 536 1814 576">
     <span class='ocr_line' id='line_1_27' title="bbox 1025 536 1814 576; baseline 0.011 -14"><span class='ocrx_word' id='word_1_173' title='bbox 1025 536 1110 563; x_wconf 92' lang='lat' dir='ltr'><strong>multo</strong></span> <span class='ocrx_word' id='word_1_174' title='bbox 1127 538 1215 572; x_wconf 76' lang='lat' dir='ltr'><strong>magis</strong></span> <span class='ocrx_word' id='word_1_175' title='bbox 1235 538 1286 566; x_wconf 89' lang='lat' dir='ltr'><strong>tibi</strong></span> <span class='ocrx_word' id='word_1_176' title='bbox 1314 543 1378 567; x_wconf 85' lang='lat' dir='ltr'><strong>ante</strong></span> <span class='ocrx_word' id='word_1_177' title='bbox 1400 540 1603 576; x_wconf 86' lang='lat' dir='ltr'><strong>providendum</strong></span> <span class='ocrx_word' id='word_1_178' title='bbox 1619 548 1679 570; x_wconf 89' lang='lat' dir='ltr'><strong>erat</strong></span> <span class='ocrx_word' id='word_1_179' title='bbox 1696 551 1730 571; x_wconf 87' lang='lat' dir='ltr'><strong>ne</strong></span> <span class='ocrx_word' id='word_1_180' title='bbox 1748 543 1814 571; x_wconf 88' lang='lat' dir='ltr'><strong>huic</strong></span> 
     </span>
    </p>
   </div>
   <div class='ocr_carea' id='block_1_28' title="bbox 1024 581 1814 626">
    <p class='ocr_par' dir='ltr' id='par_1_28' title="bbox 1024 581 1814 626">
     <span class='ocr_line' id='line_1_28' title="bbox 1024 581 1814 626; baseline 0.013 -18"><span class='ocrx_word' id='word_1_181' title='bbox 1024 581 1074 617; x_wconf 87' lang='lat' dir='ltr'><strong>ipsi</strong></span> <span class='ocrx_word' id='word_1_182' title='bbox 1094 590 1126 609; x_wconf 88' lang='lat' dir='ltr'><strong>ea</strong></span> <span class='ocrx_word' id='word_1_183' title='bbox 1139 583 1266 617; x_wconf 89' lang='lat' dir='ltr'><strong>diceres,</strong></span> <span class='ocrx_word' id='word_1_184' title='bbox 1285 592 1318 612; x_wconf 89' lang='lat' dir='ltr'><strong>ac</strong></span> <span class='ocrx_word' id='word_1_185' title='bbox 1333 587 1492 622; x_wconf 86' lang='lat' dir='ltr'><strong>quempiam</strong></span> <span class='ocrx_word' id='word_1_186' title='bbox 1509 585 1698 622; x_wconf 80' lang='lat' dir='ltr'><strong>dilacerares,</strong></span> <span class='ocrx_word' id='word_1_187' title='bbox 1716 590 1814 626; x_wconf 88' lang='lat' dir='ltr'><strong>prode—</strong></span> 
     </span>
    </p>
   </div>
   <div class='ocr_carea' id='block_1_29' title="bbox 1024 635 1814 671">
    <p class='ocr_par' dir='ltr' id='par_1_29' title="bbox 1024 635 1814 671">
     <span class='ocr_line' id='line_1_29' title="bbox 1024 635 1814 671; baseline 0.013 -17"><span class='ocrx_word' id='word_1_188' title='bbox 1024 635 1124 662; x_wconf 82' lang='lat' dir='ltr'><strong>resque</strong></span> <span class='ocrx_word' id='word_1_189' title='bbox 1142 637 1298 658; x_wconf 81' lang='lat' dir='ltr'><strong>sermonem</strong></span> <span class='ocrx_word' id='word_1_190' title='bbox 1315 639 1398 666; x_wconf 89' lang='lat' dir='ltr'><strong>quem</strong></span> <span class='ocrx_word' id='word_1_191' title='bbox 1417 637 1523 660; x_wconf 88' lang='lat' dir='ltr'><strong>sartum</strong></span> <span class='ocrx_word' id='word_1_192' title='bbox 1540 638 1642 662; x_wconf 85' lang='lat' dir='ltr'><strong>tectum</strong></span> <span class='ocrx_word' id='word_1_193' title='bbox 1667 637 1814 671; x_wconf 76' lang='lat' dir='ltr'><strong>oportebat</strong></span> 
     </span>
    </p>
   </div>
   <div class='ocr_carea' id='block_1_30' title="bbox 1023 676 1812 714">
    <p class='ocr_par' dir='ltr' id='par_1_30' title="bbox 1023 676 1812 714">
     <span class='ocr_line' id='line_1_30' title="bbox 1023 676 1812 714; baseline 0.013 -15"><span class='ocrx_word' id='word_1_194' title='bbox 1023 676 1127 706; x_wconf 89' lang='lat' dir='ltr'><strong>tenere,</strong></span> <span class='ocrx_word' id='word_1_195' title='bbox 1146 681 1178 701; x_wconf 87' lang='lat' dir='ltr'><strong>ac</strong></span> <span class='ocrx_word' id='word_1_196' title='bbox 1199 678 1257 702; x_wconf 92' lang='lat' dir='ltr'><strong>tum</strong></span> <span class='ocrx_word' id='word_1_197' title='bbox 1278 676 1400 711; x_wconf 83' lang='lat' dir='ltr'><strong>denique</strong></span> <span class='ocrx_word' id='word_1_198' title='bbox 1426 677 1544 705; x_wconf 83' lang='lat' dir='ltr'><strong>salutem</strong></span> <span class='ocrx_word' id='word_1_199' title='bbox 1569 679 1659 714; x_wconf 88' lang='lat' dir='ltr'><strong>ipsius</strong></span> <span class='ocrx_word' id='word_1_200' title='bbox 1685 687 1812 709; x_wconf 82' lang='lat' dir='ltr'><strong>curares.</strong></span> 
     </span>
    </p>
   </div>
   <div class='ocr_carea' id='block_1_31' title="bbox 1023 717 1813 754">
    <p class='ocr_par' dir='ltr' id='par_1_31' title="bbox 1023 717 1813 754">
     <span class='ocr_line' id='line_1_31' title="bbox 1023 717 1813 754; baseline 0.013 -10"><span class='ocrx_word' id='word_1_201' title='bbox 1023 717 1058 744; x_wconf 89' lang='lat' dir='ltr'><strong>At</strong></span> <span class='ocrx_word' id='word_1_202' title='bbox 1073 725 1159 746; x_wconf 86' lang='lat' dir='ltr'><strong>suave</strong></span> <span class='ocrx_word' id='word_1_203' title='bbox 1182 724 1225 747; x_wconf 89' lang='lat' dir='ltr'><strong>est</strong></span> <span class='ocrx_word' id='word_1_204' title='bbox 1253 721 1434 750; x_wconf 84' lang='lat' dir='ltr'><strong>obtrectare:</strong></span> <span class='ocrx_word' id='word_1_205' title='bbox 1464 723 1520 751; x_wconf 90' lang='lat' dir='ltr'><strong>imo</strong></span> <span class='ocrx_word' id='word_1_206' title='bbox 1547 732 1613 752; x_wconf 85' lang='lat' dir='ltr'><strong>vero</strong></span> <span class='ocrx_word' id='word_1_207' title='bbox 1631 732 1716 753; x_wconf 88' lang='lat' dir='ltr'><strong>suave</strong></span> <span class='ocrx_word' id='word_1_208' title='bbox 1740 733 1782 754; x_wconf 88' lang='lat' dir='ltr'><strong>est</strong></span> <span class='ocrx_word' id='word_1_209' title='bbox 1797 735 1813 754; x_wconf 86' lang='lat' dir='ltr'><strong>a</strong></span> 
     </span>
    </p>
   </div>
   <div class='ocr_carea' id='block_1_32' title="bbox 1024 763 1814 807">
    <p class='ocr_par' dir='ltr' id='par_1_32' title="bbox 1024 763 1814 807">
     <span class='ocr_line' id='line_1_32' title="bbox 1024 763 1814 807; baseline 0.013 -17"><span class='ocrx_word' id='word_1_210' title='bbox 1024 763 1219 793; x_wconf 81' lang='lat' dir='ltr'><strong>maledicentia</strong></span> <span class='ocrx_word' id='word_1_211' title='bbox 1251 770 1418 803; x_wconf 87' lang='lat' dir='ltr'><strong>temperare.</strong></span> <span class='ocrx_word' id='word_1_212' title='bbox 1449 768 1518 797; x_wconf 81' lang='lat' dir='ltr'><strong>Nam</strong></span> <span class='ocrx_word' id='word_1_213' title='bbox 1549 770 1597 805; x_wconf 93' lang='lat' dir='ltr'><strong>qui</strong></span> <span class='ocrx_word' id='word_1_214' title='bbox 1628 771 1664 799; x_wconf 89' lang='lat' dir='ltr'><strong>de</strong></span> <span class='ocrx_word' id='word_1_215' title='bbox 1694 772 1814 807; x_wconf 87' lang='lat' dir='ltr'><strong>alicujus</strong></span> 
     </span>
    </p>
   </div>
   <div class='ocr_carea' id='block_1_33' title="bbox 1025 808 1810 852">
    <p class='ocr_par' dir='ltr' id='par_1_33' title="bbox 1025 808 1810 852">
     <span class='ocr_line' id='line_1_33' title="bbox 1025 808 1810 852; baseline 0.013 -16"><span class='ocrx_word' id='word_1_216' title='bbox 1025 808 1097 837; x_wconf 87' lang='lat' dir='ltr'><strong>fama</strong></span> <span class='ocrx_word' id='word_1_217' title='bbox 1114 811 1245 845; x_wconf 83' lang='lat' dir='ltr'><strong>detraxit,</strong></span> <span class='ocrx_word' id='word_1_218' title='bbox 1263 813 1287 841; x_wconf 88' lang='lat' dir='ltr'><strong>is</strong></span> <span class='ocrx_word' id='word_1_219' title='bbox 1306 814 1438 851; x_wconf 84' lang='lat' dir='ltr'><strong>deinceps</strong></span> <span class='ocrx_word' id='word_1_220' title='bbox 1461 816 1487 842; x_wconf 95' lang='lat' dir='ltr'><strong>in</strong></span> <span class='ocrx_word' id='word_1_221' title='bbox 1506 820 1590 851; x_wconf 90' lang='lat' dir='ltr'><strong>metu,</strong></span> <span class='ocrx_word' id='word_1_222' title='bbox 1611 822 1639 845; x_wconf 89' lang='lat' dir='ltr'><strong>et</strong></span> <span class='ocrx_word' id='word_1_223' title='bbox 1657 818 1810 852; x_wconf 79' lang='lat' dir='ltr'><strong>anxietate,</strong></span> 
     </span>
    </p>
   </div>
   <div class='ocr_carea' id='block_1_34' title="bbox 185 857 1812 908">
    <p class='ocr_par' dir='ltr' id='par_1_34' title="bbox 185 857 1812 908">
     <span class='ocr_line' id='line_1_34' title="bbox 185 857 1812 908; baseline 0 -16"><span class='ocrx_word' id='word_1_224' title='bbox 185 869 213 892; x_wconf 84' lang='lat' dir='ltr'><strong>et</strong></span> <span class='ocrx_word' id='word_1_225' title='bbox 235 863 392 900; x_wconf 82' lang='lat' dir='ltr'><strong>suspicione</strong></span> <span class='ocrx_word' id='word_1_226' title='bbox 418 865 568 890; x_wconf 89' lang='lat' dir='ltr'><strong>versatur:</strong></span> <span class='ocrx_word' id='word_1_227' title='bbox 585 861 675 896; x_wconf 88' lang='lat' dir='ltr'><strong>ipsum</strong></span> <span class='ocrx_word' id='word_1_228' title='bbox 699 859 828 896; x_wconf 69' lang='lat' dir='ltr'><strong>ptenitet,</strong></span> <span class='ocrx_word' id='word_1_229' title='bbox 869 857 1051 892; x_wconf 80' lang='lat' dir='ltr'><strong>linguamque</strong></span> <span class='ocrx_word' id='word_1_230' title='bbox 1080 864 1159 908; x_wconf 60' lang='lat' dir='ltr'><strong>spem</strong></span> <span class='ocrx_word' id='word_1_231' title='bbox 1187 861 1367 895; x_wconf 88' lang='lat' dir='ltr'><strong>commordct,</strong></span> <span class='ocrx_word' id='word_1_232' title='bbox 1403 861 1587 890; x_wconf 80' lang='lat' dir='ltr'><strong>reformidans</strong></span> <span class='ocrx_word' id='word_1_233' title='bbox 1609 866 1636 891; x_wconf 83' lang='lat' dir='ltr'><strong>et</strong></span> <span class='ocrx_word' id='word_1_234' title='bbox 1663 871 1812 899; x_wconf 84' lang='lat' dir='ltr'><strong>pavescens</strong></span> 
     </span>
    </p>
   </div>
   <div class='ocr_carea' id='block_1_35' title="bbox 185 901 1332 944">
    <p class='ocr_par' dir='ltr' id='par_1_35' title="bbox 185 901 1332 944">
     <span class='ocr_line' id='line_1_35' title="bbox 185 901 1332 944; baseline -0.003 -7"><span class='ocrx_word' id='word_1_235' title='bbox 185 918 220 938; x_wconf 86' lang='lat' dir='ltr'><strong>ne</strong></span> <span class='ocrx_word' id='word_1_236' title='bbox 237 910 272 937; x_wconf 84' lang='lat' dir='ltr'><strong>ad</strong></span> <span class='ocrx_word' id='word_1_237' title='bbox 290 909 359 936; x_wconf 86' lang='lat' dir='ltr'><strong>alios</strong></span> <span class='ocrx_word' id='word_1_238' title='bbox 378 915 488 944; x_wconf 86' lang='lat' dir='ltr'><strong>quoque</strong></span> <span class='ocrx_word' id='word_1_239' title='bbox 503 907 527 935; x_wconf 89' lang='lat' dir='ltr'><strong>is</strong></span> <span class='ocrx_word' id='word_1_240' title='bbox 542 914 633 934; x_wconf 86' lang='lat' dir='ltr'><strong>sermo</strong></span> <span class='ocrx_word' id='word_1_241' title='bbox 649 909 770 937; x_wconf 83' lang='lat' dir='ltr'><strong>emanet,</strong></span> <span class='ocrx_word' id='word_1_242' title='bbox 786 909 972 939; x_wconf 80' lang='lat' dir='ltr'><strong>magnumque</strong></span> <span class='ocrx_word' id='word_1_243' title='bbox 987 901 1040 928; x_wconf 87' lang='lat' dir='ltr'><strong>sibi</strong></span> <span class='ocrx_word' id='word_1_244' title='bbox 1058 901 1210 937; x_wconf 86' lang='lat' dir='ltr'><strong>periculum</strong></span> <span class='ocrx_word' id='word_1_245' title='bbox 1230 909 1332 933; x_wconf 88' lang='lat' dir='ltr'><strong>struat.</strong></span> 
     </span>
    </p>
   </div>
   <div class='ocr_carea' id='block_1_36' title="bbox 221 948 974 992">
    <p class='ocr_par' dir='ltr' id='par_1_36' title="bbox 221 949 974 992">
     <span class='ocr_line' id='line_1_36' title="bbox 221 949 974 992; baseline -0.011 -8"><span class='ocrx_word' id='word_1_246' title='bbox 221 956 327 992; x_wconf 86' lang='grc' dir='ltr'>’Ὠσπερ</span> <span class='ocrx_word' id='word_1_247' title='bbox 353 956 384 983; x_wconf 79' lang='grc' dir='ltr'>τὸ</span> <span class='ocrx_word' id='word_1_248' title='bbox 407 954 497 986; x_wconf 85' lang='grc' dir='ltr'>καλῶς</span> <span class='ocrx_word' id='word_1_249' title='bbox 514 953 603 988; x_wconf 76' lang='grc' dir='ltr'>λέγειν</span> <span class='ocrx_word' id='word_1_250' title='bbox 629 953 675 980; x_wconf 73' lang='grc' dir='ltr'>καὶ</span> <span class='ocrx_word' id='word_1_251' title='bbox 691 951 875 987; x_wconf 71' lang='grc' dir='ltr'>ἐγκωμιάζειν</span> <span class='ocrx_word' id='word_1_252' title='bbox 905 949 974 985; x_wconf 80' lang='grc' dir='ltr'>ἁρχὴ</span> 
     </span>
    </p>
   </div>
   <div class='ocr_carea' id='block_1_37' title="bbox 1025 948 1814 992">
    <p class='ocr_par' dir='ltr' id='par_1_37' title="bbox 1065 948 1814 986">
     <span class='ocr_line' id='line_1_37' title="bbox 1065 948 1814 986; baseline 0.013 -10"><span class='ocrx_word' id='word_1_253' title='bbox 1065 948 1205 984; x_wconf 77' lang='lat' dir='ltr'><strong>Ejusdem.</strong></span> <span class='ocrx_word' id='word_1_254' title='bbox 1224 968 1257 974; x_wconf 93' lang='lat'><em>—</em></span> <span class='ocrx_word' id='word_1_255' title='bbox 1269 953 1507 986; x_wconf 86' lang='lat' dir='ltr'><strong>Quemadmodum</strong></span> <span class='ocrx_word' id='word_1_256' title='bbox 1525 955 1692 985; x_wconf 85' lang='lat' dir='ltr'><strong>benedicere</strong></span> <span class='ocrx_word' id='word_1_257' title='bbox 1713 962 1741 986; x_wconf 85' lang='lat' dir='ltr'><strong>et</strong></span> <span class='ocrx_word' id='word_1_258' title='bbox 1756 958 1814 986; x_wconf 90' lang='lat' dir='ltr'><strong>lau-</strong></span> 
     </span>
    </p>
   </div>
   <div class='ocr_carea' id='block_1_38' title="bbox 186 995 976 1039">
    <p class='ocr_par' dir='ltr' id='par_1_38' title="bbox 186 995 976 1039">
     <span class='ocr_line' id='line_1_38' title="bbox 186 995 976 1039; baseline -0.01 -9"><span class='ocrx_word' id='word_1_259' title='bbox 186 1002 278 1039; x_wconf 83' lang='grc' dir='ltr'>φιλίας</span> <span class='ocrx_word' id='word_1_260' title='bbox 292 1002 376 1034; x_wconf 72' lang='grc' dir='ltr'>ἐστὶν,</span> <span class='ocrx_word' id='word_1_261' title='bbox 396 1000 467 1028; x_wconf 80' lang='grc' dir='ltr'>οὓτω</span> <span class='ocrx_word' id='word_1_262' title='bbox 476 999 523 1026; x_wconf 67' lang='grc' dir='ltr'>καὶ</span> <span class='ocrx_word' id='word_1_263' title='bbox 533 998 563 1025; x_wconf 75' lang='grc' dir='ltr'><strong>τὸ</strong></span> <span class='ocrx_word' id='word_1_264' title='bbox 577 999 668 1031; x_wconf 84' lang='grc' dir='ltr'>κακῶς</span> <span class='ocrx_word' id='word_1_265' title='bbox 679 999 781 1033; x_wconf 80' lang='grc' dir='ltr'>λέγειν,</span> <span class='ocrx_word' id='word_1_266' title='bbox 803 998 849 1024; x_wconf 72' lang='grc' dir='ltr'>καὶ</span> <span class='ocrx_word' id='word_1_267' title='bbox 866 995 976 1023; x_wconf 77' lang='grc' dir='ltr'>διαϐάλ-</span> 
     </span>
    </p>
   </div>
   <div class='ocr_carea' id='block_1_39' title="bbox 187 1041 976 1084">
    <p class='ocr_par' dir='ltr' id='par_1_39' title="bbox 187 1041 976 1084">
     <span class='ocr_line' id='line_1_39' title="bbox 187 1041 976 1084; baseline -0.011 -8"><span class='ocrx_word' id='word_1_268' title='bbox 187 1050 244 1076; x_wconf 88' lang='grc' dir='ltr'>λειν</span> <span class='ocrx_word' id='word_1_269' title='bbox 268 1048 380 1084; x_wconf 79' lang='grc' dir='ltr'>ἔχθρας,</span> <span class='ocrx_word' id='word_1_270' title='bbox 406 1047 455 1074; x_wconf 72' lang='grc' dir='ltr'>καὶ</span> <span class='ocrx_word' id='word_1_271' title='bbox 492 1045 659 1081; x_wconf 82' lang='grc' dir='ltr'>ἀπεχθείας,</span> <span class='ocrx_word' id='word_1_272' title='bbox 681 1044 728 1072; x_wconf 80' lang='grc' dir='ltr'><strong>καὶ</strong></span> <span class='ocrx_word' id='word_1_273' title='bbox 753 1043 859 1080; x_wconf 84' lang='grc' dir='ltr'>μυρίων</span> <span class='ocrx_word' id='word_1_274' title='bbox 883 1041 976 1069; x_wconf 84' lang='grc' dir='ltr'>κακῶν</span> 
     </span>
    </p>
   </div>
   <div class='ocr_carea' id='block_1_40' title="bbox 186 1092 595 1130">
    <p class='ocr_par' dir='ltr' id='par_1_40' title="bbox 186 1092 595 1130">
     <span class='ocr_line' id='line_1_40' title="bbox 186 1092 595 1130; baseline -0.007 -9"><span class='ocrx_word' id='word_1_275' title='bbox 186 1094 258 1130; x_wconf 80' lang='grc' dir='ltr'>ἁρχὴ</span> <span class='ocrx_word' id='word_1_276' title='bbox 272 1094 319 1120; x_wconf 72' lang='grc' dir='ltr'>καὶ</span> <span class='ocrx_word' id='word_1_277' title='bbox 335 1092 461 1124; x_wconf 78' lang='grc' dir='ltr'>ὑπόθεσις</span> <span class='ocrx_word' id='word_1_278' title='bbox 474 1093 595 1127; x_wconf 79' lang='grc' dir='ltr'>γέγονεν.</span> 
     </span>
    </p>
   </div>
   <div class='ocr_carea' id='block_1_41' title="bbox 222 1133 976 1173">
    <p class='ocr_par' dir='ltr' id='par_1_41' title="bbox 222 1133 976 1173">
     <span class='ocr_line' id='line_1_41' title="bbox 222 1133 976 1173; baseline -0.008 -7"><span class='ocrx_word' id='word_1_279' title='bbox 222 1139 357 1172; x_wconf 78' lang='grc' dir='ltr'>Διάΰολοι,</span> <span class='ocrx_word' id='word_1_280' title='bbox 375 1139 422 1166; x_wconf 74' lang='grc' dir='ltr'>καὶ</span> <span class='ocrx_word' id='word_1_281' title='bbox 444 1138 520 1170; x_wconf 83' lang='grc' dir='ltr'>θείας</span> <span class='ocrx_word' id='word_1_282' title='bbox 546 1137 722 1173; x_wconf 81' lang='grc' dir='ltr'>ἀπόπεμπτοι</span> <span class='ocrx_word' id='word_1_283' title='bbox 745 1135 867 1172; x_wconf 76' lang='grc' dir='ltr'>χάριτος,</span> <span class='ocrx_word' id='word_1_284' title='bbox 883 1135 907 1161; x_wconf 81' lang='grc' dir='ltr'><strong>οἱ</strong></span> <span class='ocrx_word' id='word_1_285' title='bbox 927 1133 976 1169; x_wconf 81' lang='grc' dir='ltr'><strong>τὴν</strong></span> 
     </span>
    </p>
   </div>
   <div class='ocr_carea' id='block_1_42' title="bbox 187 1174 975 1221">
    <p class='ocr_par' dir='ltr' id='par_1_42' title="bbox 187 1174 975 1221">
     <span class='ocr_line' id='line_1_42' title="bbox 187 1174 975 1221; baseline -0.009 -9"><span class='ocrx_word' id='word_1_286' title='bbox 187 1185 272 1221; x_wconf 73' lang='grc' dir='ltr'>αὐτὴν</span> <span class='ocrx_word' id='word_1_287' title='bbox 293 1174 394 1220; x_wconf 47' lang='grc' dir='ltr'>’ἐκείνῳ</span> <span class='ocrx_word' id='word_1_288' title='bbox 416 1183 574 1218; x_wconf 76' lang='grc' dir='ltr'>διαϐολικὴν</span> <span class='ocrx_word' id='word_1_289' title='bbox 603 1182 746 1213; x_wconf 79' lang='grc' dir='ltr'>νοσοῦντες</span> <span class='ocrx_word' id='word_1_290' title='bbox 777 1179 975 1215; x_wconf 73' lang='grc' dir='ltr'>κακοτεχνίαν,</span> 
     </span>
    </p>
   </div>
   <div class='ocr_carea' id='block_1_43' title="bbox 187 1224 976 1264">
    <p class='ocr_par' dir='ltr' id='par_1_43' title="bbox 187 1224 976 1264">
     <span class='ocr_line' id='line_1_43' title="bbox 187 1224 976 1264; baseline -0.009 -7"><span class='ocrx_word' id='word_1_291' title='bbox 187 1231 343 1264; x_wconf 79' lang='grc' dir='ltr'>θεοστυγεῖς</span> <span class='ocrx_word' id='word_1_292' title='bbox 357 1238 386 1255; x_wconf 88' lang='grc' dir='ltr'><strong>τε</strong></span> <span class='ocrx_word' id='word_1_293' title='bbox 400 1229 447 1256; x_wconf 66' lang='grc' dir='ltr'>καὶ</span> <span class='ocrx_word' id='word_1_294' title='bbox 457 1229 593 1263; x_wconf 87' lang='grc' dir='ltr'>θεομισεῖς</span> <span class='ocrx_word' id='word_1_295' title='bbox 608 1227 711 1262; x_wconf 83' lang='grc' dir='ltr'>πάντη,</span> <span class='ocrx_word' id='word_1_296' title='bbox 727 1227 776 1253; x_wconf 79' lang='grc' dir='ltr'>καὶ</span> <span class='ocrx_word' id='word_1_297' title='bbox 788 1225 878 1261; x_wconf 83' lang='grc' dir='ltr'>πάσης</span> <span class='ocrx_word' id='word_1_298' title='bbox 889 1224 976 1251; x_wconf 84' lang='grc' dir='ltr'>εὐδαι-</span> 
     </span>
    </p>
   </div>
   <div class='ocr_carea' id='block_1_44' title="bbox 188 1274 924 1323">
    <p class='ocr_par' dir='ltr' id='par_1_44' title="bbox 188 1274 924 1323">
     <span class='ocr_line' id='line_1_44' title="bbox 188 1274 924 1323; baseline 0.035 -22"><span class='ocrx_word' id='word_1_299' title='bbox 188 1276 281 1311; x_wconf 90' lang='grc' dir='ltr'>μονίας</span> <span class='ocrx_word' id='word_1_300' title='bbox 295 1274 438 1309; x_wconf 79' lang='grc' dir='ltr'>ἀλλότριοι·</span> <span class='ocrx_word' id='word_1_301' title='bbox 527 1318 540 1323; x_wconf 96' lang='lat'><strong>_</strong></span> <span class='ocrx_word' id='word_1_302' title='bbox 606 1284 623 1323; x_wconf 38' lang='grc' dir='ltr'><em>ς</em></span> <span class='ocrx_word' id='word_1_303' title='bbox 733 1316 742 1323; x_wconf 76' lang='grc'>.</span> <span class='ocrx_word' id='word_1_304' title='bbox 764 1316 775 1323; x_wconf 91' lang='grc'>.</span> <span class='ocrx_word' id='word_1_305' title='bbox 817 1316 823 1323; x_wconf 88' lang='lat'><strong>.</strong></span> <span class='ocrx_word' id='word_1_306' title='bbox 883 1315 888 1323; x_wconf 80' lang='grc' dir='ltr'><strong>ι</strong></span> <span class='ocrx_word' id='word_1_307' title='bbox 909 1311 924 1323; x_wconf 60' lang='grc' dir='ltr'><strong>ν</strong></span> 
     </span>
    </p>
   </div>
   <div class='ocr_carea' id='block_1_45' title="bbox 185 1315 974 1357">
    <p class='ocr_par' dir='ltr' id='par_1_45' title="bbox 185 1315 974 1357">
     <span class='ocr_line' id='line_1_45' title="bbox 185 1315 974 1357; baseline -0.008 -10"><span class='ocrx_word' id='word_1_308' title='bbox 185 1326 200 1357; x_wconf 55' lang='grc' dir='ltr'>ε</span> <span class='ocrx_word' id='word_1_309' title='bbox 220 1320 252 1347; x_wconf 85' lang='grc' dir='ltr'>Τί</span> <span class='ocrx_word' id='word_1_310' title='bbox 264 1320 298 1348; x_wconf 80' lang='grc' dir='ltr'><strong>ἂν</strong></span> <span class='ocrx_word' id='word_1_311' title='bbox 311 1320 419 1355; x_wconf 80' lang='grc' dir='ltr'>γένοιτο</span> <span class='ocrx_word' id='word_1_312' title='bbox 434 1318 559 1355; x_wconf 81' lang='grc' dir='ltr'>διαϐολῆς</span> <span class='ocrx_word' id='word_1_313' title='bbox 574 1319 679 1354; x_wconf 84' lang='grc' dir='ltr'>χεῖρον;</span> <span class='ocrx_word' id='word_1_314' title='bbox 698 1316 775 1353; x_wconf 80' lang='grc' dir='ltr'>κηλεῖ</span> <span class='ocrx_word' id='word_1_315' title='bbox 794 1316 849 1351; x_wconf 82' lang='grc' dir='ltr'>γὰρ</span> <span class='ocrx_word' id='word_1_316' title='bbox 860 1315 895 1342; x_wconf 85' lang='grc' dir='ltr'>τὰ</span> <span class='ocrx_word' id='word_1_317' title='bbox 907 1315 974 1347; x_wconf 82' lang='grc' dir='ltr'>ὦτα,</span> 
     </span>
    </p>
   </div>
   <div class='ocr_carea' id='block_1_46' title="bbox 187 1362 976 1401">
    <p class='ocr_par' dir='ltr' id='par_1_46' title="bbox 187 1362 976 1401">
     <span class='ocr_line' id='line_1_46' title="bbox 187 1362 976 1401; baseline -0.008 -7"><span class='ocrx_word' id='word_1_318' title='bbox 187 1369 234 1395; x_wconf 74' lang='grc' dir='ltr'>καὶ</span> <span class='ocrx_word' id='word_1_319' title='bbox 251 1367 396 1401; x_wconf 76' lang='grc' dir='ltr'>ἐκπλήττει</span> <span class='ocrx_word' id='word_1_320' title='bbox 406 1366 455 1401; x_wconf 81' lang='grc' dir='ltr'>τὴν</span> <span class='ocrx_word' id='word_1_321' title='bbox 469 1366 588 1392; x_wconf 80' lang='grc' dir='ltr'>διάνοιαν</span> <span class='ocrx_word' id='word_1_322' title='bbox 600 1365 655 1392; x_wconf 80' lang='grc' dir='ltr'><strong>τῶν</strong></span> <span class='ocrx_word' id='word_1_323' title='bbox 671 1363 826 1400; x_wconf 79' lang='grc' dir='ltr'>ἀκροατῶν,</span> <span class='ocrx_word' id='word_1_324' title='bbox 852 1362 976 1397; x_wconf 71' lang='grc' dir='ltr'>ἐκθηριοῖ</span> 
     </span>
    </p>
   </div>
   <div class='ocr_carea' id='block_1_47' title="bbox 186 1408 975 1447">
    <p class='ocr_par' dir='ltr' id='par_1_47' title="bbox 186 1408 975 1447">
     <span class='ocr_line' id='line_1_47' title="bbox 186 1408 975 1447; baseline -0.008 -7"><span class='ocrx_word' id='word_1_325' title='bbox 186 1415 214 1441; x_wconf 78' lang='grc' dir='ltr'><strong>δὲ</strong></span> <span class='ocrx_word' id='word_1_326' title='bbox 230 1413 329 1444; x_wconf 77' lang='grc' dir='ltr'>αὐτοὺς</span> <span class='ocrx_word' id='word_1_327' title='bbox 341 1409 397 1439; x_wconf 74' lang='grc' dir='ltr'>οἷόν</span> <span class='ocrx_word' id='word_1_328' title='bbox 412 1421 438 1438; x_wconf 87' lang='grc' dir='ltr'><strong>τι</strong></span> <span class='ocrx_word' id='word_1_329' title='bbox 454 1412 567 1447; x_wconf 83' lang='grc' dir='ltr'>θήραμα</span> <span class='ocrx_word' id='word_1_330' title='bbox 580 1413 637 1443; x_wconf 82' lang='grc' dir='ltr'>τοῖς</span> <span class='ocrx_word' id='word_1_331' title='bbox 648 1411 742 1442; x_wconf 85' lang='grc' dir='ltr'>κακοῖς</span> <span class='ocrx_word' id='word_1_332' title='bbox 757 1409 801 1437; x_wconf 78' lang='grc' dir='ltr'><strong>ἀεὶ</strong></span> <span class='ocrx_word' id='word_1_333' title='bbox 816 1408 975 1444; x_wconf 77' lang='grc' dir='ltr'>ἐφεδρεύον-</span> 
     </span>
    </p>
   </div>
   <div class='ocr_carea' id='block_1_48' title="bbox 187 1451 975 1494">
    <p class='ocr_par' dir='ltr' id='par_1_48' title="bbox 187 1451 975 1494">
     <span class='ocr_line' id='line_1_48' title="bbox 187 1451 975 1494; baseline -0.011 -7"><span class='ocrx_word' id='word_1_334' title='bbox 187 1469 246 1492; x_wconf 90' lang='grc' dir='ltr'>τας.</span> <span class='ocrx_word' id='word_1_335' title='bbox 259 1460 290 1486; x_wconf 89' lang='lat' dir='ltr'><strong>Ol</strong></span> <span class='ocrx_word' id='word_1_336' title='bbox 300 1459 329 1485; x_wconf 78' lang='grc' dir='ltr'>δὲ</span> <span class='ocrx_word' id='word_1_337' title='bbox 341 1458 380 1494; x_wconf 84' lang='grc' dir='ltr'>τῷ</span> <span class='ocrx_word' id='word_1_338' title='bbox 401 1458 520 1492; x_wconf 83' lang='grc' dir='ltr'>σώφρονι</span> <span class='ocrx_word' id='word_1_339' title='bbox 539 1455 661 1491; x_wconf 81' lang='grc' dir='ltr'>λογισμῷ</span> <span class='ocrx_word' id='word_1_340' title='bbox 681 1455 754 1490; x_wconf 85' lang='grc' dir='ltr'>μάλα</span> <span class='ocrx_word' id='word_1_341' title='bbox 781 1451 975 1489; x_wconf 80' lang='grc' dir='ltr'>ὲρματισμένοι</span> 
     </span>
    </p>
   </div>
   <div class='ocr_carea' id='block_1_49' title="bbox 187 1498 976 1538">
    <p class='ocr_par' dir='ltr' id='par_1_49' title="bbox 187 1498 976 1538">
     <span class='ocr_line' id='line_1_49' title="bbox 187 1498 976 1538; baseline -0.01 -7"><span class='ocrx_word' id='word_1_342' title='bbox 187 1505 234 1532; x_wconf 84' lang='grc' dir='ltr'>καὶ</span> <span class='ocrx_word' id='word_1_343' title='bbox 257 1502 501 1538; x_wconf 79' lang='grc' dir='ltr'>ὰναχαιτιζόμενοι,</span> <span class='ocrx_word' id='word_1_344' title='bbox 525 1501 564 1538; x_wconf 78' lang='grc' dir='ltr'>τῷ</span> <span class='ocrx_word' id='word_1_345' title='bbox 585 1501 754 1528; x_wconf 81' lang='grc' dir='ltr'>διαϐάλλοντι</span> <span class='ocrx_word' id='word_1_346' title='bbox 783 1498 976 1533; x_wconf 79' lang='grc' dir='ltr'>ἀπεχθαίνουσι</span> 
     </span>
    </p>
   </div>
   <div class='ocr_carea' id='block_1_50' title="bbox 188 1542 976 1585">
    <p class='ocr_par' dir='ltr' id='par_1_50' title="bbox 188 1542 976 1585">
     <span class='ocr_line' id='line_1_50' title="bbox 188 1542 976 1585; baseline -0.009 -9"><span class='ocrx_word' id='word_1_347' title='bbox 188 1550 315 1585; x_wconf 82' lang='grc' dir='ltr'>μάλιστα,</span> <span class='ocrx_word' id='word_1_348' title='bbox 341 1548 356 1582; x_wconf 86' lang='grc' dir='ltr'>ἢ</span> <span class='ocrx_word' id='word_1_349' title='bbox 382 1547 420 1582; x_wconf 86' lang='grc' dir='ltr'>τῷ</span> <span class='ocrx_word' id='word_1_350' title='bbox 438 1547 654 1582; x_wconf 77' lang='grc' dir='ltr'>διαδεϐλημένῳ,</span> <span class='ocrx_word' id='word_1_351' title='bbox 691 1544 904 1580; x_wconf 78' lang='grc' dir='ltr'>ἐπιτιμήσαντες</span> <span class='ocrx_word' id='word_1_352' title='bbox 927 1542 976 1569; x_wconf 77' lang='grc' dir='ltr'><strong>καὶ</strong></span> 
     </span>
    </p>
   </div>
   <div class='ocr_carea' id='block_1_51' title="bbox 186 1588 1009 1642">
    <p class='ocr_par' dir='ltr' id='par_1_51' title="bbox 186 1588 1009 1642">
     <span class='ocr_line' id='line_1_51' title="bbox 186 1588 1009 1642; baseline -0.009 -20"><span class='ocrx_word' id='word_1_353' title='bbox 186 1595 411 1629; x_wconf 76' lang='grc' dir='ltr'>ἑπιστομίσαντες</span> <span class='ocrx_word' id='word_1_354' title='bbox 425 1594 484 1624; x_wconf 86' lang='grc' dir='ltr'>ταῖς</span> <span class='ocrx_word' id='word_1_355' title='bbox 499 1592 568 1627; x_wconf 76' lang='grc' dir='ltr'>πρὸς</span> <span class='ocrx_word' id='word_1_356' title='bbox 587 1591 694 1642; x_wconf 51' lang='grc' dir='ltr'>μέμψιν,</span> <span class='ocrx_word' id='word_1_357' title='bbox 707 1591 816 1625; x_wconf 84' lang='grc' dir='ltr'>ὁρμαῖς,</span> <span class='ocrx_word' id='word_1_358' title='bbox 837 1589 917 1624; x_wconf 83' lang='grc' dir='ltr'>ἄχρις</span> <span class='ocrx_word' id='word_1_359' title='bbox 940 1588 974 1616; x_wconf 79' lang='grc' dir='ltr'>ἂν</span> <span class='ocrx_word' id='word_1_360' title='bbox 987 1612 1009 1642; x_wconf 73' lang='lat' dir='ltr'><strong>C</strong></span> 
     </span>
    </p>
   </div>
   <div class='ocr_carea' id='block_1_52' title="bbox 186 1635 785 1677">
    <p class='ocr_par' dir='ltr' id='par_1_52' title="bbox 186 1635 785 1677">
     <span class='ocr_line' id='line_1_52' title="bbox 186 1635 785 1677; baseline -0.003 -13"><span class='ocrx_word' id='word_1_361' title='bbox 186 1641 304 1677; x_wconf 73' lang='grc' dir='ltr'>ἐναργὴς</span> <span class='ocrx_word' id='word_1_362' title='bbox 327 1639 468 1677; x_wconf 83' lang='grc' dir='ltr'>μαρτυρίῳ</span> <span class='ocrx_word' id='word_1_363' title='bbox 482 1639 499 1674; x_wconf 82' lang='grc' dir='ltr'>ἡ</span> <span class='ocrx_word' id='word_1_364' title='bbox 516 1636 651 1668; x_wconf 77' lang='grc' dir='ltr'>ἀπόδειξις</span> <span class='ocrx_word' id='word_1_365' title='bbox 664 1635 785 1671; x_wconf 85' lang='grc' dir='ltr'>γένηται.</span> 
     </span>
    </p>
   </div>
   <div class='ocr_carea' id='block_1_53' title="bbox 187 1747 974 1784">
    <p class='ocr_par' dir='ltr' id='par_1_53' title="bbox 187 1747 974 1784">
     <span class='ocr_line' id='line_1_53' title="bbox 187 1747 974 1784; baseline -0.004 -6"><span class='ocrx_word' id='word_1_366' title='bbox 187 1751 279 1778; x_wconf 82' lang='grc' dir='ltr'><strong>ΤΙΤΛ.</strong></span> <span class='ocrx_word' id='word_1_367' title='bbox 294 1751 344 1778; x_wconf 86' lang='lat' dir='ltr'><strong>II&quot;.</strong></span> <span class='ocrx_word' id='word_1_368' title='bbox 358 1765 392 1771; x_wconf 90' lang='lat'>—</span> <span class='ocrx_word' id='word_1_369' title='bbox 406 1749 477 1784; x_wconf 80' lang='grc' dir='ltr'>Περὶ</span> <span class='ocrx_word' id='word_1_370' title='bbox 496 1749 662 1784; x_wconf 77' lang='grc' dir='ltr'>διηγήσεως</span> <span class='ocrx_word' id='word_1_371' title='bbox 677 1748 738 1777; x_wconf 82' lang='grc' dir='ltr'><strong>ὑπὸ</strong></span> <span class='ocrx_word' id='word_1_372' title='bbox 761 1747 898 1784; x_wconf 75' lang='grc' dir='ltr'>συνετῶν</span> <span class='ocrx_word' id='word_1_373' title='bbox 923 1749 974 1776; x_wconf 78' lang='grc' dir='ltr'><strong>ἀν-</strong></span> 
     </span>
    </p>
   </div>
   <div class='ocr_carea' id='block_1_54' title="bbox 222 1783 974 1821">
    <p class='ocr_par' dir='ltr' id='par_1_54' title="bbox 222 1783 974 1821">
     <span class='ocr_line' id='line_1_54' title="bbox 222 1783 974 1821; baseline -0.004 -8"><span class='ocrx_word' id='word_1_374' title='bbox 222 1787 344 1820; x_wconf 84' lang='grc' dir='ltr'>θρώπων</span> <span class='ocrx_word' id='word_1_375' title='bbox 369 1783 528 1821; x_wconf 63' lang='grc' dir='ltr'>γινομένης</span> <span class='ocrx_word' id='word_1_376' title='bbox 543 1792 550 1799; x_wconf 91' lang='grc'>·</span> <span class='ocrx_word' id='word_1_377' title='bbox 571 1783 691 1821; x_wconf 52' lang='lat' dir='ltr'><strong>statim.</strong></span> <span class='ocrx_word' id='word_1_378' title='bbox 710 1783 768 1821; x_wconf 76' lang='grc' dir='ltr'>χρὴ</span> <span class='ocrx_word' id='word_1_379' title='bbox 788 1783 974 1821; x_wconf 67' lang='grc' dir='ltr'>σπουδαίους</span> 
     </span>
    </p>
   </div>
   <div class='ocr_carea' id='block_1_55' title="bbox 221 1819 975 1859">
    <p class='ocr_par' dir='ltr' id='par_1_55' title="bbox 221 1819 975 1859">
     <span class='ocr_line' id='line_1_55' title="bbox 221 1819 975 1859; baseline -0.005 -10"><span class='ocrx_word' id='word_1_380' title='bbox 221 1819 392 1859; x_wconf 24' lang='grc' dir='ltr'>εἶναιᾼὴμίῖς</span> <span class='ocrx_word' id='word_1_381' title='bbox 403 1819 469 1859; x_wconf 52' lang='grc' dir='ltr'>περζ</span> <span class='ocrx_word' id='word_1_382' title='bbox 489 1819 542 1859; x_wconf 54' lang='lat' dir='ltr'><strong>fit;</strong></span> <span class='ocrx_word' id='word_1_383' title='bbox 555 1819 693 1859; x_wconf 64' lang='grc' dir='ltr'>τοιᾳύςας</span> <span class='ocrx_word' id='word_1_384' title='bbox 708 1819 876 1854; x_wconf 72' lang='grc' dir='ltr'>ἀκροάσεις,</span> <span class='ocrx_word' id='word_1_385' title='bbox 902 1819 975 1846; x_wconf 80' lang='grc' dir='ltr'>ἀπο-</span> 
     </span>
    </p>
   </div>
   <div class='ocr_carea' id='block_1_56' title="bbox 222 1854 726 1891">
    <p class='ocr_par' dir='ltr' id='par_1_56' title="bbox 222 1854 726 1891">
     <span class='ocr_line' id='line_1_56' title="bbox 222 1854 726 1891; baseline -0.01 -7"><span class='ocrx_word' id='word_1_386' title='bbox 222 1854 395 1891; x_wconf 68' lang='grc' dir='ltr'>διδράσκειν</span> <span class='ocrx_word' id='word_1_387' title='bbox 406 1855 439 1881; x_wconf 82' lang='grc' dir='ltr'><strong>δὲ</strong></span> <span class='ocrx_word' id='word_1_388' title='bbox 453 1854 588 1888; x_wconf 80' lang='grc' dir='ltr'>ἀνοήτων</span> <span class='ocrx_word' id='word_1_389' title='bbox 598 1854 726 1888; x_wconf 80' lang='grc' dir='ltr'>ἀνδρῶν.</span> 
     </span>
    </p>
   </div>
   <div class='ocr_carea' id='block_1_57' title="bbox 226 1909 974 1948">
    <p class='ocr_par' dir='ltr' id='par_1_57' title="bbox 226 1909 974 1948">
     <span class='ocr_line' id='line_1_57' title="bbox 226 1909 974 1948; baseline -0.007 -8"><span class='ocrx_word' id='word_1_390' title='bbox 226 1923 235 1939; x_wconf 83' lang='grc'><strong><em>‹</em></strong></span> <span class='ocrx_word' id='word_1_391' title='bbox 254 1912 424 1948; x_wconf 84' lang='grc' dir='ltr'>Διηγήσαντό</span> <span class='ocrx_word' id='word_1_392' title='bbox 442 1920 488 1947; x_wconf 85' lang='grc' dir='ltr'><strong>μοι</strong></span> <span class='ocrx_word' id='word_1_393' title='bbox 503 1911 656 1946; x_wconf 81' lang='grc' dir='ltr'>παράνομοι</span> <span class='ocrx_word' id='word_1_394' title='bbox 672 1909 839 1946; x_wconf 82' lang='grc' dir='ltr'>ἀδολεσχίας,</span> <span class='ocrx_word' id='word_1_395' title='bbox 850 1909 908 1937; x_wconf 86' lang='grc' dir='ltr'>ἀλλ’</span> <span class='ocrx_word' id='word_1_396' title='bbox 925 1909 974 1944; x_wconf 86' lang='grc' dir='ltr'>οὐχ</span> 
     </span>
    </p>
   </div>
   <div class='ocr_carea' id='block_1_58' title="bbox 186 1959 561 1993">
    <p class='ocr_par' dir='ltr' id='par_1_58' title="bbox 186 1959 561 1993">
     <span class='ocr_line' id='line_1_58' title="bbox 186 1959 561 1993; baseline -0.005 -7"><span class='ocrx_word' id='word_1_397' title='bbox 186 1959 224 1991; x_wconf 83' lang='grc' dir='ltr'>ὼς</span> <span class='ocrx_word' id='word_1_398' title='bbox 236 1959 251 1986; x_wconf 84' lang='grc' dir='ltr'>ὁ</span> <span class='ocrx_word' id='word_1_399' title='bbox 265 1959 346 1993; x_wconf 84' lang='grc' dir='ltr'>νόμος</span> <span class='ocrx_word' id='word_1_400' title='bbox 362 1966 420 1990; x_wconf 85' lang='grc' dir='ltr'>σου,</span> <span class='ocrx_word' id='word_1_401' title='bbox 439 1959 535 1993; x_wconf 81' lang='grc' dir='ltr'>Κύριε.</span> <span class='ocrx_word' id='word_1_402' title='bbox 552 1966 561 1983; x_wconf 75' lang='grc' dir='ltr'><strong>ι</strong></span> 
     </span>
    </p>
   </div>
   <div class='ocr_carea' id='block_1_59' title="bbox 225 2001 975 2039">
    <p class='ocr_par' dir='ltr' id='par_1_59' title="bbox 225 2001 975 2039">
     <span class='ocr_line' id='line_1_59' title="bbox 225 2001 975 2039; baseline -0.004 -8"><span class='ocrx_word' id='word_1_403' title='bbox 225 2014 234 2031; x_wconf 80' lang='grc' dir='ltr'><strong>ι</strong></span> <span class='ocrx_word' id='word_1_404' title='bbox 252 2005 349 2039; x_wconf 83' lang='grc' dir='ltr'>Λόγοις</span> <span class='ocrx_word' id='word_1_405' title='bbox 365 2003 454 2038; x_wconf 84' lang='grc' dir='ltr'>σοφῶν</span> <span class='ocrx_word' id='word_1_406' title='bbox 466 2003 607 2038; x_wconf 77' lang='grc' dir='ltr'>παράϐαλέ</span> <span class='ocrx_word' id='word_1_407' title='bbox 620 2011 666 2029; x_wconf 86' lang='grc' dir='ltr'><strong>σου</strong></span> <span class='ocrx_word' id='word_1_408' title='bbox 685 2003 731 2029; x_wconf 74' lang='grc' dir='ltr'>τὸν</span> <span class='ocrx_word' id='word_1_409' title='bbox 744 2002 815 2030; x_wconf 86' lang='grc' dir='ltr'>νοῦν.</span> <span class='ocrx_word' id='word_1_410' title='bbox 828 2011 837 2028; x_wconf 76' lang='grc' dir='ltr'><strong>ι</strong></span> <span class='ocrx_word' id='word_1_411' title='bbox 850 2017 885 2022; x_wconf 93' lang='grc'><strong><em>-</em></strong></span> <span class='ocrx_word' id='word_1_412' title='bbox 900 2011 909 2027; x_wconf 75' lang='grc' dir='ltr'><strong>ι</strong></span> <span class='ocrx_word' id='word_1_413' title='bbox 922 2001 975 2029; x_wconf 91' lang='grc' dir='ltr'><strong>Λα-</strong></span> 
     </span>
    </p>
   </div>
   <div class='ocr_carea' id='block_1_60' title="bbox 187 2050 600 2085">
    <p class='ocr_par' dir='ltr' id='par_1_60' title="bbox 187 2050 600 2085">
     <span class='ocr_line' id='line_1_60' title="bbox 187 2050 600 2085; baseline -0.005 -7"><span class='ocrx_word' id='word_1_414' title='bbox 187 2051 270 2083; x_wconf 81' lang='grc' dir='ltr'>λεῖτε,</span> <span class='ocrx_word' id='word_1_415' title='bbox 282 2051 430 2085; x_wconf 80' lang='grc' dir='ltr'>ἄνθρωποι,</span> <span class='ocrx_word' id='word_1_416' title='bbox 444 2050 558 2081; x_wconf 84' lang='grc' dir='ltr'>δικαίοις</span> <span class='ocrx_word' id='word_1_417' title='bbox 567 2057 574 2064; x_wconf 81' lang='grc'>⁶</span> <span class='ocrx_word' id='word_1_418' title='bbox 591 2058 600 2075; x_wconf 80' lang='grc' dir='ltr'><strong>ι</strong></span> 
     </span>
    </p>
   </div>
   <div class='ocr_carea' id='block_1_61' title="bbox 226 2138 974 2176">
    <p class='ocr_par' dir='ltr' id='par_1_61' title="bbox 226 2138 974 2176">
     <span class='ocr_line' id='line_1_61' title="bbox 226 2138 974 2176; baseline -0.003 -9"><span class='ocrx_word' id='word_1_419' title='bbox 226 2150 235 2166; x_wconf 75' lang='grc' dir='ltr'><strong>ε</strong></span> <span class='ocrx_word' id='word_1_420' title='bbox 245 2140 294 2176; x_wconf 77' lang='grc' dir='ltr'><strong>Μὴ</strong></span> <span class='ocrx_word' id='word_1_421' title='bbox 308 2140 417 2174; x_wconf 78' lang='grc' dir='ltr'>αστόχει</span> <span class='ocrx_word' id='word_1_422' title='bbox 431 2138 598 2175; x_wconf 83' lang='grc' dir='ltr'>διηγήματος</span> <span class='ocrx_word' id='word_1_423' title='bbox 614 2140 748 2175; x_wconf 79' lang='grc' dir='ltr'>γερόντων</span> <span class='ocrx_word' id='word_1_424' title='bbox 759 2147 767 2155; x_wconf 90' lang='grc'><strong>·</strong></span> <span class='ocrx_word' id='word_1_425' title='bbox 795 2139 842 2166; x_wconf 76' lang='grc' dir='ltr'>καὶ</span> <span class='ocrx_word' id='word_1_426' title='bbox 858 2139 912 2175; x_wconf 80' lang='grc' dir='ltr'>γὰρ</span> <span class='ocrx_word' id='word_1_427' title='bbox 924 2139 974 2165; x_wconf 76' lang='grc' dir='ltr'><strong>αὗ-</strong></span> 
     </span>
    </p>
   </div>
   <div class='ocr_carea' id='block_1_62' title="bbox 186 2185 785 2222">
    <p class='ocr_par' dir='ltr' id='par_1_62' title="bbox 186 2185 785 2222">
     <span class='ocr_line' id='line_1_62' title="bbox 186 2185 785 2222; baseline -0.003 -9"><span class='ocrx_word' id='word_1_428' title='bbox 186 2186 227 2213; x_wconf 58' lang='lat' dir='ltr'><strong>eo!</strong></span> <span class='ocrx_word' id='word_1_429' title='bbox 237 2186 338 2222; x_wconf 79' lang='grc' dir='ltr'>ἔμαθον</span> <span class='ocrx_word' id='word_1_430' title='bbox 354 2187 431 2221; x_wconf 82' lang='grc' dir='ltr'>παρὰ</span> <span class='ocrx_word' id='word_1_431' title='bbox 449 2187 503 2213; x_wconf 88' lang='grc' dir='ltr'><strong>τῶν</strong></span> <span class='ocrx_word' id='word_1_432' title='bbox 521 2186 645 2221; x_wconf 78' lang='grc' dir='ltr'>πατέρων</span> <span class='ocrx_word' id='word_1_433' title='bbox 658 2185 758 2212; x_wconf 73' lang='grc' dir='ltr'>αὐτῶν.</span> <span class='ocrx_word' id='word_1_434' title='bbox 777 2195 785 2211; x_wconf 79' lang='grc' dir='ltr'><strong>ι</strong></span> 
     </span>
    </p>
   </div>
   <div class='ocr_carea' id='block_1_63' title="bbox 225 2231 717 2268">
    <p class='ocr_par' dir='ltr' id='par_1_63' title="bbox 225 2231 717 2268">
     <span class='ocr_line' id='line_1_63' title="bbox 225 2231 717 2268; baseline 0 -11"><span class='ocrx_word' id='word_1_435' title='bbox 225 2241 234 2257; x_wconf 70' lang='grc' dir='ltr'>ί</span> <span class='ocrx_word' id='word_1_436' title='bbox 246 2233 376 2268; x_wconf 82' lang='grc' dir='ltr'>Διήγησις</span> <span class='ocrx_word' id='word_1_437' title='bbox 390 2232 481 2268; x_wconf 83' lang='grc' dir='ltr'>μωροῦ</span> <span class='ocrx_word' id='word_1_438' title='bbox 495 2231 693 2267; x_wconf 82' lang='grc' dir='ltr'>προσόχοισμα.</span> <span class='ocrx_word' id='word_1_439' title='bbox 708 2240 717 2256; x_wconf 76' lang='grc' dir='ltr'><strong>ι</strong></span> 
     </span>
    </p>
   </div>
   <div class='ocr_carea' id='block_1_64' title="bbox 225 2319 972 2357">
    <p class='ocr_par' dir='ltr' id='par_1_64' title="bbox 225 2319 972 2357">
     <span class='ocr_line' id='line_1_64' title="bbox 225 2319 972 2357; baseline -0.001 -10"><span class='ocrx_word' id='word_1_440' title='bbox 225 2330 234 2346; x_wconf 72' lang='grc' dir='ltr'><strong>ε</strong></span> <span class='ocrx_word' id='word_1_441' title='bbox 249 2320 295 2357; x_wconf 87' lang='grc' dir='ltr'><strong>Μὴ</strong></span> <span class='ocrx_word' id='word_1_442' title='bbox 307 2320 421 2356; x_wconf 84' lang='grc' dir='ltr'>παρίδῃς</span> <span class='ocrx_word' id='word_1_443' title='bbox 440 2320 562 2356; x_wconf 85' lang='grc' dir='ltr'>διήγημα</span> <span class='ocrx_word' id='word_1_444' title='bbox 578 2319 678 2355; x_wconf 83' lang='grc' dir='ltr'>σοφῶν,</span> <span class='ocrx_word' id='word_1_445' title='bbox 695 2320 742 2346; x_wconf 80' lang='grc' dir='ltr'>καὶ</span> <span class='ocrx_word' id='word_1_446' title='bbox 758 2321 786 2347; x_wconf 85' lang='grc' dir='ltr'>ὲν</span> <span class='ocrx_word' id='word_1_447' title='bbox 797 2321 856 2352; x_wconf 87' lang='grc' dir='ltr'>ταῖς</span> <span class='ocrx_word' id='word_1_448' title='bbox 873 2328 972 2356; x_wconf 86' lang='grc' dir='ltr'>παροι-</span> 
     </span>
    </p>
   </div>
   <div class='ocr_carea' id='block_1_65' title="bbox 187 2366 582 2406">
    <p class='ocr_par' dir='ltr' id='par_1_65' title="bbox 187 2366 582 2406">
     <span class='ocr_line' id='line_1_65' title="bbox 187 2366 582 2406; baseline -0.005 -13"><span class='ocrx_word' id='word_1_449' title='bbox 187 2366 264 2402; x_wconf 83' lang='grc' dir='ltr'>μίαις</span> <span class='ocrx_word' id='word_1_450' title='bbox 275 2366 363 2393; x_wconf 84' lang='grc' dir='ltr'>αὐτῶν</span> <span class='ocrx_word' id='word_1_451' title='bbox 376 2367 557 2406; x_wconf 62' lang='grc' dir='ltr'>ἀναστρέψαι).</span> <span class='ocrx_word' id='word_1_452' title='bbox 572 2375 582 2391; x_wconf 74' lang='grc' dir='ltr'><strong>ι</strong></span> 
     </span>
    </p>
   </div>
   <div class='ocr_carea' id='block_1_66' title="bbox 225 2411 971 2447">
    <p class='ocr_par' dir='ltr' id='par_1_66' title="bbox 225 2411 971 2447">
     <span class='ocr_line' id='line_1_66' title="bbox 225 2411 971 2447; baseline 0.001 -11"><span class='ocrx_word' id='word_1_453' title='bbox 225 2420 235 2436; x_wconf 71' lang='grc' dir='ltr'><strong>ε</strong></span> <span class='ocrx_word' id='word_1_454' title='bbox 246 2412 378 2447; x_wconf 86' lang='grc' dir='ltr'>Διήγησις</span> <span class='ocrx_word' id='word_1_455' title='bbox 397 2413 500 2446; x_wconf 76' lang='grc' dir='ltr'>μωροῦ,</span> <span class='ocrx_word' id='word_1_456' title='bbox 518 2411 555 2443; x_wconf 79' lang='grc' dir='ltr'>ὡς</span> <span class='ocrx_word' id='word_1_457' title='bbox 569 2412 597 2439; x_wconf 81' lang='grc' dir='ltr'>ὲν</span> <span class='ocrx_word' id='word_1_458' title='bbox 611 2411 662 2446; x_wconf 82' lang='grc' dir='ltr'><strong>ὁδῷ</strong></span> <span class='ocrx_word' id='word_1_459' title='bbox 675 2411 784 2447; x_wconf 83' lang='grc' dir='ltr'>φορτίον</span> <span class='ocrx_word' id='word_1_460' title='bbox 794 2419 800 2425; x_wconf 92' lang='grc'>·</span> <span class='ocrx_word' id='word_1_461' title='bbox 817 2411 862 2437; x_wconf 75' lang='grc' dir='ltr'>ἐπὶ</span> <span class='ocrx_word' id='word_1_462' title='bbox 875 2411 902 2437; x_wconf 86' lang='grc' dir='ltr'><strong>δὲ</strong></span> <span class='ocrx_word' id='word_1_463' title='bbox 914 2411 971 2446; x_wconf 84' lang='grc' dir='ltr'>χεί-</span> 
     </span>
    </p>
   </div>
   <div class='ocr_carea' id='block_1_67' title="bbox 186 2458 687 2494">
    <p class='ocr_par' dir='ltr' id='par_1_67' title="bbox 186 2458 687 2494">
     <span class='ocr_line' id='line_1_67' title="bbox 186 2458 687 2494; baseline -0.004 -9"><span class='ocrx_word' id='word_1_464' title='bbox 186 2458 244 2485; x_wconf 73' lang='grc' dir='ltr'>λεσι</span> <span class='ocrx_word' id='word_1_465' title='bbox 259 2459 368 2486; x_wconf 74' lang='grc' dir='ltr'>συνετοῦ</span> <span class='ocrx_word' id='word_1_466' title='bbox 379 2459 554 2494; x_wconf 82' lang='grc' dir='ltr'>εὑρεθήσεται</span> <span class='ocrx_word' id='word_1_467' title='bbox 571 2458 660 2493; x_wconf 83' lang='grc' dir='ltr'>χάρις.</span> <span class='ocrx_word' id='word_1_468' title='bbox 677 2466 687 2483; x_wconf 84' lang='grc'><strong>)</strong></span> 
     </span>
    </p>
   </div>
   <div class='ocr_carea' id='block_1_68' title="bbox 427 2515 431 2527">
    <p class='ocr_par' dir='ltr' id='par_1_68' title="bbox 427 2515 431 2527">
     <span class='ocr_line' id='line_1_68' title="bbox 427 2515 431 2527; baseline 0 0"><span class='ocrx_word' id='word_1_469' title='bbox 427 2515 431 2527; x_wconf 71' lang='grc' dir='ltr'><strong>ί</strong></span> 
     </span>
    </p>
   </div>
   <div class='ocr_carea' id='block_1_69' title="bbox 221 2546 929 2583">
    <p class='ocr_par' dir='ltr' id='par_1_69' title="bbox 221 2546 929 2583">
     <span class='ocr_line' id='line_1_69' title="bbox 221 2546 929 2583; baseline -0.011 -3"><span class='ocrx_word' id='word_1_470' title='bbox 221 2547 307 2582; x_wconf 75' lang='grc' dir='ltr'>Κήρῳ</span> <span class='ocrx_word' id='word_1_471' title='bbox 320 2549 355 2575; x_wconf 83' lang='grc' dir='ltr'>τὰ</span> <span class='ocrx_word' id='word_1_472' title='bbox 367 2547 426 2576; x_wconf 84' lang='grc' dir='ltr'>ὦτα</span> <span class='ocrx_word' id='word_1_473' title='bbox 437 2548 557 2583; x_wconf 59' lang='lat' dir='ltr'><strong>emam</strong></span> <span class='ocrx_word' id='word_1_474' title='bbox 570 2549 645 2583; x_wconf 76' lang='grc' dir='ltr'>πρὸς</span> <span class='ocrx_word' id='word_1_475' title='bbox 657 2547 794 2581; x_wconf 75' lang='grc' dir='ltr'>φαύλους</span> <span class='ocrx_word' id='word_1_476' title='bbox 805 2546 929 2581; x_wconf 80' lang='grc' dir='ltr'>λόγους,</span> 
     </span>
    </p>
   </div>
   <div class='ocr_carea' id='block_1_70' title="bbox 228 2582 832 2617">
    <p class='ocr_par' dir='ltr' id='par_1_70' title="bbox 228 2582 832 2617">
     <span class='ocr_line' id='line_1_70' title="bbox 228 2582 832 2617; baseline 0 -10"><span class='ocrx_word' id='word_1_477' title='bbox 228 2583 320 2616; x_wconf 83' lang='grc' dir='ltr'>’ῼδῶν</span> <span class='ocrx_word' id='word_1_478' title='bbox 337 2592 369 2610; x_wconf 76' lang='grc' dir='ltr'><strong>τε</strong></span> <span class='ocrx_word' id='word_1_479' title='bbox 384 2582 517 2617; x_wconf 68' lang='grc' dir='ltr'>τερπνῶν</span> <span class='ocrx_word' id='word_1_480' title='bbox 526 2582 637 2617; x_wconf 79' lang='grc' dir='ltr'>ἐκμελῆ</span> <span class='ocrx_word' id='word_1_481' title='bbox 651 2583 832 2616; x_wconf 58' lang='lat' dir='ltr'><strong>loriculam.</strong></span> 
     </span>
    </p>
   </div>
   <div class='ocr_carea' id='block_1_71' title="bbox 223 2617 920 2652">
    <p class='ocr_par' dir='ltr' id='par_1_71' title="bbox 223 2617 920 2652">
     <span class='ocr_line' id='line_1_71' title="bbox 223 2617 920 2652; baseline 0 -9"><span class='ocrx_word' id='word_1_482' title='bbox 223 2617 288 2650; x_wconf 83' lang='grc' dir='ltr'>Ίοῖς</span> <span class='ocrx_word' id='word_1_483' title='bbox 300 2617 326 2643; x_wconf 81' lang='grc' dir='ltr'><strong>δ’</strong></span> <span class='ocrx_word' id='word_1_484' title='bbox 337 2617 375 2646; x_wconf 81' lang='grc' dir='ltr'>αὖ</span> <span class='ocrx_word' id='word_1_485' title='bbox 392 2618 496 2651; x_wconf 72' lang='grc' dir='ltr'>καλοῖς</span> <span class='ocrx_word' id='word_1_486' title='bbox 507 2626 538 2644; x_wconf 88' lang='grc' dir='ltr'><strong>τε</strong></span> <span class='ocrx_word' id='word_1_487' title='bbox 547 2618 688 2652; x_wconf 77' lang='grc' dir='ltr'>κάγαθοῖς</span> <span class='ocrx_word' id='word_1_488' title='bbox 699 2618 747 2643; x_wconf 74' lang='grc' dir='ltr'>καὶ</span> <span class='ocrx_word' id='word_1_489' title='bbox 764 2617 808 2644; x_wconf 75' lang='grc' dir='ltr'><strong>ἀεὶ</strong></span> <span class='ocrx_word' id='word_1_490' title='bbox 825 2617 920 2643; x_wconf 80' lang='grc' dir='ltr'>δίδου.</span> 
     </span>
    </p>
   </div>
   <div class='ocr_carea' id='block_1_72' title="bbox 219 2651 919 2686">
    <p class='ocr_par' dir='ltr' id='par_1_72' title="bbox 219 2651 919 2686">
     <span class='ocr_line' id='line_1_72' title="bbox 219 2651 919 2686; baseline 0.001 -9"><span class='ocrx_word' id='word_1_491' title='bbox 219 2652 330 2685; x_wconf 77' lang='grc' dir='ltr'>Ειπεῖν,</span> <span class='ocrx_word' id='word_1_492' title='bbox 344 2653 483 2684; x_wconf 82' lang='grc' dir='ltr'>ἀκοῦσαι,</span> <span class='ocrx_word' id='word_1_493' title='bbox 500 2653 548 2679; x_wconf 77' lang='grc' dir='ltr'>καὶ</span> <span class='ocrx_word' id='word_1_494' title='bbox 565 2651 682 2686; x_wconf 64' lang='grc' dir='ltr'>δράσαι,</span> <span class='ocrx_word' id='word_1_495' title='bbox 694 2653 802 2686; x_wconf 77' lang='grc' dir='ltr'>μικρὸν</span> <span class='ocrx_word' id='word_1_496' title='bbox 812 2651 919 2686; x_wconf 83' lang='grc' dir='ltr'>μέσον.</span> 
     </span>
    </p>
   </div>
   <div class='ocr_carea' id='block_1_73' title="bbox 242 2697 916 2733">
    <p class='ocr_par' dir='ltr' id='par_1_73' title="bbox 242 2697 916 2733">
     <span class='ocr_line' id='line_1_73' title="bbox 242 2697 916 2733; baseline 0 -9"><span class='ocrx_word' id='word_1_497' title='bbox 242 2698 331 2724; x_wconf 82' lang='grc' dir='ltr'><strong>ΤΙΤΛ.</strong></span> <span class='ocrx_word' id='word_1_498' title='bbox 348 2698 396 2724; x_wconf 77' lang='lat' dir='ltr'><strong>IA&#39;.</strong></span> <span class='ocrx_word' id='word_1_499' title='bbox 409 2713 441 2718; x_wconf 93' lang='lat'><strong>-—</strong></span> <span class='ocrx_word' id='word_1_500' title='bbox 450 2699 517 2732; x_wconf 77' lang='grc' dir='ltr'>Περὶ</span> <span class='ocrx_word' id='word_1_501' title='bbox 532 2698 726 2731; x_wconf 81' lang='grc' dir='ltr'>δικαιοσύνης</span> <span class='ocrx_word' id='word_1_502' title='bbox 739 2698 785 2725; x_wconf 77' lang='grc' dir='ltr'>καὶ</span> <span class='ocrx_word' id='word_1_503' title='bbox 799 2697 916 2733; x_wconf 75' lang='grc' dir='ltr'>ἀρετῆς.</span> 
     </span>
    </p>
   </div>
   <div class='ocr_carea' id='block_1_74' title="bbox 224 2744 739 2779">
    <p class='ocr_par' dir='ltr' id='par_1_74' title="bbox 224 2744 739 2779">
     <span class='ocr_line' id='line_1_74' title="bbox 224 2744 739 2779; baseline 0.002 -9"><span class='ocrx_word' id='word_1_504' title='bbox 224 2753 234 2770; x_wconf 73' lang='lat'><strong>1</strong></span> <span class='ocrx_word' id='word_1_505' title='bbox 253 2744 413 2779; x_wconf 83' lang='grc' dir='ltr'>Δικαιοσύνη</span> <span class='ocrx_word' id='word_1_506' title='bbox 432 2744 525 2778; x_wconf 78' lang='grc' dir='ltr'>ῥύεται</span> <span class='ocrx_word' id='word_1_507' title='bbox 542 2746 574 2770; x_wconf 77' lang='grc' dir='ltr'>ὲκ</span> <span class='ocrx_word' id='word_1_508' title='bbox 589 2744 713 2771; x_wconf 82' lang='grc' dir='ltr'>θανάτου.</span> <span class='ocrx_word' id='word_1_509' title='bbox 731 2754 739 2770; x_wconf 75' lang='grc' dir='ltr'><strong>ι</strong></span> 
     </span>
    </p>
   </div>
   <div class='ocr_carea' id='block_1_75' title="bbox 224 2785 670 2825">
    <p class='ocr_par' dir='ltr' id='par_1_75' title="bbox 224 2785 670 2825">
     <span class='ocr_line' id='line_1_75' title="bbox 224 2785 670 2825; baseline 0.002 -10"><span class='ocrx_word' id='word_1_510' title='bbox 224 2798 234 2815; x_wconf 71' lang='grc' dir='ltr'><strong>ε</strong></span> <span class='ocrx_word' id='word_1_511' title='bbox 255 2785 298 2815; x_wconf 88' lang='grc' dir='ltr'>Ἐν</span> <span class='ocrx_word' id='word_1_512' title='bbox 308 2789 376 2821; x_wconf 79' lang='grc' dir='ltr'>ὁδοῖς</span> <span class='ocrx_word' id='word_1_513' title='bbox 390 2789 560 2822; x_wconf 84' lang='grc' dir='ltr'>δικαιοσύνης</span> <span class='ocrx_word' id='word_1_514' title='bbox 577 2788 644 2825; x_wconf 78' lang='grc' dir='ltr'><strong>ζωή.</strong></span> <span class='ocrx_word' id='word_1_515' title='bbox 660 2799 670 2815; x_wconf 74' lang='grc' dir='ltr'><strong>ι</strong></span> 
     </span>
    </p>
   </div>
   <div class='ocr_carea' id='block_1_76' title="bbox 222 2835 611 2872">
    <p class='ocr_par' dir='ltr' id='par_1_76' title="bbox 222 2835 611 2872">
     <span class='ocr_line' id='line_1_76' title="bbox 222 2835 611 2872; baseline 0 -10"><span class='ocrx_word' id='word_1_516' title='bbox 222 2844 232 2862; x_wconf 68' lang='grc' dir='ltr'>ί</span> <span class='ocrx_word' id='word_1_517' title='bbox 242 2836 406 2870; x_wconf 70' lang='grc' dir='ltr'>Δικαιοσύνη</span> <span class='ocrx_word' id='word_1_518' title='bbox 421 2836 483 2872; x_wconf 46' lang='lat' dir='ltr'><strong>baltei</strong></span> <span class='ocrx_word' id='word_1_519' title='bbox 497 2835 582 2866; x_wconf 82' lang='grc' dir='ltr'>ἔθνος.</span> <span class='ocrx_word' id='word_1_520' title='bbox 601 2845 611 2862; x_wconf 70' lang='grc' dir='ltr'><strong>ι</strong></span> 
     </span>
    </p>
   </div>
   <div class='ocr_carea' id='block_1_77' title="bbox 1027 996 1815 1039">
    <p class='ocr_par' dir='ltr' id='par_1_77' title="bbox 1027 996 1815 1039">
     <span class='ocr_line' id='line_1_77' title="bbox 1027 996 1815 1039; baseline 0.014 -17"><span class='ocrx_word' id='word_1_521' title='bbox 1027 996 1092 1024; x_wconf 87' lang='lat' dir='ltr'><strong>dare</strong></span> <span class='ocrx_word' id='word_1_522' title='bbox 1106 998 1233 1027; x_wconf 82' lang='lat' dir='ltr'><strong>amicitiae</strong></span> <span class='ocrx_word' id='word_1_523' title='bbox 1259 999 1369 1028; x_wconf 90' lang='lat' dir='ltr'><strong>initium</strong></span> <span class='ocrx_word' id='word_1_524' title='bbox 1387 1005 1440 1034; x_wconf 87' lang='lat' dir='ltr'><strong>est,</strong></span> <span class='ocrx_word' id='word_1_525' title='bbox 1470 1001 1508 1030; x_wconf 89' lang='lat' dir='ltr'><strong>ita</strong></span> <span class='ocrx_word' id='word_1_526' title='bbox 1528 1010 1638 1039; x_wconf 88' lang='lat' dir='ltr'><strong>quoque</strong></span> <span class='ocrx_word' id='word_1_527' title='bbox 1650 1005 1815 1034; x_wconf 88' lang='lat' dir='ltr'><strong>maledicere</strong></span> 
     </span>
    </p>
   </div>
   <div class='ocr_carea' id='block_1_78' title="bbox 1026 1041 1815 1086">
    <p class='ocr_par' dir='ltr' id='par_1_78' title="bbox 1026 1041 1815 1086">
     <span class='ocr_line' id='line_1_78' title="bbox 1026 1041 1815 1086; baseline 0.014 -18"><span class='ocrx_word' id='word_1_528' title='bbox 1026 1045 1054 1068; x_wconf 88' lang='lat' dir='ltr'><strong>et</strong></span> <span class='ocrx_word' id='word_1_529' title='bbox 1066 1041 1232 1076; x_wconf 89' lang='lat' dir='ltr'><strong>obtrectare,</strong></span> <span class='ocrx_word' id='word_1_530' title='bbox 1252 1043 1307 1072; x_wconf 89' lang='lat' dir='ltr'><strong>odii</strong></span> <span class='ocrx_word' id='word_1_531' title='bbox 1324 1049 1351 1073; x_wconf 90' lang='lat' dir='ltr'><strong>et</strong></span> <span class='ocrx_word' id='word_1_532' title='bbox 1377 1046 1540 1081; x_wconf 78' lang='lat' dir='ltr'><strong>simultatis,</strong></span> <span class='ocrx_word' id='word_1_533' title='bbox 1565 1055 1815 1086; x_wconf 81' lang='lat' dir='ltr'><strong>sexcentorumque</strong></span> 
     </span>
    </p>
   </div>
   <div class='ocr_carea' id='block_1_79' title="bbox 1027 1087 1545 1126">
    <p class='ocr_par' dir='ltr' id='par_1_79' title="bbox 1027 1087 1545 1126">
     <span class='ocr_line' id='line_1_79' title="bbox 1027 1087 1545 1126; baseline 0.015 -13"><span class='ocrx_word' id='word_1_534' title='bbox 1027 1087 1165 1115; x_wconf 90' lang='lat' dir='ltr'><strong>malorum</strong></span> <span class='ocrx_word' id='word_1_535' title='bbox 1181 1089 1262 1126; x_wconf 78' lang='lat' dir='ltr'><strong>origo</strong></span> <span class='ocrx_word' id='word_1_536' title='bbox 1278 1094 1304 1118; x_wconf 80' lang='lat' dir='ltr'><strong>et</strong></span> <span class='ocrx_word' id='word_1_537' title='bbox 1323 1098 1408 1119; x_wconf 83' lang='lat' dir='ltr'><strong>causa</strong></span> <span class='ocrx_word' id='word_1_538' title='bbox 1426 1093 1545 1121; x_wconf 78' lang='lat' dir='ltr'><strong>exstitit.</strong></span> 
     </span>
    </p>
   </div>
   <div class='ocr_carea' id='block_1_80' title="bbox 1063 1132 1814 1176">
    <p class='ocr_par' dir='ltr' id='par_1_80' title="bbox 1063 1132 1814 1176">
     <span class='ocr_line' id='line_1_80' title="bbox 1063 1132 1814 1176; baseline 0.013 -17"><span class='ocrx_word' id='word_1_539' title='bbox 1063 1132 1197 1162; x_wconf 79' lang='lat' dir='ltr'><strong>Philonis.</strong></span> <span class='ocrx_word' id='word_1_540' title='bbox 1213 1135 1371 1164; x_wconf 82' lang='lat' dir='ltr'><strong>—Diaboli</strong></span> <span class='ocrx_word' id='word_1_541' title='bbox 1387 1143 1462 1170; x_wconf 88' lang='lat' dir='ltr'><strong>sttnt,</strong></span> <span class='ocrx_word' id='word_1_542' title='bbox 1478 1142 1561 1174; x_wconf 85' lang='lat' dir='ltr'><strong>atque</strong></span> <span class='ocrx_word' id='word_1_543' title='bbox 1579 1146 1595 1167; x_wconf 84' lang='lat' dir='ltr'><strong>a</strong></span> <span class='ocrx_word' id='word_1_544' title='bbox 1616 1140 1709 1168; x_wconf 88' lang='lat' dir='ltr'><strong>divina</strong></span> <span class='ocrx_word' id='word_1_545' title='bbox 1726 1143 1814 1176; x_wconf 80' lang='lat' dir='ltr'><strong>gratia</strong></span> 
     </span>
    </p>
   </div>
   <div class='ocr_carea' id='block_1_81' title="bbox 1026 1180 1816 1221">
    <p class='ocr_par' dir='ltr' id='par_1_81' title="bbox 1026 1180 1816 1221">
     <span class='ocr_line' id='line_1_81' title="bbox 1026 1180 1816 1221; baseline 0.014 -17"><span class='ocrx_word' id='word_1_546' title='bbox 1026 1180 1136 1211; x_wconf 86' lang='lat' dir='ltr'><strong>remoti,</strong></span> <span class='ocrx_word' id='word_1_547' title='bbox 1160 1180 1208 1215; x_wconf 89' lang='lat' dir='ltr'><strong>qui</strong></span> <span class='ocrx_word' id='word_1_548' title='bbox 1224 1181 1320 1209; x_wconf 88' lang='lat' dir='ltr'><strong>eadem</strong></span> <span class='ocrx_word' id='word_1_549' title='bbox 1344 1190 1376 1210; x_wconf 90' lang='lat' dir='ltr'><strong>ac</strong></span> <span class='ocrx_word' id='word_1_550' title='bbox 1399 1183 1445 1211; x_wconf 91' lang='lat' dir='ltr'><strong>ille</strong></span> <span class='ocrx_word' id='word_1_551' title='bbox 1467 1184 1605 1213; x_wconf 83' lang='lat' dir='ltr'><strong>diabolica</strong></span> <span class='ocrx_word' id='word_1_552' title='bbox 1629 1187 1816 1221; x_wconf 84' lang='lat' dir='ltr'><strong>perversitate</strong></span> 
     </span>
    </p>
   </div>
   <div class='ocr_carea' id='block_1_82' title="bbox 1026 1223 1815 1264">
    <p class='ocr_par' dir='ltr' id='par_1_82' title="bbox 1026 1223 1815 1264">
     <span class='ocr_line' id='line_1_82' title="bbox 1026 1223 1815 1264; baseline 0.013 -13"><span class='ocrx_word' id='word_1_553' title='bbox 1026 1223 1166 1258; x_wconf 82' lang='lat' dir='ltr'><strong>laborant.</strong></span> <span class='ocrx_word' id='word_1_554' title='bbox 1184 1226 1237 1254; x_wconf 86' lang='lat' dir='ltr'><strong>Deo</strong></span> <span class='ocrx_word' id='word_1_555' title='bbox 1251 1235 1362 1263; x_wconf 87' lang='lat' dir='ltr'><strong>quoque</strong></span> <span class='ocrx_word' id='word_1_556' title='bbox 1378 1228 1473 1263; x_wconf 87' lang='lat' dir='ltr'><strong>invisi,</strong></span> <span class='ocrx_word' id='word_1_557' title='bbox 1491 1237 1524 1258; x_wconf 90' lang='lat' dir='ltr'><strong>ac</strong></span> <span class='ocrx_word' id='word_1_558' title='bbox 1544 1230 1591 1259; x_wconf 83' lang='lat' dir='ltr'><strong>Dei</strong></span> <span class='ocrx_word' id='word_1_559' title='bbox 1612 1238 1719 1264; x_wconf 81' lang='lat' dir='ltr'><strong>osores,</strong></span> <span class='ocrx_word' id='word_1_560' title='bbox 1737 1236 1766 1260; x_wconf 85' lang='lat' dir='ltr'><strong>et</strong></span> <span class='ocrx_word' id='word_1_561' title='bbox 1778 1233 1815 1262; x_wconf 88' lang='lat' dir='ltr'><strong>ab</strong></span> 
     </span>
    </p>
   </div>
   <div class='ocr_carea' id='block_1_83' title="bbox 1026 1271 1517 1304">
    <p class='ocr_par' dir='ltr' id='par_1_83' title="bbox 1026 1271 1517 1304">
     <span class='ocr_line' id='line_1_83' title="bbox 1026 1271 1517 1304; baseline 0.016 -8"><span class='ocrx_word' id='word_1_562' title='bbox 1026 1271 1100 1298; x_wconf 90' lang='lat' dir='ltr'><strong>omni</strong></span> <span class='ocrx_word' id='word_1_563' title='bbox 1117 1271 1250 1300; x_wconf 86' lang='lat' dir='ltr'><strong>felicitate</strong></span> <span class='ocrx_word' id='word_1_564' title='bbox 1264 1274 1403 1302; x_wconf 83' lang='lat' dir='ltr'><strong>exsistunt</strong></span> <span class='ocrx_word' id='word_1_565' title='bbox 1421 1276 1517 1304; x_wconf 89' lang='lat' dir='ltr'><strong>alieni.</strong></span> 
     </span>
    </p>
   </div>
   <div class='ocr_carea' id='block_1_84' title="bbox 1062 1315 1816 1358">
    <p class='ocr_par' dir='ltr' id='par_1_84' title="bbox 1062 1315 1816 1358">
     <span class='ocr_line' id='line_1_84' title="bbox 1062 1315 1816 1358; baseline 0.012 -16"><span class='ocrx_word' id='word_1_566' title='bbox 1062 1315 1199 1350; x_wconf 84' lang='lat' dir='ltr'><strong>Ejusdem.</strong></span> <span class='ocrx_word' id='word_1_567' title='bbox 1216 1333 1251 1337; x_wconf 90' lang='lat'><em>—</em></span> <span class='ocrx_word' id='word_1_568' title='bbox 1263 1317 1335 1351; x_wconf 83' lang='lat' dir='ltr'><strong>Quid</strong></span> <span class='ocrx_word' id='word_1_569' title='bbox 1360 1319 1501 1348; x_wconf 88' lang='lat' dir='ltr'><strong>calumnia</strong></span> <span class='ocrx_word' id='word_1_570' title='bbox 1527 1321 1593 1357; x_wconf 79' lang='lat' dir='ltr'><strong>fingi</strong></span> <span class='ocrx_word' id='word_1_571' title='bbox 1613 1326 1696 1357; x_wconf 88' lang='lat' dir='ltr'><strong>qneat</strong></span> <span class='ocrx_word' id='word_1_572' title='bbox 1714 1323 1816 1358; x_wconf 83' lang='lat' dir='ltr'><strong>pejus?</strong></span> 
     </span>
    </p>
   </div>
   <div class='ocr_carea' id='block_1_85' title="bbox 1026 1361 1814 1403">
    <p class='ocr_par' dir='ltr' id='par_1_85' title="bbox 1026 1361 1814 1403">
     <span class='ocr_line' id='line_1_85' title="bbox 1026 1361 1814 1403; baseline 0.011 -15"><span class='ocrx_word' id='word_1_573' title='bbox 1026 1361 1124 1389; x_wconf 88' lang='lat' dir='ltr'><strong>delinit</strong></span> <span class='ocrx_word' id='word_1_574' title='bbox 1137 1363 1211 1390; x_wconf 88' lang='lat' dir='ltr'><strong>enim</strong></span> <span class='ocrx_word' id='word_1_575' title='bbox 1236 1371 1317 1392; x_wconf 89' lang='lat' dir='ltr'><strong>aures</strong></span> <span class='ocrx_word' id='word_1_576' title='bbox 1341 1365 1511 1399; x_wconf 88' lang='lat' dir='ltr'><strong>auditorum,</strong></span> <span class='ocrx_word' id='word_1_577' title='bbox 1536 1374 1689 1403; x_wconf 88' lang='lat' dir='ltr'><strong>eorumque</strong></span> <span class='ocrx_word' id='word_1_578' title='bbox 1704 1369 1814 1398; x_wconf 89' lang='lat' dir='ltr'><strong>animos</strong></span> 
     </span>
    </p>
   </div>
   <div class='ocr_carea' id='block_1_86' title="bbox 1025 1407 1814 1448">
    <p class='ocr_par' dir='ltr' id='par_1_86' title="bbox 1025 1407 1814 1448">
     <span class='ocr_line' id='line_1_86' title="bbox 1025 1407 1814 1448; baseline 0.011 -15"><span class='ocrx_word' id='word_1_579' title='bbox 1025 1407 1148 1440; x_wconf 84' lang='lat' dir='ltr'><strong>percellit</strong></span> <span class='ocrx_word' id='word_1_580' title='bbox 1163 1412 1287 1443; x_wconf 84' lang='lat' dir='ltr'><strong>stupore,</strong></span> <span class='ocrx_word' id='word_1_581' title='bbox 1305 1413 1332 1437; x_wconf 89' lang='lat' dir='ltr'><strong>et</strong></span> <span class='ocrx_word' id='word_1_582' title='bbox 1348 1417 1395 1437; x_wconf 90' lang='lat' dir='ltr'><strong>eos</strong></span> <span class='ocrx_word' id='word_1_583' title='bbox 1408 1411 1455 1446; x_wconf 90' lang='lat' dir='ltr'><strong>qui</strong></span> <span class='ocrx_word' id='word_1_584' title='bbox 1471 1411 1550 1440; x_wconf 90' lang='lat' dir='ltr'><strong>malis</strong></span> <span class='ocrx_word' id='word_1_585' title='bbox 1569 1419 1620 1440; x_wconf 88' lang='lat' dir='ltr'><strong>ceu</strong></span> <span class='ocrx_word' id='word_1_586' title='bbox 1638 1413 1738 1448; x_wconf 65' lang='lat' dir='ltr'><strong>praeda:</strong></span> <span class='ocrx_word' id='word_1_587' title='bbox 1752 1415 1814 1442; x_wconf 68' lang='grc' dir='ltr'>σαῖς</span> 
     </span>
    </p>
   </div>
   <div class='ocr_carea' id='block_1_87' title="bbox 1025 1451 1844 1492">
    <p class='ocr_par' dir='ltr' id='par_1_87' title="bbox 1025 1451 1844 1492">
     <span class='ocr_line' id='line_1_87' title="bbox 1025 1451 1844 1492; baseline 0.013 -14"><span class='ocrx_word' id='word_1_588' title='bbox 1025 1451 1098 1487; x_wconf 88' lang='lat' dir='ltr'><strong>piam</strong></span> <span class='ocrx_word' id='word_1_589' title='bbox 1127 1453 1283 1487; x_wconf 85' lang='lat' dir='ltr'><strong>imminent,</strong></span> <span class='ocrx_word' id='word_1_590' title='bbox 1315 1454 1422 1485; x_wconf 86' lang='lat' dir='ltr'><strong>ferinos</strong></span> <span class='ocrx_word' id='word_1_591' title='bbox 1446 1457 1547 1485; x_wconf 82' lang='lat' dir='ltr'><strong>reddit.</strong></span> <span class='ocrx_word' id='word_1_592' title='bbox 1572 1458 1625 1492; x_wconf 89' lang='lat' dir='ltr'><strong>Qui</strong></span> <span class='ocrx_word' id='word_1_593' title='bbox 1656 1467 1721 1487; x_wconf 89' lang='lat' dir='ltr'><strong>vero</strong></span> <span class='ocrx_word' id='word_1_594' title='bbox 1745 1468 1813 1488; x_wconf 88' lang='lat' dir='ltr'><strong>sana</strong></span> <span class='ocrx_word' id='word_1_595' title='bbox 1839 1486 1844 1489; x_wconf 91' lang='lat'><strong><em>_</em></strong></span> 
     </span>
    </p>
   </div>
   <div class='ocr_carea' id='block_1_88' title="bbox 1026 1500 1813 1541">
    <p class='ocr_par' dir='ltr' id='par_1_88' title="bbox 1026 1500 1813 1541">
     <span class='ocr_line' id='line_1_88' title="bbox 1026 1500 1813 1541; baseline 0.014 -18"><span class='ocrx_word' id='word_1_596' title='bbox 1026 1502 1117 1525; x_wconf 87' lang='lat' dir='ltr'><strong>mente</strong></span> <span class='ocrx_word' id='word_1_597' title='bbox 1134 1503 1200 1526; x_wconf 88' lang='lat' dir='ltr'><strong>sunt</strong></span> <span class='ocrx_word' id='word_1_598' title='bbox 1216 1500 1374 1534; x_wconf 89' lang='lat' dir='ltr'><strong>oblirmati,</strong></span> <span class='ocrx_word' id='word_1_599' title='bbox 1397 1502 1551 1531; x_wconf 85' lang='lat' dir='ltr'><strong>detrahenti</strong></span> <span class='ocrx_word' id='word_1_600' title='bbox 1566 1505 1668 1540; x_wconf 85' lang='lat' dir='ltr'><strong>potius,</strong></span> <span class='ocrx_word' id='word_1_601' title='bbox 1687 1514 1767 1541; x_wconf 86' lang='lat' dir='ltr'><strong>quant</strong></span> <span class='ocrx_word' id='word_1_602' title='bbox 1787 1507 1813 1535; x_wconf 88' lang='lat' dir='ltr'><strong>ei</strong></span> 
     </span>
    </p>
   </div>
   <div class='ocr_carea' id='block_1_89' title="bbox 1027 1542 1809 1585">
    <p class='ocr_par' dir='ltr' id='par_1_89' title="bbox 1027 1542 1809 1585">
     <span class='ocr_line' id='line_1_89' title="bbox 1027 1542 1809 1585; baseline 0.012 -15"><span class='ocrx_word' id='word_1_603' title='bbox 1027 1542 1061 1571; x_wconf 92' lang='lat' dir='ltr'><strong>de</strong></span> <span class='ocrx_word' id='word_1_604' title='bbox 1076 1544 1163 1582; x_wconf 79' lang='lat' dir='ltr'><strong>cujus</strong></span> <span class='ocrx_word' id='word_1_605' title='bbox 1174 1545 1246 1573; x_wconf 89' lang='lat' dir='ltr'><strong>fama</strong></span> <span class='ocrx_word' id='word_1_606' title='bbox 1264 1547 1429 1580; x_wconf 87' lang='lat' dir='ltr'><strong>detrahitur,</strong></span> <span class='ocrx_word' id='word_1_607' title='bbox 1453 1549 1570 1577; x_wconf 85' lang='lat' dir='ltr'><strong>infestos</strong></span> <span class='ocrx_word' id='word_1_608' title='bbox 1584 1557 1614 1577; x_wconf 87' lang='lat' dir='ltr'><strong>se</strong></span> <span class='ocrx_word' id='word_1_609' title='bbox 1628 1551 1769 1585; x_wconf 79' lang='lat' dir='ltr'><strong>praebent;</strong></span> <span class='ocrx_word' id='word_1_610' title='bbox 1785 1553 1809 1580; x_wconf 88' lang='lat' dir='ltr'><strong>ei</strong></span> 
     </span>
    </p>
   </div>
   <div class='ocr_carea' id='block_1_90' title="bbox 1028 1588 1813 1633">
    <p class='ocr_par' dir='ltr' id='par_1_90' title="bbox 1028 1588 1813 1633">
     <span class='ocr_line' id='line_1_90' title="bbox 1028 1588 1813 1633; baseline 0.015 -18"><span class='ocrx_word' id='word_1_611' title='bbox 1028 1588 1158 1617; x_wconf 89' lang='lat' dir='ltr'><strong>nimirum</strong></span> <span class='ocrx_word' id='word_1_612' title='bbox 1179 1599 1388 1627; x_wconf 88' lang='lat' dir='ltr'><strong>succensentes,</strong></span> <span class='ocrx_word' id='word_1_613' title='bbox 1411 1594 1541 1630; x_wconf 87' lang='lat' dir='ltr'><strong>factoque</strong></span> <span class='ocrx_word' id='word_1_614' title='bbox 1563 1597 1596 1624; x_wconf 86' lang='lat' dir='ltr'><strong>ad</strong></span> <span class='ocrx_word' id='word_1_615' title='bbox 1610 1598 1813 1633; x_wconf 80' lang='lat' dir='ltr'><strong>objurgandum</strong></span> 
     </span>
    </p>
   </div>
   <div class='ocr_carea' id='block_1_91' title="bbox 1026 1634 1809 1675">
    <p class='ocr_par' dir='ltr' id='par_1_91' title="bbox 1026 1634 1809 1675">
     <span class='ocr_line' id='line_1_91' title="bbox 1026 1634 1809 1675; baseline 0.014 -14"><span class='ocrx_word' id='word_1_616' title='bbox 1026 1634 1130 1670; x_wconf 87' lang='lat' dir='ltr'><strong>impetu</strong></span> <span class='ocrx_word' id='word_1_617' title='bbox 1149 1643 1180 1664; x_wconf 91' lang='lat' dir='ltr'><strong>os</strong></span> <span class='ocrx_word' id='word_1_618' title='bbox 1198 1637 1386 1672; x_wconf 87' lang='lat' dir='ltr'><strong>obstrttentes,</strong></span> <span class='ocrx_word' id='word_1_619' title='bbox 1404 1641 1496 1675; x_wconf 85' lang='lat' dir='ltr'><strong>quoad</strong></span> <span class='ocrx_word' id='word_1_620' title='bbox 1512 1641 1633 1670; x_wconf 82' lang='lat' dir='ltr'><strong>evidenti</strong></span> <span class='ocrx_word' id='word_1_621' title='bbox 1650 1644 1809 1673; x_wconf 87' lang='lat' dir='ltr'><strong>testimonio</strong></span> 
     </span>
    </p>
   </div>
   <div class='ocr_carea' id='block_1_92' title="bbox 1026 1679 1385 1712">
    <p class='ocr_par' dir='ltr' id='par_1_92' title="bbox 1026 1679 1385 1712">
     <span class='ocr_line' id='line_1_92' title="bbox 1026 1679 1385 1712; baseline 0.014 -5"><span class='ocrx_word' id='word_1_622' title='bbox 1026 1679 1106 1708; x_wconf 86' lang='lat' dir='ltr'><strong>fidem</strong></span> <span class='ocrx_word' id='word_1_623' title='bbox 1122 1681 1205 1710; x_wconf 91' lang='lat' dir='ltr'><strong>dictis</strong></span> <span class='ocrx_word' id='word_1_624' title='bbox 1219 1684 1385 1712; x_wconf 84' lang='lat' dir='ltr'><strong>astruxerit.</strong></span> 
     </span>
    </p>
   </div>
   <div class='ocr_carea' id='block_1_93' title="bbox 1025 1747 1810 1792">
    <p class='ocr_par' dir='ltr' id='par_1_93' title="bbox 1025 1747 1810 1792">
     <span class='ocr_line' id='line_1_93' title="bbox 1025 1747 1810 1792; baseline 0.018 -17"><span class='ocrx_word' id='word_1_625' title='bbox 1025 1747 1094 1792; x_wconf 68' lang='grc' dir='ltr'><strong>ΤΙΤ.</strong></span> <span class='ocrx_word' id='word_1_626' title='bbox 1110 1749 1192 1792; x_wconf 69' lang='grc' dir='ltr'><strong>ΔΧΙΙΙ.</strong></span> <span class='ocrx_word' id='word_1_627' title='bbox 1211 1765 1248 1792; x_wconf 77' lang='lat'><strong>——_</strong></span> <span class='ocrx_word' id='word_1_628' title='bbox 1269 1752 1308 1780; x_wconf 82' lang='lat' dir='ltr'><strong>De</strong></span> <span class='ocrx_word' id='word_1_629' title='bbox 1330 1755 1487 1783; x_wconf 80' lang='lat' dir='ltr'><strong>narratione</strong></span> <span class='ocrx_word' id='word_1_630' title='bbox 1514 1765 1531 1783; x_wconf 90' lang='lat' dir='ltr'><strong>a</strong></span> <span class='ocrx_word' id='word_1_631' title='bbox 1553 1757 1617 1784; x_wconf 70' lang='lat' dir='ltr'><strong>viris</strong></span> <span class='ocrx_word' id='word_1_632' title='bbox 1636 1759 1810 1792; x_wconf 76' lang='lat' dir='ltr'><strong>prudentibus</strong></span> 
     </span>
    </p>
   </div>
   <div class='ocr_carea' id='block_1_94' title="bbox 1060 1784 1810 1826">
    <p class='ocr_par' dir='ltr' id='par_1_94' title="bbox 1060 1784 1810 1826">
     <span class='ocr_line' id='line_1_94' title="bbox 1060 1784 1810 1826; baseline 0.017 -16"><span class='ocrx_word' id='word_1_633' title='bbox 1060 1784 1154 1818; x_wconf 79' lang='lat' dir='ltr'><strong>facta:</strong></span> <span class='ocrx_word' id='word_1_634' title='bbox 1178 1787 1299 1822; x_wconf 67' lang='lat' dir='ltr'><strong>quodyue</strong></span> <span class='ocrx_word' id='word_1_635' title='bbox 1319 1797 1411 1816; x_wconf 88' lang='lat' dir='ltr'><strong>earum</strong></span> <span class='ocrx_word' id='word_1_636' title='bbox 1436 1784 1653 1826; x_wconf 57' lang='lat' dir='ltr'><strong>accipiendarum</strong></span> 
     </span>
    </p>
   </div>
   <div class='ocr_carea' id='block_1_95' title="bbox 1060 1826 1810 1858">
    <p class='ocr_par' dir='ltr' id='par_1_95' title="bbox 1060 1826 1810 1858">
     <span class='ocr_line' id='line_1_95' title="bbox 1060 1826 1810 1858; baseline 0.017 -12"><span class='ocrx_word' id='word_1_637' title='bbox 1060 1827 1116 1846; x_wconf 84' lang='lat' dir='ltr'><strong>esse</strong></span> <span class='ocrx_word' id='word_1_638' title='bbox 1133 1826 1262 1858; x_wconf 79' lang='lat' dir='ltr'><strong>oporteat,</strong></span> <span class='ocrx_word' id='word_1_639' title='bbox 1285 1829 1379 1851; x_wconf 79' lang='lat' dir='ltr'><strong>contra</strong></span> <span class='ocrx_word' id='word_1_640' title='bbox 1403 1833 1463 1853; x_wconf 73' lang='lat' dir='ltr'><strong>vero</strong></span> <span class='ocrx_word' id='word_1_641' title='bbox 1483 1834 1499 1853; x_wconf 89' lang='lat' dir='ltr'><strong>a</strong></span> <span class='ocrx_word' id='word_1_642' title='bbox 1520 1827 1722 1857; x_wconf 78' lang='lat' dir='ltr'><strong>narrationibus</strong></span> <span class='ocrx_word' id='word_1_643' title='bbox 1740 1832 1810 1858; x_wconf 82' lang='lat' dir='ltr'><strong>stul-</strong></span> 
     </span>
    </p>
   </div>
   <div class='ocr_carea' id='block_1_96' title="bbox 1062 1856 1303 1892">
    <p class='ocr_par' dir='ltr' id='par_1_96' title="bbox 1062 1856 1303 1892">
     <span class='ocr_line' id='line_1_96' title="bbox 1062 1856 1303 1892; baseline 0.017 -12"><span class='ocrx_word' id='word_1_644' title='bbox 1062 1859 1148 1882; x_wconf 84' lang='lat' dir='ltr'><strong>torum</strong></span> <span class='ocrx_word' id='word_1_645' title='bbox 1167 1856 1303 1892; x_wconf 71' lang='lat' dir='ltr'><strong>aufugero.</strong></span> 
     </span>
    </p>
   </div>
   <div class='ocr_carea' id='block_1_97' title="bbox 1061 1911 1812 1957">
    <p class='ocr_par' dir='ltr' id='par_1_97' title="bbox 1061 1911 1812 1957">
     <span class='ocr_line' id='line_1_97' title="bbox 1061 1911 1812 1957; baseline 0.017 -20"><span class='ocrx_word' id='word_1_646' title='bbox 1061 1911 1138 1939; x_wconf 84' lang='lat' dir='ltr'><strong>Psal.</strong></span> <span class='ocrx_word' id='word_1_647' title='bbox 1162 1919 1255 1946; x_wconf 80' lang='lat' dir='ltr'><strong>cxvut,</strong></span> <span class='ocrx_word' id='word_1_648' title='bbox 1279 1915 1324 1942; x_wconf 83' lang='grc'><strong>85.</strong></span> <span class='ocrx_word' id='word_1_649' title='bbox 1348 1929 1378 1935; x_wconf 77' lang='lat'><strong>-</strong></span> <span class='ocrx_word' id='word_1_650' title='bbox 1404 1925 1412 1941; x_wconf 80' lang='grc' dir='ltr'><strong>ι</strong></span> <span class='ocrx_word' id='word_1_651' title='bbox 1429 1916 1618 1946; x_wconf 84' lang='lat' dir='ltr'><strong>Narraverunt</strong></span> <span class='ocrx_word' id='word_1_652' title='bbox 1639 1921 1705 1948; x_wconf 90' lang='lat' dir='ltr'><strong>mihi</strong></span> <span class='ocrx_word' id='word_1_653' title='bbox 1727 1921 1812 1957; x_wconf 89' lang='lat' dir='ltr'><strong>iniqui</strong></span> 
     </span>
    </p>
   </div>
   <div class='ocr_carea' id='block_1_98' title="bbox 1027 1955 1710 1998">
    <p class='ocr_par' dir='ltr' id='par_1_98' title="bbox 1027 1955 1710 1998">
     <span class='ocr_line' id='line_1_98' title="bbox 1027 1955 1710 1998; baseline 0.016 -16"><span class='ocrx_word' id='word_1_654' title='bbox 1027 1955 1221 1992; x_wconf 88' lang='lat' dir='ltr'><strong>fabulationes,</strong></span> <span class='ocrx_word' id='word_1_655' title='bbox 1239 1959 1289 1986; x_wconf 88' lang='lat' dir='ltr'><strong>sed</strong></span> <span class='ocrx_word' id='word_1_656' title='bbox 1303 1968 1359 1988; x_wconf 91' lang='lat' dir='ltr'><strong>non</strong></span> <span class='ocrx_word' id='word_1_657' title='bbox 1375 1966 1405 1989; x_wconf 88' lang='lat' dir='ltr'><strong>ut</strong></span> <span class='ocrx_word' id='word_1_658' title='bbox 1420 1962 1465 1990; x_wconf 83' lang='lat' dir='ltr'><strong>lex</strong></span> <span class='ocrx_word' id='word_1_659' title='bbox 1479 1967 1537 1998; x_wconf 83' lang='lat' dir='ltr'><strong>tua,</strong></span> <span class='ocrx_word' id='word_1_660' title='bbox 1551 1964 1678 1994; x_wconf 91' lang='lat' dir='ltr'><strong>Domine.</strong></span> <span class='ocrx_word' id='word_1_661' title='bbox 1699 1976 1710 1993; x_wconf 70' lang='grc' dir='ltr'><strong>ι</strong></span> 
     </span>
    </p>
   </div>
   <div class='ocr_carea' id='block_1_99' title="bbox 1061 2001 1812 2048">
    <p class='ocr_par' dir='ltr' id='par_1_99' title="bbox 1061 2001 1812 2048">
     <span class='ocr_line' id='line_1_99' title="bbox 1061 2001 1812 2048; baseline 0.017 -20"><span class='ocrx_word' id='word_1_662' title='bbox 1061 2001 1142 2030; x_wconf 79' lang='grc' dir='ltr'>Ρνου.</span> <span class='ocrx_word' id='word_1_663' title='bbox 1158 2011 1185 2035; x_wconf 93' lang='lat' dir='ltr'><strong>v,</strong></span> <span class='ocrx_word' id='word_1_664' title='bbox 1210 2004 1235 2030; x_wconf 80' lang='grc'><strong>1.</strong></span> <span class='ocrx_word' id='word_1_665' title='bbox 1253 2019 1288 2025; x_wconf 91' lang='grc'><strong>-</strong></span> <span class='ocrx_word' id='word_1_666' title='bbox 1303 2015 1313 2031; x_wconf 75' lang='grc' dir='ltr'>ί</span> <span class='ocrx_word' id='word_1_667' title='bbox 1342 2005 1524 2036; x_wconf 88' lang='lat' dir='ltr'><strong>Sermonibus</strong></span> <span class='ocrx_word' id='word_1_668' title='bbox 1538 2011 1694 2045; x_wconf 90' lang='lat' dir='ltr'><strong>sapientum</strong></span> <span class='ocrx_word' id='word_1_669' title='bbox 1721 2013 1812 2048; x_wconf 86' lang='lat' dir='ltr'><strong>adjice</strong></span> 
     </span>
    </p>
   </div>
   <div class='ocr_carea' id='block_1_100' title="bbox 1026 2051 1804 2095">
    <p class='ocr_par' dir='ltr' id='par_1_100' title="bbox 1026 2051 1804 2095">
     <span class='ocr_line' id='line_1_100' title="bbox 1026 2051 1804 2095; baseline 0.015 -19"><span class='ocrx_word' id='word_1_670' title='bbox 1026 2055 1137 2076; x_wconf 85' lang='lat' dir='ltr'><strong>sensum</strong></span> <span class='ocrx_word' id='word_1_671' title='bbox 1166 2053 1255 2076; x_wconf 89' lang='lat' dir='ltr'><strong>tuum.</strong></span> <span class='ocrx_word' id='word_1_672' title='bbox 1274 2060 1283 2077; x_wconf 77' lang='grc' dir='ltr'><strong>ι</strong></span> <span class='ocrx_word' id='word_1_673' title='bbox 1299 2066 1333 2072; x_wconf 86' lang='grc'><strong><em>-</em></strong></span> <span class='ocrx_word' id='word_1_674' title='bbox 1347 2051 1428 2088; x_wconf 70' lang='grc'><strong>43⁷</strong></span> <span class='ocrx_word' id='word_1_675' title='bbox 1444 2063 1454 2079; x_wconf 89' lang='grc'><strong><em>‹</em></strong></span> <span class='ocrx_word' id='word_1_676' title='bbox 1468 2054 1599 2084; x_wconf 82' lang='lat' dir='ltr'><strong>Homines</strong></span> <span class='ocrx_word' id='word_1_677' title='bbox 1611 2057 1695 2092; x_wconf 89' lang='lat' dir='ltr'><strong>justis</strong></span> <span class='ocrx_word' id='word_1_678' title='bbox 1716 2059 1804 2095; x_wconf 83' lang='lat' dir='ltr'><strong>loqui-</strong></span> 
     </span>
    </p>
   </div>
   <div class='ocr_carea' id='block_1_101' title="bbox 1026 2103 1128 2123">
    <p class='ocr_par' dir='ltr' id='par_1_101' title="bbox 1026 2103 1128 2123">
     <span class='ocr_line' id='line_1_101' title="bbox 1026 2103 1128 2123; baseline 0.01 -1"><span class='ocrx_word' id='word_1_679' title='bbox 1026 2103 1102 2123; x_wconf 82' lang='lat' dir='ltr'><strong>lllllll.</strong></span> <span class='ocrx_word' id='word_1_680' title='bbox 1119 2104 1128 2120; x_wconf 72' lang='grc' dir='ltr'><strong><em>ι</em></strong></span> 
     </span>
    </p>
   </div>
   <div class='ocr_carea' id='block_1_102' title="bbox 1060 2142 1806 2181">
    <p class='ocr_par' dir='ltr' id='par_1_102' title="bbox 1060 2142 1806 2181">
     <span class='ocr_line' id='line_1_102' title="bbox 1060 2142 1806 2181; baseline 0.011 -12"><span class='ocrx_word' id='word_1_681' title='bbox 1060 2142 1145 2170; x_wconf 77' lang='lat' dir='ltr'><strong>Eccli.</strong></span> <span class='ocrx_word' id='word_1_682' title='bbox 1170 2151 1230 2177; x_wconf 86' lang='lat' dir='ltr'><strong>vut,</strong></span> <span class='ocrx_word' id='word_1_683' title='bbox 1260 2144 1306 2172; x_wconf 81' lang='lat' dir='ltr'><strong>tl.</strong></span> <span class='ocrx_word' id='word_1_684' title='bbox 1321 2159 1355 2164; x_wconf 92' lang='lat'><em>—</em></span> <span class='ocrx_word' id='word_1_685' title='bbox 1370 2153 1379 2170; x_wconf 75' lang='grc' dir='ltr'><strong>ι</strong></span> <span class='ocrx_word' id='word_1_686' title='bbox 1393 2143 1455 2172; x_wconf 85' lang='grc' dir='ltr'>Νοη</span> <span class='ocrx_word' id='word_1_687' title='bbox 1475 2149 1500 2173; x_wconf 89' lang='lat' dir='ltr'><strong>te</strong></span> <span class='ocrx_word' id='word_1_688' title='bbox 1514 2151 1658 2181; x_wconf 79' lang='lat' dir='ltr'><strong>praetereat</strong></span> <span class='ocrx_word' id='word_1_689' title='bbox 1683 2150 1806 2179; x_wconf 81' lang='lat' dir='ltr'><strong>narratio</strong></span> 
     </span>
    </p>
   </div>
   <div class='ocr_carea' id='block_1_103' title="bbox 1026 2189 1807 2228">
    <p class='ocr_par' dir='ltr' id='par_1_103' title="bbox 1026 2189 1807 2228">
     <span class='ocr_line' id='line_1_103' title="bbox 1026 2189 1807 2228; baseline 0.01 -13"><span class='ocrx_word' id='word_1_690' title='bbox 1026 2189 1167 2216; x_wconf 90' lang='lat' dir='ltr'><strong>seniorum</strong></span> <span class='ocrx_word' id='word_1_691' title='bbox 1182 2199 1188 2217; x_wconf 92' lang='lat'>:</span> <span class='ocrx_word' id='word_1_692' title='bbox 1207 2190 1259 2225; x_wconf 91' lang='lat' dir='ltr'><strong>ipsi</strong></span> <span class='ocrx_word' id='word_1_693' title='bbox 1273 2190 1347 2218; x_wconf 92' lang='lat' dir='ltr'><strong>enim</strong></span> <span class='ocrx_word' id='word_1_694' title='bbox 1364 2191 1522 2219; x_wconf 85' lang='lat' dir='ltr'><strong>didicerunt</strong></span> <span class='ocrx_word' id='word_1_695' title='bbox 1539 2200 1554 2219; x_wconf 88' lang='lat' dir='ltr'><strong>a</strong></span> <span class='ocrx_word' id='word_1_696' title='bbox 1569 2193 1697 2228; x_wconf 73' lang='lat' dir='ltr'><strong>&quot;patribus</strong></span> <span class='ocrx_word' id='word_1_697' title='bbox 1712 2195 1782 2223; x_wconf 89' lang='lat' dir='ltr'><strong>suis.</strong></span> <span class='ocrx_word' id='word_1_698' title='bbox 1797 2205 1807 2222; x_wconf 70' lang='grc' dir='ltr'><strong>ι</strong></span> 
     </span>
    </p>
   </div>
   <div class='ocr_carea' id='block_1_104' title="bbox 1063 2234 1806 2270">
    <p class='ocr_par' dir='ltr' id='par_1_104' title="bbox 1063 2234 1806 2270">
     <span class='ocr_line' id='line_1_104' title="bbox 1063 2234 1806 2270; baseline 0.011 -9"><span class='ocrx_word' id='word_1_699' title='bbox 1063 2234 1145 2263; x_wconf 80' lang='lat' dir='ltr'><strong>Ecclt.</strong></span> <span class='ocrx_word' id='word_1_700' title='bbox 1166 2244 1251 2270; x_wconf 82' lang='lat' dir='ltr'><strong>xxvn,</strong></span> <span class='ocrx_word' id='word_1_701' title='bbox 1266 2236 1311 2263; x_wconf 67' lang='grc'><strong>24.</strong></span> <span class='ocrx_word' id='word_1_702' title='bbox 1326 2252 1361 2257; x_wconf 89' lang='lat'><strong>——</strong></span> <span class='ocrx_word' id='word_1_703' title='bbox 1375 2247 1385 2263; x_wconf 77' lang='grc' dir='ltr'><strong>ι</strong></span> <span class='ocrx_word' id='word_1_704' title='bbox 1401 2237 1530 2266; x_wconf 79' lang='lat' dir='ltr'><strong>Narratio</strong></span> <span class='ocrx_word' id='word_1_705' title='bbox 1549 2239 1631 2267; x_wconf 82' lang='lat' dir='ltr'><strong>stulti</strong></span> <span class='ocrx_word' id='word_1_706' title='bbox 1649 2240 1806 2269; x_wconf 75' lang='lat' dir='ltr'><strong>offendicu-</strong></span> 
     </span>
    </p>
   </div>
   <div class='ocr_carea' id='block_1_105' title="bbox 985 2275 1178 2309">
    <p class='ocr_par' dir='ltr' id='par_1_105' title="bbox 985 2275 1178 2309">
     <span class='ocr_line' id='line_1_105' title="bbox 985 2275 1178 2309; baseline -0.005 0"><span class='ocrx_word' id='word_1_707' title='bbox 985 2275 1013 2306; x_wconf 80' lang='grc' dir='ltr'><strong>Ῑ)</strong></span> <span class='ocrx_word' id='word_1_708' title='bbox 1026 2282 1081 2309; x_wconf 95' lang='lat' dir='ltr'><strong>lum</strong></span> <span class='ocrx_word' id='word_1_709' title='bbox 1100 2285 1152 2309; x_wconf 91' lang='lat' dir='ltr'><strong>est.</strong></span> <span class='ocrx_word' id='word_1_710' title='bbox 1169 2292 1178 2308; x_wconf 74' lang='grc' dir='ltr'><strong>ι</strong></span> 
     </span>
    </p>
   </div>
   <div class='ocr_carea' id='block_1_106' title="bbox 1061 2325 1808 2365">
    <p class='ocr_par' dir='ltr' id='par_1_106' title="bbox 1061 2325 1808 2365">
     <span class='ocr_line' id='line_1_106' title="bbox 1061 2325 1808 2365; baseline 0.009 -13"><span class='ocrx_word' id='word_1_711' title='bbox 1061 2325 1148 2354; x_wconf 83' lang='lat' dir='ltr'><strong>Eccli.</strong></span> <span class='ocrx_word' id='word_1_712' title='bbox 1179 2335 1236 2360; x_wconf 86' lang='lat' dir='ltr'><strong>vtu,</strong></span> <span class='ocrx_word' id='word_1_713' title='bbox 1259 2327 1286 2354; x_wconf 88' lang='lat'><strong>9.</strong></span> <span class='ocrx_word' id='word_1_714' title='bbox 1305 2343 1340 2347; x_wconf 95' lang='lat'><strong>—</strong></span> <span class='ocrx_word' id='word_1_715' title='bbox 1357 2337 1366 2353; x_wconf 77' lang='grc' dir='ltr'><strong>ι</strong></span> <span class='ocrx_word' id='word_1_716' title='bbox 1393 2328 1433 2356; x_wconf 91' lang='lat' dir='ltr'><strong>Ne</strong></span> <span class='ocrx_word' id='word_1_717' title='bbox 1456 2328 1595 2365; x_wconf 87' lang='lat' dir='ltr'><strong>despicias</strong></span> <span class='ocrx_word' id='word_1_718' title='bbox 1620 2332 1808 2360; x_wconf 88' lang='lat' dir='ltr'><strong>narrationem</strong></span> 
     </span>
    </p>
   </div>
   <div class='ocr_carea' id='block_1_107' title="bbox 1026 2373 1809 2408">
    <p class='ocr_par' dir='ltr' id='par_1_107' title="bbox 1026 2373 1809 2408">
     <span class='ocr_line' id='line_1_107' title="bbox 1026 2373 1809 2408; baseline 0.006 -8"><span class='ocrx_word' id='word_1_719' title='bbox 1026 2373 1194 2407; x_wconf 89' lang='lat' dir='ltr'><strong>sapientum,</strong></span> <span class='ocrx_word' id='word_1_720' title='bbox 1210 2377 1237 2400; x_wconf 89' lang='lat' dir='ltr'><strong>et</strong></span> <span class='ocrx_word' id='word_1_721' title='bbox 1254 2373 1282 2399; x_wconf 90' lang='lat' dir='ltr'><strong>in</strong></span> <span class='ocrx_word' id='word_1_722' title='bbox 1303 2375 1457 2408; x_wconf 87' lang='lat' dir='ltr'><strong>proverbiis</strong></span> <span class='ocrx_word' id='word_1_723' title='bbox 1484 2383 1580 2404; x_wconf 90' lang='lat' dir='ltr'><strong>eorum</strong></span> <span class='ocrx_word' id='word_1_724' title='bbox 1604 2385 1779 2405; x_wconf 86' lang='lat' dir='ltr'><strong>conversare.</strong></span> <span class='ocrx_word' id='word_1_725' title='bbox 1798 2387 1809 2404; x_wconf 73' lang='grc' dir='ltr'><strong>ι</strong></span> 
     </span>
    </p>
   </div>
   <div class='ocr_carea' id='block_1_108' title="bbox 1067 2418 1808 2457">
    <p class='ocr_par' dir='ltr' id='par_1_108' title="bbox 1067 2418 1808 2457">
     <span class='ocr_line' id='line_1_108' title="bbox 1067 2418 1808 2457; baseline 0.008 -13"><span class='ocrx_word' id='word_1_726' title='bbox 1067 2418 1149 2446; x_wconf 82' lang='lat' dir='ltr'><strong>Eccli.</strong></span> <span class='ocrx_word' id='word_1_727' title='bbox 1162 2427 1220 2451; x_wconf 84' lang='lat' dir='ltr'><strong>xxt,</strong></span> <span class='ocrx_word' id='word_1_728' title='bbox 1238 2418 1281 2446; x_wconf 81' lang='grc'><strong>15.</strong></span> <span class='ocrx_word' id='word_1_729' title='bbox 1295 2434 1330 2439; x_wconf 96' lang='lat'><strong><em>—</em></strong></span> <span class='ocrx_word' id='word_1_730' title='bbox 1344 2429 1353 2445; x_wconf 73' lang='grc' dir='ltr'><strong>ι</strong></span> <span class='ocrx_word' id='word_1_731' title='bbox 1374 2420 1502 2448; x_wconf 83' lang='lat' dir='ltr'><strong>Narratio</strong></span> <span class='ocrx_word' id='word_1_732' title='bbox 1521 2422 1587 2449; x_wconf 85' lang='lat' dir='ltr'><strong>fatui</strong></span> <span class='ocrx_word' id='word_1_733' title='bbox 1604 2423 1683 2457; x_wconf 83' lang='lat' dir='ltr'><strong>quasi</strong></span> <span class='ocrx_word' id='word_1_734' title='bbox 1699 2423 1808 2450; x_wconf 86' lang='lat' dir='ltr'><strong>sarcina</strong></span> 
     </span>
    </p>
   </div>
   <div class='ocr_carea' id='block_1_109' title="bbox 1027 2464 1805 2503">
    <p class='ocr_par' dir='ltr' id='par_1_109' title="bbox 1027 2464 1805 2503">
     <span class='ocr_line' id='line_1_109' title="bbox 1027 2464 1805 2503; baseline 0.005 -12"><span class='ocrx_word' id='word_1_735' title='bbox 1027 2465 1054 2492; x_wconf 89' lang='lat' dir='ltr'><strong>in</strong></span> <span class='ocrx_word' id='word_1_736' title='bbox 1070 2465 1125 2493; x_wconf 86' lang='lat' dir='ltr'><strong>via.</strong></span> <span class='ocrx_word' id='word_1_737' title='bbox 1146 2465 1214 2492; x_wconf 82' lang='lat' dir='ltr'><strong>Nam</strong></span> <span class='ocrx_word' id='word_1_738' title='bbox 1234 2464 1260 2490; x_wconf 93' lang='lat' dir='ltr'><strong>in</strong></span> <span class='ocrx_word' id='word_1_739' title='bbox 1278 2465 1359 2493; x_wconf 78' lang='lat' dir='ltr'><strong>labiis</strong></span> <span class='ocrx_word' id='word_1_740' title='bbox 1386 2467 1490 2494; x_wconf 87' lang='lat' dir='ltr'><strong>sensati</strong></span> <span class='ocrx_word' id='word_1_741' title='bbox 1505 2467 1662 2494; x_wconf 86' lang='lat' dir='ltr'><strong>invenietur</strong></span> <span class='ocrx_word' id='word_1_742' title='bbox 1678 2467 1775 2503; x_wconf 76' lang='lat' dir='ltr'><strong>gratia.</strong></span> <span class='ocrx_word' id='word_1_743' title='bbox 1794 2478 1805 2495; x_wconf 69' lang='grc' dir='ltr'><strong>ι</strong></span> 
     </span>
    </p>
   </div>
   <div class='ocr_carea' id='block_1_110' title="bbox 1215 2511 1611 2545">
    <p class='ocr_par' dir='ltr' id='par_1_110' title="bbox 1215 2511 1611 2545">
     <span class='ocr_line' id='line_1_110' title="bbox 1215 2511 1611 2545; baseline 0.003 -7"><span class='ocrx_word' id='word_1_744' title='bbox 1215 2511 1244 2538; x_wconf 93' lang='lat' dir='ltr'><strong>S.</strong></span> <span class='ocrx_word' id='word_1_745' title='bbox 1263 2511 1340 2545; x_wconf 79' lang='lat' dir='ltr'><strong>Greg.</strong></span> <span class='ocrx_word' id='word_1_746' title='bbox 1356 2511 1428 2538; x_wconf 67' lang='grc' dir='ltr'>Νιιε.</span> <span class='ocrx_word' id='word_1_747' title='bbox 1450 2518 1553 2539; x_wconf 69' lang='lat' dir='ltr'><strong>tau-ast.</strong></span> <span class='ocrx_word' id='word_1_748' title='bbox 1569 2514 1611 2540; x_wconf 80' lang='lat' dir='ltr'><strong>i7.</strong></span> 
     </span>
    </p>
   </div>
   <div class='ocr_carea' id='block_1_111' title="bbox 1096 2546 1600 2581">
    <p class='ocr_par' dir='ltr' id='par_1_111' title="bbox 1096 2546 1600 2581">
     <span class='ocr_line' id='line_1_111' title="bbox 1096 2546 1600 2581; baseline 0.002 -8"><span class='ocrx_word' id='word_1_749' title='bbox 1096 2546 1211 2573; x_wconf 79' lang='lat' dir='ltr'><strong>Occlude</strong></span> <span class='ocrx_word' id='word_1_750' title='bbox 1231 2555 1292 2573; x_wconf 75' lang='lat' dir='ltr'><strong>cera</strong></span> <span class='ocrx_word' id='word_1_751' title='bbox 1308 2547 1428 2581; x_wconf 82' lang='lat' dir='ltr'><strong>turpibus</strong></span> <span class='ocrx_word' id='word_1_752' title='bbox 1439 2548 1523 2575; x_wconf 78' lang='lat' dir='ltr'><strong>verbis</strong></span> <span class='ocrx_word' id='word_1_753' title='bbox 1539 2554 1600 2575; x_wconf 83' lang='lat' dir='ltr'><strong>tuas</strong></span> 
     </span>
    </p>
   </div>
   <div class='ocr_carea' id='block_1_112' title="bbox 1098 2583 1668 2616">
    <p class='ocr_par' dir='ltr' id='par_1_112' title="bbox 1098 2583 1668 2616">
     <span class='ocr_line' id='line_1_112' title="bbox 1098 2583 1668 2616; baseline 0.004 -8"><span class='ocrx_word' id='word_1_754' title='bbox 1098 2584 1190 2613; x_wconf 79' lang='lat' dir='ltr'><strong>Aures.</strong></span> <span class='ocrx_word' id='word_1_755' title='bbox 1213 2583 1335 2616; x_wconf 73' lang='lat' dir='ltr'><strong>sortisque</strong></span> <span class='ocrx_word' id='word_1_756' title='bbox 1349 2587 1474 2609; x_wconf 75' lang='lat' dir='ltr'><strong>cantuum</strong></span> <span class='ocrx_word' id='word_1_757' title='bbox 1492 2583 1668 2610; x_wconf 76' lang='lat' dir='ltr'><strong>suavissimis.</strong></span> 
     </span>
    </p>
   </div>
   <div class='ocr_carea' id='block_1_113' title="bbox 1098 2617 1692 2651">
    <p class='ocr_par' dir='ltr' id='par_1_113' title="bbox 1098 2617 1692 2651">
     <span class='ocr_line' id='line_1_113' title="bbox 1098 2617 1692 2651; baseline 0.003 -9"><span class='ocrx_word' id='word_1_758' title='bbox 1098 2617 1209 2643; x_wconf 79' lang='lat' dir='ltr'><strong>Puteant</strong></span> <span class='ocrx_word' id='word_1_759' title='bbox 1224 2617 1339 2643; x_wconf 75' lang='lat' dir='ltr'><strong>honestis</strong></span> <span class='ocrx_word' id='word_1_760' title='bbox 1355 2625 1457 2651; x_wconf 73' lang='lat' dir='ltr'><strong>semper</strong></span> <span class='ocrx_word' id='word_1_761' title='bbox 1472 2623 1499 2644; x_wconf 82' lang='lat' dir='ltr'><strong>at</strong></span> <span class='ocrx_word' id='word_1_762' title='bbox 1519 2619 1692 2645; x_wconf 80' lang='lat' dir='ltr'><strong>sermonibus.</strong></span> 
     </span>
    </p>
   </div>
   <div class='ocr_carea' id='block_1_114' title="bbox 1096 2651 1750 2688">
    <p class='ocr_par' dir='ltr' id='par_1_114' title="bbox 1096 2651 1750 2688">
     <span class='ocr_line' id='line_1_114' title="bbox 1096 2651 1750 2688; baseline 0.003 -11"><span class='ocrx_word' id='word_1_763' title='bbox 1096 2651 1207 2684; x_wconf 81' lang='lat' dir='ltr'><strong>Audire,</strong></span> <span class='ocrx_word' id='word_1_764' title='bbox 1221 2652 1286 2686; x_wconf 75' lang='lat' dir='ltr'><strong>fari,</strong></span> <span class='ocrx_word' id='word_1_765' title='bbox 1302 2652 1387 2686; x_wconf 77' lang='lat' dir='ltr'><strong>facere</strong></span> <span class='ocrx_word' id='word_1_766' title='bbox 1402 2660 1454 2679; x_wconf 84' lang='lat' dir='ltr'><strong>non</strong></span> <span class='ocrx_word' id='word_1_767' title='bbox 1477 2653 1577 2679; x_wconf 82' lang='lat' dir='ltr'><strong>distant</strong></span> <span class='ocrx_word' id='word_1_768' title='bbox 1593 2654 1696 2688; x_wconf 82' lang='lat' dir='ltr'><strong>procul.</strong></span> <span class='ocrx_word' id='word_1_769' title='bbox 1747 2676 1750 2679; x_wconf 43' lang='grc' dir='ltr'><strong><em>λ</em></strong></span> 
     </span>
    </p>
   </div>
   <div class='ocr_carea' id='block_1_115' title="bbox 1149 2696 1682 2732">
    <p class='ocr_par' dir='ltr' id='par_1_115' title="bbox 1149 2696 1682 2732">
     <span class='ocr_line' id='line_1_115' title="bbox 1149 2696 1682 2732; baseline 0.006 -9"><span class='ocrx_word' id='word_1_770' title='bbox 1149 2696 1218 2725; x_wconf 87' lang='grc' dir='ltr'><strong>ΤΙΤ.</strong></span> <span class='ocrx_word' id='word_1_771' title='bbox 1236 2696 1306 2724; x_wconf 84' lang='lat' dir='ltr'><strong>XlV.</strong></span> <span class='ocrx_word' id='word_1_772' title='bbox 1321 2712 1356 2717; x_wconf 92' lang='lat'><strong><em>—</em></strong></span> <span class='ocrx_word' id='word_1_773' title='bbox 1371 2696 1406 2723; x_wconf 87' lang='lat' dir='ltr'><strong>De</strong></span> <span class='ocrx_word' id='word_1_774' title='bbox 1415 2697 1523 2732; x_wconf 81' lang='lat' dir='ltr'><strong>justitia</strong></span> <span class='ocrx_word' id='word_1_775' title='bbox 1536 2704 1559 2725; x_wconf 84' lang='lat' dir='ltr'><strong>et</strong></span> <span class='ocrx_word' id='word_1_776' title='bbox 1575 2699 1682 2726; x_wconf 81' lang='lat' dir='ltr'><strong>virtute.</strong></span> 
     </span>
    </p>
   </div>
   <div class='ocr_carea' id='block_1_116' title="bbox 1062 2741 1734 2776">
    <p class='ocr_par' dir='ltr' id='par_1_116' title="bbox 1062 2741 1734 2776">
     <span class='ocr_line' id='line_1_116' title="bbox 1062 2741 1734 2776; baseline -0.001 -6"><span class='ocrx_word' id='word_1_777' title='bbox 1062 2743 1140 2770; x_wconf 85' lang='lat' dir='ltr'><strong>Prov.</strong></span> <span class='ocrx_word' id='word_1_778' title='bbox 1153 2751 1191 2776; x_wconf 72' lang='grc' dir='ltr'>ιιι,</span> <span class='ocrx_word' id='word_1_779' title='bbox 1212 2743 1239 2769; x_wconf 68' lang='lat' dir='ltr'><strong>lt.</strong></span> <span class='ocrx_word' id='word_1_780' title='bbox 1253 2757 1289 2761; x_wconf 93' lang='lat'><strong><em>—</em></strong></span> <span class='ocrx_word' id='word_1_781' title='bbox 1307 2751 1316 2767; x_wconf 74' lang='grc' dir='ltr'><strong>ε</strong></span> <span class='ocrx_word' id='word_1_782' title='bbox 1334 2741 1562 2770; x_wconf 87' lang='lat' dir='ltr'><strong>Justitia—liberat</strong></span> <span class='ocrx_word' id='word_1_783' title='bbox 1574 2751 1588 2770; x_wconf 88' lang='lat' dir='ltr'><strong>a</strong></span> <span class='ocrx_word' id='word_1_784' title='bbox 1607 2748 1705 2771; x_wconf 84' lang='lat' dir='ltr'><strong>morte.</strong></span> <span class='ocrx_word' id='word_1_785' title='bbox 1725 2753 1734 2769; x_wconf 73' lang='grc' dir='ltr'><strong>ι</strong></span> 
     </span>
    </p>
   </div>
   <div class='ocr_carea' id='block_1_117' title="bbox 1061 2788 1766 2824">
    <p class='ocr_par' dir='ltr' id='par_1_117' title="bbox 1061 2788 1766 2824">
     <span class='ocr_line' id='line_1_117' title="bbox 1061 2788 1766 2824; baseline -0.001 -8"><span class='ocrx_word' id='word_1_786' title='bbox 1061 2789 1140 2816; x_wconf 86' lang='lat' dir='ltr'><strong>Prov.</strong></span> <span class='ocrx_word' id='word_1_787' title='bbox 1157 2797 1205 2822; x_wconf 79' lang='lat' dir='ltr'><strong>xu,</strong></span> <span class='ocrx_word' id='word_1_788' title='bbox 1223 2789 1268 2816; x_wconf 78' lang='lat'><strong>&#39;28.</strong></span> <span class='ocrx_word' id='word_1_789' title='bbox 1286 2803 1321 2808; x_wconf 88' lang='lat'><strong>—-</strong></span> <span class='ocrx_word' id='word_1_790' title='bbox 1338 2797 1347 2812; x_wconf 74' lang='grc' dir='ltr'><strong>ι</strong></span> <span class='ocrx_word' id='word_1_791' title='bbox 1363 2788 1392 2814; x_wconf 85' lang='lat' dir='ltr'><strong>In</strong></span> <span class='ocrx_word' id='word_1_792' title='bbox 1411 2789 1518 2816; x_wconf 84' lang='lat' dir='ltr'><strong>semitis</strong></span> <span class='ocrx_word' id='word_1_793' title='bbox 1535 2789 1649 2824; x_wconf 73' lang='lat' dir='ltr'><strong>justitize</strong></span> <span class='ocrx_word' id='word_1_794' title='bbox 1669 2790 1736 2817; x_wconf 83' lang='lat' dir='ltr'><strong>vita.</strong></span> <span class='ocrx_word' id='word_1_795' title='bbox 1758 2799 1766 2815; x_wconf 81' lang='grc' dir='ltr'><strong>ι</strong></span> 
     </span>
    </p>
   </div>
   <div class='ocr_carea' id='block_1_118' title="bbox 1068 2834 1752 2872">
    <p class='ocr_par' dir='ltr' id='par_1_118' title="bbox 1068 2834 1752 2872">
     <span class='ocr_line' id='line_1_118' title="bbox 1068 2834 1752 2872; baseline -0.003 -11"><span class='ocrx_word' id='word_1_796' title='bbox 1068 2835 1148 2864; x_wconf 79' lang='lat' dir='ltr'><strong>Prov.</strong></span> <span class='ocrx_word' id='word_1_797' title='bbox 1163 2843 1217 2869; x_wconf 81' lang='lat' dir='ltr'><strong>xlv,</strong></span> <span class='ocrx_word' id='word_1_798' title='bbox 1235 2835 1282 2864; x_wconf 70' lang='lat'><strong>54.</strong></span> <span class='ocrx_word' id='word_1_799' title='bbox 1294 2850 1328 2856; x_wconf 91' lang='lat'><strong><em>—</em></strong></span> <span class='ocrx_word' id='word_1_800' title='bbox 1344 2846 1353 2862; x_wconf 76' lang='grc' dir='ltr'><strong>ι</strong></span> <span class='ocrx_word' id='word_1_801' title='bbox 1371 2834 1482 2863; x_wconf 68' lang='lat' dir='ltr'><strong>Iustitia</strong></span> <span class='ocrx_word' id='word_1_802' title='bbox 1499 2835 1585 2863; x_wconf 81' lang='lat' dir='ltr'><strong>elevat</strong></span> <span class='ocrx_word' id='word_1_803' title='bbox 1601 2838 1721 2872; x_wconf 81' lang='lat' dir='ltr'><strong>gentem.</strong></span> <span class='ocrx_word' id='word_1_804' title='bbox 1743 2843 1752 2859; x_wconf 77' lang='grc' dir='ltr'><strong>ι</strong></span> 
     </span>
    </p>
   </div>
  </div>
