2074 3115
177 82 198 96 ο

291 289 343 312 tes.
361 293 371 309 ι

297 86 364 119 1379

889 88 918 119 S.
939 89 1098 121 JOANNIS
1113 91 1330 124 DAMASCENI

1859 100 1926 134 1380

332 146 410 173 Prov.
428 152 465 177 ιι,
486 143 528 170 18.
544 158 577 164 -
594 152 604 169 c
619 142 775 170 Seminanti
794 142 945 178 justitiam,
972 152 1071 173 merce:

1170 157 1178 172 ι
1200 148 1229 174 ’0
1239 149 1357 184 σπείρων
1368 149 1541 187 δικαιοσύνην
1554 152 1668 188 λήψεται
1681 153 1777 190 μισθὸν
1789 157 1895 185 πιστόν.
1913 168 1921 184 ι

293 192 393 221 ﬁdelis.
415 200 423 216 ι

328 238 408 265 Prov.
430 243 491 264 xui.
515 235 543 263 6.
575 250 611 256 —
640 244 648 260 ι
670 233 781 263 Iustitia
803 235 927 278 custodit
946 235 1081 264 innocen-

325 332 406 359 Prov.
434 338 480 362 xv,
503 329 530 361 9,
561 329 588 357 5.
611 343 647 349 —
670 338 680 355 ι
709 327 912 363 Persequentes
941 327 1080 363 justitiam

289 383 365 406 amat
381 378 465 406 Deus.
483 377 512 404 in
527 376 678 404 abundanti
693 375 819 411 justitia.
835 375 926 402 virtus
940 382 1049 410 magna.
1067 383 1077 401 ι

324 425 404 452 Prov.
422 431 481 456 ut,
497 423 543 450 2|.
555 437 589 443 ——-
607 432 616 448 ι
634 421 685 448 Via
697 420 814 457 iustitiae
834 423 862 447 et
880 419 1081 449 misericordia:

288 470 412 498 inveniet
429 470 512 497 vitam
530 472 557 496 et
574 467 705 503 gloriam.
727 476 737 493 ι

328 516 406 544 Prov.
420 516 459 547 xi,
476 514 520 542 50.
537 529 572 534 ——
585 523 594 540 ι
621 513 659 540 Ex
685 512 778 540 fructu
805 511 924 547 justitiaa
952 511 1080 539 nascitur

288 563 391 598 lignum
411 562 483 589 vitae.
498 570 508 587 ›

326 619 335 634 ε
353 609 523 636 Potestatem
543 605 590 634 dat
604 604 784 633 sermonibus
797 602 1049 638 initiumjustitire.
1066 611 1076 628 ι

323 655 403 682 Prov.
419 661 457 687 xl,
474 652 501 679 4.
518 666 554 673 -
567 661 576 677 ι
593 650 706 679 Justitia
729 647 993 685 irreprehensibiles
1017 647 1078 676 vias

287 700 382 727 struit.
403 709 412 725 I

322 746 401 773 Prov.
431 752 486 777 xw,
513 743 540 771 5.
557 758 592 764 —
615 752 625 770 ι
652 741 767 770 Initium
789 741 854 768 vitae
874 740 954 768 bonae
986 739 1078 768 facere

281 794 368 828 justa.
389 785 407 818 μ’

1174 246 1182 262 ι
1202 237 1364 274 Δικαιοσύνη
1381 239 1510 274 φυλάττει
1528 241 1660 274 ἀκάκους.
1675 252 1683 270 ν

1172 336 1181 351 ι
1200 327 1353 360 Διὼκοντας
1365 330 1538 366 δικαιοσύνην
1552 331 1647 368 ἀγαπᾷ
1657 333 1671 358 ό
1685 332 1763 365 Θεός.
1786 334 1830 360 Ἐν
1845 335 1922 362 πλεο‹

1131 372 1250 410 ναζούσῃ
1261 373 1418 412 δικαιοσύνῃ
1430 376 1506 412 ἰσχὺς
1518 377 1612 413 πολλή.
1628 387 1637 404 ι

1170 429 1179 445 ε
1200 419 1273 452 Ὁδὸς
1286 420 1458 458 δικαιοσύνης
1475 424 1523 451 καὶ
1536 424 1597 459 ὲλεη
1602 424 1721 461 μοσύνης
1731 426 1842 463 εὑρήσει
1850 427 1921 464 ζωήν

1131 465 1180 493 καὶ
1193 466 1282 500 δόξαν.
1302 476 1313 494 ι

1168 522 1177 539 ι
1200 513 1247 541 Ἐκ
1257 515 1364 549 καρποῦ
1377 515 1553 554 δικαιοσύνης
1566 517 1663 554 φύεται
1682 518 1790 556 δένδρον
1805 521 1888 557 ζωῆς.
1908 531 1919 549 ι

1168 608 1177 625 ι
1198 599 1338 634 Ἐξουσίαν
1357 601 1449 628 δίδωσι
1468 602 1557 637 λόγοις
1571 603 1641 639 ἀρχὴ
1650 603 1834 642 δικαιοσύνης.
1853 616 1863 632 ι

1166 654 1176 671 ι
1191 646 1355 682 Δικαιοσύνη
1365 646 1497 684 ἀμώμους
1512 648 1656 685 ὀρθοτομεῖ
1667 651 1754 684 ὁδούς.
1777 663 1787 679 ι

1167 745 1175 761 ι
1200 734 1282 771 Ἀρχὴ
1294 735 1355 762 6δοῦ
1369 736 1485 773 ἀγαθῆς,
1501 738 1588 766 ποιεῖν
1601 738 1705 767 δίκαια.
1729 749 1739 766 ι

319 839 402 866 Prov.
418 845 475 869 xvi,
491 836 595 864 17.--‹
606 833 763 870 Longitudo
774 831 910 874 vitaikvia
925 830 1071 866 iustitiae.)

1161 836 1172 853 ι
1194 828 1289 864 Μῆκος
1301 829 1359 864 βίου
1378 830 1437 862 ὁδὸς
1450 830 1636 868 δικαιοσύνης.
1654 842 1663 859 ι

321 883 402 910 Prov.
433 890 492 914 xxi.
506 882 580 909 5.-
601 889 610 906 ι
633 879 738 907 Facere
759 878 846 913 justa,
873 881 901 905 et
927 876 1073 904 veritatem

286 929 389 960 dicere,
407 926 495 963 magis
520 925 611 962 placet
639 923 768 957 Domino,
797 929 880 959 quam
906 921 1020 957 sanguis
1032 922 1075 949 vi-

286 975 389 1003 ctimae.
410 983 419 1000 ›

323 1021 379 1048 lsa.
397 1028 486 1052 xxxu,
515 1019 557 1047 i7.
578 1026 634 1043 -ι
653 1016 744 1044 Erunt
768 1023 854 1052 opera
876 1014 993 1050 iustitia
1009 1021 1073 1050 pax,

283 1071 311 1094 et
326 1065 464 1094 obtinebit
481 1063 591 1099 justitia
606 1062 743 1097 requiem.
760 1070 769 1087 ›

321 1111 379 1140 Ιδα.
389 1119 463 1143 xxvi,
475 1110 504 1143 9,
514 1109 593 1137 ‘2.—«
605 1108 746 1136 Justitiam
757 1106 869 1139 discite,
882 1105 930 1140 qui
943 1104 1075 1133 habitatis

285 1158 312 1185 iu
325 1161 425 1184 terra:
448 1153 569 1182 cessavit
593 1153 669 1180 enim
689 1152 803 1187 impius.
831 1150 944 1186 Aperite
969 1153 1073 1185 portas,

285 1202 460 1240 ingrediatur
477 1200 600 1236 populus
616 1198 780 1227 custodiens
794 1196 933 1233 justitiam
949 1200 977 1224 et
998 1196 1074 1223 vei-io

297 1256 378 1276 atem.
400 1257 409 1274 I

297 1260 300 1265 -
340 1256 378 1276 ιιι.
400 1257 409 1274 ι

282 1255 377 1322 t“ita.
391 1300 448 1327 va,
463 1292 490 1320 1.
504 1306 539 1312 -
551 1284 572 1318 ι’
585 1289 650 1318 Haec
666 1288 735 1317 dicit
751 1287 906 1316 Dominus:
931 1285 1075 1315 Custodite

282 1338 431 1373 judicium,
462 1336 547 1364 facite
571 1335 709 1370 justitiam
737 1333 870 1361 divinam.
899 1331 1000 1360 Beatus
1027 1330 1075 1366 qui

284 1382 354 1410 facit
368 1382 438 1415 haec,
454 1384 481 1408 ct
499 1380 545 1416 qui
562 1378 663 1406 retinet
683 1378 747 1406 ista.
766 1386 777 1404 ι

321 1428 386 1462 Sap.
405 1435 426 1459 ι,
443 1426 489 1453 15.
501 1441 535 1446 -
551 1434 560 1451 ι
579 1424 694 1453 Justitia
709 1422 877 1451 immortalis
892 1425 946 1450 est.
959 1431 969 1448 ›

319 1472 385 1507 Sap.
404 1479 464 1504 Vlll,
491 1471 517 1497 '1.
533 1485 569 1490 —
585 1479 594 1496 ι
608 1470 638 1497 Si
658 1468 798 1505 justitiam
816 1468 907 1504 diligit
933 1467 1017 1504 quis;
1034 1467 1074 1496 la-

283 1519 365 1546 bores
382 1516 469 1552 ipsius
484 1520 550 1543 sunt
563 1515 692 1543 virtutes.
709 1523 718 1540 ›

319 1563 406 1590 Eccli.
427 1570 513 1595 xxvu,
536 1561 563 1588 9.
579 1576 614 1582 ——
629 1570 638 1586 ‹
665 1560 695 1588 Si
713 1560 842 1596 sequaris
861 1559 1012 1596 justitiam,
1027 1568 1075 1596 ap-

283 1609 442 1646 prchench
459 1615 531 1640 eam,
546 1611 573 1634 et
594 1607 696 1634 inducs
715 1606 791 1634 illam
816 1610 848 1634 ut
866 1607 997 1642 poderem
1015 1606 1075 1642 glo-

283 1656 341 1683 riae.
363 1663 372 1680 ι

320 1699 418 1726 Matth.
434 1706 461 1731 ν,
478 1698 505 1726 6,
523 1712 557 1717 --
570 1705 580 1723 ι
599 1696 677 1724 Beati
705 1696 752 1731 qui
769 1695 898 1724 esuriuut
922 1700 950 1724 et
976 1696 1075 1725 sitiunt

282 1745 429 1782 justitiam,
447 1743 578 1779 quoniam
599 1742 652 1777 ipsi
675 1743 884 1770 saturabuntur.
904 1751 914 1768 ι

319 1791 334 1819 1
346 1791 428 1819 Joan.
446 1798 476 1822 η,
490 1789 584 1828 29.:-
599 1787 694 1816 Omnis
711 1789 758 1824 qui
783 1788 851 1815 facit
872 1787 1019 1824 justitiam,
1040 1795 1074 1816 ex

283 1839 340 1868 Deo
356 1842 409 1866 cst.
430 1847 440 1864 ι

319 1885 406 1912 Busil.
433 1884 461 1910 in
488 1883 574 1917 princ.
604 1881 684 1908 Prov.
700 1895 735 1901 —
756 1880 869 1908 Iustitia
897 1886 939 1908 est
962 1880 1073 1909 habitus

281 1931 434 1965 unicuique
456 1929 583 1956 tribuens
610 1927 685 1963 quod
706 1927 820 1962 dignum
848 1927 941 1954 iuuerit.
956 1926 986 1954 ld
1008 1934 1073 1954 vero

282 1977 392 2011 assequi
420 1974 502 2002 facile
533 1982 588 2001 non
613 1976 679 2001 est:
703 1972 778 2008 quod
802 1973 931 2000 videlicet
950 1973 996 2000 alii
1013 1973 1073 2008 qui-

282 2023 343 2051 dem
359 2022 488 2050 homines
512 2020 546 2048 ob
572 2019 730 2056 prudentiae
755 2019 877 2054 inopiam
899 2019 972 2047 haud
996 2019 1073 2047 iuve-

282 2070 363 2097 niunt
380 2075 434 2104 quo
446 2072 527 2103 pacto
542 2067 692 2101 unicuique
708 2066 782 2101 quod
799 2073 909 2101 aequum
925 2065 960 2093 sit
976 2065 1071 2093 distri-

281 2117 384 2150 buant;
415 2114 462 2142 alii
489 2120 556 2141 vero
573 2112 620 2148 jus
646 2111 818 2145 oblitteram,
847 2111 912 2147 quia
942 2111 1072 2139 humanis

1164 885 1173 902 ‹
1191 875 1280 902 Ποιεῖν
1293 875 1397 909 δίκαια,
1413 878 1460 904 καὶ
1479 877 1632 913 ἀληθεύειν,
1649 878 1754 914 ἀρεστά
1770 881 1846 916 παρά
1858 881 1919 917 Θεῷ

1126 919 1227 955 μᾶλλον
1240 919 1256 955 ἢ
1275 919 1374 948 θυσιῶν
1389 918 1468 957 αἷμα.
1485 930 1496 947 ι

1164 1017 1174 1034 ι
1187 1008 1283 1035 Ἔσται
1291 1008 1325 1035 τὰ
1334 1008 1403 1044 ἔργα
1417 1009 1592 1046 δικαιοσύνης
1603 1011 1709 1047 εἰρήνη,
1721 1012 1769 1040 καὶ
1783 1013 1919 1049 κρατήσει

1125 1053 1143 1088 ἡ
1156 1052 1313 1088 δικαιοσύνη
1324 1053 1488 1082 ἀνάπαυσιν.
1507 1064 1517 1081 ι

1162 1107 1172 1124 ε
1185 1098 1364 1134 Δικαιοσύνην
1379 1099 1490 1134 μάθετε,
1503 1101 1527 1127 oi
1542 1101 1709 1134 ἐνοικοῦντες
1724 1102 1772 1129 ἐπὶ
1792 1104 1842 1139 τῆς
1852 1105 1918 1140 γῆς·

1125 1144 1261 1171 πέπαυται
1279 1144 1332 1180 γὰρ
1344 1145 1358 1171 ὁ
1372 1145 1484 1181 ἀσεϐής.
1508 1145 1642 1181 Ἀνοιξατε
1657 1148 1754 1181 πύλας,
1770 1149 1918 1178 εἰσελθέτω

1124 1190 1187 1223 λαὸς
1202 1191 1345 1226 φυλάττων
1355 1191 1530 1229 δικαιοσύνην
1542 1193 1588 1220 καὶ
1603 1194 1741 1231 ἀλήθειαν.
1761 1204 1771 1222 ι

1163 1296 1173 1314 ι
1196 1287 1265 1321 Τάδε
1278 1287 1353 1322 λέγει
1365 1287 1469 1323 Κύριος
1480 1296 1488 1304 ·
1502 1288 1672 1316 Φυλάσσεσοε
1686 1289 1792 1325 κρίσιν,
1813 1291 1917 1317 ποιεῖ-η

1124 1333 1298 1369 δικαιοσύνην
1327 1333 1413 1361 θείαν.
1442 1334 1585 1370 Μακάριος
1613 1335 1627 1361 ὁ
1653 1335 1738 1362 ποιῶν
1763 1335 1852 1364 ταῦτα
1869 1337 1917 1364 καὶ

1125 1378 1303 1414 ἀντεχόμενος
1321 1378 1421 1406 αὐτῶν.
1441 1388 1451 1406 ι

1163 1433 1173 1450 ‹
1191 1424 1353 1460 Δικαιοσύνη
1367 1424 1501 1457 ἀθάνατός
1513 1426 1596 1454 ἐστιν.
1613 1437 1622 1453 ι

1162 1479 1172 1496 ι
1190 1470 1253 1498 Ἐὰν
1262 1470 1435 1506 δικαιοσύνην
1449 1472 1545 1509 ἀγαπᾷ
1552 1481 1604 1506 τις,
1622 1474 1646 1500 οἱ
1659 1474 1736 1501 πόνοι
1747 1473 1827 1502 αὐτοῦ
1845 1475 1916 1503 εἰσιν

1126 1515 1232 1551 ἀρεταί.
1250 1525 1260 1541 ι

1163 1571 1173 1588 ‹
1198 1562 1260 1589 Ἐὰν
1270 1561 1370 1598 διώκῃς
1385 1563 1414 1590 τὸ
1428 1563 1542 1598 δίκαιον,
1560 1564 1723 1600 καταλήψει,
1754 1565 1800 1592 καὶ
1817 1565 1916 1603 ἐνδύσῃ

1125 1606 1192 1635 αὐτὸ
1202 1607 1239 1639 ὡς
1254 1606 1359 1644 ποδήρη
1369 1607 1457 1644 δόξης.
1476 1618 1486 1635 ι

1165 1703 1174 1718 ι
1183 1694 1321 1730 Μακάριοι
1333 1696 1357 1722 οἱ
1371 1696 1519 1729 πεινῶντες
1528 1696 1576 1724 καὶ
1589 1696 1720 1732 διψῶντες
1728 1698 1914 1736 δικαιοσύνην,

1124 1739 1166 1766 ὅτι
1180 1739 1257 1767 αὐτοὶ
1271 1741 1512 1777 χορτασθήσονται.
1527 1752 1536 1768 ι

1165 1795 1174 1811 ε
1184 1786 1242 1818 Πᾶς
1255 1787 1270 1813 ό
1286 1787 1371 1815 ποιῶν
1384 1788 1433 1824 τὴν
1446 1788 1629 1825 δικαιοσύνην,
1642 1791 1676 1817 ἐκ
1685 1791 1732 1818 τοῦ
1742 1790 1810 1818 Θεοῦ
1827 1792 1911 1819 ἑστι-ι

1158 1883 1319 1920 Δικαιοσύνη
1327 1885 1401 1913 ἐστὶν
1417 1885 1472 1918 ἕξις
1484 1887 1673 1923 ἀπονεμητικὴ
1684 1887 1733 1914 τοῦ
1745 1889 1806 1915 κατ’
1822 1887 1903 1920 ἀξίαν

1123 1930 1297 1966 Δυσθήρατον
1311 1931 1339 1957 δὲ
1353 1932 1442 1965 τοῦτο,
1458 1932 1512 1960 τῶν
1525 1933 1574 1969 μὲν
1590 1933 1635 1961 διὰ
1649 1934 1680 1960 τὸ
1699 1935 1762 1970 περὶ
1780 1935 1828 1970 τὴν
1845 1935 1914 1971 φρό-

1123 1983 1200 2010 νησιν
1216 1975 1336 2010 ὲλλειπὲς
1351 1977 1400 2012 οὐχ
1411 1978 1592 2014 εὑρισκόντων
1609 1979 1716 2015 ἑκάστῳ
1728 1979 1863 2015 διανεῖμαι
1883 1980 1914 2007 τὸ

1122 2017 1190 2054 ἴσον,
1202 2021 1257 2048 τῶν
1269 2021 1297 2048 δὲ
1307 2021 1350 2048 διὰ
1363 2022 1394 2049 τὸ
1408 2023 1624 2059 προκατέχεσθαι
1639 2024 1691 2051 ὑπὸ
1705 2025 1799 2052 παθῶν
1810 2025 1915 2060 ἀνθρω-

1123 2067 1220 2099 πίνων,
1233 2067 1418 2102 ἀφανιζόντων
1438 2069 1469 2096 τὺ
1486 2069 1600 2097 δίκαιον.
1616 2085 1651 2090 -
1668 2070 1703 2097 Ἦ
1723 2071 1808 2106 ἀρετὴ
1834 2071 1913 2106 λόγον

1123 2112 1216 2147 ὑγείας
1233 2113 1334 2149 ἐπέχει.
1351 2128 1386 2135 -
1399 2114 1567 2151 Τιμιώτερον
1583 2117 1668 2152 ἀρετὴ
1694 2117 1711 2152 ἢ
1736 2117 1862 2149 πλοῦτος.
1880 2133 1913 2139 ·-

282 2161 426 2189 ali‘cctibus
456 2159 586 2195 occupati
606 2162 746 2185 tenentur.
770 2172 805 2178 —
819 2156 917 2185 Virtus
940 2157 1070 2185 sanitatis

1128 2157 1241 2194 Ἀρετῆς
1251 2158 1378 2194 ἄσκησις,
1393 2160 1483 2194 τίμιον
1498 2161 1549 2196 μὲν
1565 2161 1660 2197 κτῆμα
1673 2162 1713 2198 τῷ
1734 2163 1834 2199 ἔχοντι,
1853 2164 1913 2200 ῆδια

281 2208 417 2234 rationem
438 2206 555 2234 obtinet.
569 2220 604 2225 ——
617 2203 798 2231 Prmstantior
823 2206 866 2230 est
885 2203 976 2230 virtus
1005 2203 1066 2238 opi-

1120 2212 1182 2230 στον
1199 2203 1228 2230 δὲ
1247 2203 1336 2239 θέαμα
1354 2206 1410 2237 τοῖς
1428 2207 1647 2242 ἐντυγχάνουσιν.

281 2250 495 2286 bus—438
518 2249 638 2277 Virtutis
663 2249 759 2276 cultus
789 2252 846 2275 tum
876 2248 1012 2283 praeclara
1040 2248 1155 2276 habenti
1184 2251 1326 2284 possessio
1354 2254 1414 2284 est,
1440 2255 1498 2278 tum
1527 2252 1682 2287 jucundum
1715 2246 1911 2289 spectaculum

281 2298 318 2326 iis
334 2296 382 2332 qui
401 2303 464 2324 cum
479 2303 513 2323 eo
528 2297 686 2323 versantur.

315 2351 347 2381 S.
363 2352 441 2388 Greg.
458 2351 520 2379 Naz
551 2355 622 2381 orat.
639 2351 712 2378 1.-
726 2349 832 2378 Bonum
861 2350 989 2378 humane
1018 2357 1069 2377 na-

280 2403 350 2426 tura:
374 2402 458 2434 captu
479 2397 693 2433 haudquaquam
715 2395 795 2424 facile
812 2399 866 2428 est,
882 2395 1067 2431 quemadmo-

279 2447 344 2473 dum
361 2445 433 2480 ignis
445 2443 596 2471 humidiori
615 2443 748 2471 materiae.

277 2540 280 2542 _
316 2502 346 2531 S.
360 2502 438 2538 (ἔνθα.
452 2501 611 2536 Νιιδδρημντ
630 2501 765 2528 Virtutem
787 2500 821 2527 ab
844 2488 921 2527 om‘ni
952 2504 1023 2527 metu
1041 2503 1068 2526 et

279 2548 469 2577 dominatione
489 2546 603 2574 liberam
617 2553 678 2573 esse
691 2545 833 2573 convenit.

313 2603 412 2640 Ejusd.
435 2604 464 2630 in
490 2602 570 2630 Cant.
593 2606 665 2629 cant.
679 2600 820 2629 —-Virtus
844 2607 889 2628 res
903 2605 947 2628 est
963 2600 1069 2628 nullius

279 2651 403 2679 dominio
434 2649 604 2684 mancipata,
630 2647 677 2675 sed
694 2647 863 2679 voluntaria,
887 2651 914 2674 et
940 2646 974 2674 ab
994 2647 1069 2674 omni

281 2696 450 2725 necessitate
464 2695 560 2723 libera.

318 2748 412 2782 Ejusd.
422 2750 450 2776 in
458 2749 570 2784 primam
584 2747 664 2774 bealit
673 2763 718 2774 .-—
727 2745 897 2781 Hujusmodi
909 2751 951 2776 est
963 2747 1065 2775 divisio

282 2791 403 2823 virtutis,
425 2798 454 2820 ut
470 2798 495 2821 ct
517 2793 544 2820 in
563 2800 659 2820 omnes
677 2792 722 2827 qui
742 2791 829 2826 ipsius
850 2792 968 2821 studiosi
986 2798 1061 2825 sunt,

1158 2348 1314 2384 Δύσληπτον
1323 2348 1354 2375 τὺ
1367 2348 1469 2382 ἀγαθὸν
1487 2350 1521 2385 τῇ
1535 2349 1694 2386 ἀνθρωπίνῃ
1713 2350 1804 2385 φύσει,
1816 2351 1912 2387 ὥσπερ

1123 2396 1171 2422 καὶ
1188 2395 1244 2430 πῦρ
1259 2394 1310 2431 ὕλῃ
1322 2395 1355 2430 τῇ
1372 2395 1516 2431 ὑγροτέρᾳ.

1165 2504 1325 2539 Ἐλευθέραν
1341 2500 1411 2529 εἶναι.
1421 2503 1552 2538 προσήκει
1569 2502 1668 2535 παντὸς
1683 2502 1768 2538 φόϐου
1781 2503 1830 2539 τὴν
1845 2503 1911 2539 ἀρε-

1119 2552 1169 2588 τὴν
1188 2552 1236 2579 καὶ
1249 2551 1405 2579 ἀδέσποτον.

1161 2608 1322 2635 Ἀδέσποτον
1339 2608 1356 2643 ή
1371 2607 1466 2643 ἀρετὴ,
1498 2607 1545 2634 καὶ
1559 2606 1696 2640 ἑκούσιον,
1713 2607 1762 2634 καὶ
1787 2607 1912 2641 ἀνάγκης

1120 2654 1212 2690 πάσης
1223 2653 1374 2688 ἐλεύθερον.

1156 2746 1273 2782 Τοιαύτη
1284 2745 1333 2780 τῆς
1348 2745 1448 2781 ἀρετῆς
1463 2745 1479 2781 ἡ
1495 2745 1636 2781 διαίρεσις,
1646 2745 1717 2772 ὥστε
1729 2744 1776 2771 καὶ
1791 2743 1831 2775 εἰς
1844 2743 1916 2770 πάν-

1121 2802 1171 2825 τας
1188 2793 1251 2824 τοὺς
1266 2792 1505 2827 ἀντιποιουμένους
1522 2791 1606 2827 αὐτῆς
1621 2790 1838 2827 διαμερίζεσθαι,
1863 2790 1916 2816 καὶ
