2074 3115
203 102 268 136 1381

834 105 952 136 SACRA
973 105 1205 135 PARALLELA.

1759 110 1770 141 1
1776 110 1828 142 38?.

200 162 293 188 πᾶσαν
307 162 415 198 ἑκάστῳ
430 164 557 198 παρεῖναι
583 163 620 200 μὴ
647 163 847 198 ἐλαττουμένην
873 163 919 189 ἐπὶ
938 165 993 194 τοῖς

1047 162 1242 192 distribuatur,
1271 165 1302 205 et
1325 162 1443 198 singulis
1467 163 1572 198 integra
1599 164 1685 198 adsit,
1709 173 1760 194 nec
1774 167 1831 197 ulto

201 208 429 242 συμμετέχουσιν.

237 296 296 331 Χρὴ
313 295 361 331 τὴν
370 297 471 332 ἀρετὴν
487 297 525 332 μὴ
537 297 628 332 χωλὴν
644 295 712 324 εἶναι
729 297 791 324 καθ’
804 297 915 332 ἐτέρων,
933 296 991 324 ἀλλ’

202 342 274 377 Εργῳ
288 342 336 368 καὶ
352 342 424 377 λόγῳ
440 343 526 379 ὀρθὴν
540 344 588 370 καὶ
600 343 807 379 ἀπηρτισμένην
827 344 887 370 κατ’
901 343 991 378 ἀμφό-

201 395 269 421 τερα
284 384 363 413 εἶναι.

238 431 275 457 Οὐ
292 431 403 459 δύναται
418 433 434 468 ή
447 432 606 468 ἀνθρωπίνη
624 433 705 467 φύσις
717 433 783 460 αὐτὸ
805 433 932 469 καθαρῶς
962 433 993 460 τὸ

203 476 305 503 δίκαιον
317 477 345 503 ὲν
360 477 432 513 ψυχῇ
451 477 610 510 θεάσασθαι,
630 479 665 505 τὰ
674 478 760 506 πολλὰ
782 479 838 506 τῶν
854 478 992 514 λογισμῶν

204 521 427 556 ἀμϐλυώττουσα.

240 569 296 603 Οὐχ
306 569 320 594 ὀ
337 568 417 600 τόπος
434 568 484 604 τὴν
496 568 607 604 ἀρετὴν,
620 569 677 595 ἀλλ’
690 570 706 605 ὴ
723 569 808 605 ἀρετὴ
825 570 932 604 πέφυκε
947 571 993 598 τὸν

203 615 284 641 τόπον
305 614 456 649 σεμνύνειν.
470 629 505 634 -
526 615 632 650 Ὥσπερ
661 615 707 641 ὲπὶ
728 616 778 650 τῆς
803 615 920 651 κιθάρας
942 616 994 643 οὐκ

203 661 285 695 ἀρκεῖ
314 660 393 695 μόνον
410 660 464 688 ἀπὸ
491 661 557 695 μιᾶς
574 662 674 696 νευρᾶς
690 661 740 696 τὴν
764 661 898 696 μελῳδίαν
911 661 994 697 ἐργά-

205 705 313 737 σασθαι,
339 705 406 733 ἀλλὰ
435 706 524 738 πάσας
548 705 656 734 ἐπιέναι
683 707 724 734 δεῖ
738 707 807 742 μετὰ
827 707 931 746 ῥυθμοῦ
945 708 992 735 τοῦ

204 753 398 788 προσήκοντος,
412 752 484 779 οὕτω
500 753 548 779 καὶ
562 753 609 779 ἐπὶ
624 754 673 788 τῆς
689 753 759 780 κατὰ
783 753 873 790 ψυχὴν
883 746 994 790 Ἶὰρετῆς

204 798 254 824 οὐκ
268 799 348 833 ἀρκεῖ
358 799 423 833 ἡμῖν
437 797 518 833 νόμος
533 798 573 830 εἰς
587 799 735 834 σωτηρίαν,
752 799 820 826 ἀλλὰ
835 799 875 826 δεῖ
889 800 994 833 πάντας

205 844 304 876 αὐτοὺς
319 844 388 879 μετὰ
402 843 545 878 ἀκριϐείας
559 844 713 879 φυλάττειν.

247 933 291 964 Ὠς
305 933 403 965 ἔοικεν,
428 934 613 970 ἡδικαιοσύνη
645 936 818 972 τετράγωνός
842 939 911 972 ἐστι,
927 938 996 966 πάν-

208 979 286 1006 τοθεν
315 980 360 1014 ἴση
379 980 426 1007 καὶ
453 980 543 1015 ὁμοία,
562 982 591 1007 ἐν
605 981 675 1016 λόγῳ
691 983 737 1009 καὶ
762 983 844 1019 ἔργῳ,
863 985 892 1011 ὲν
906 985 995 1021 ἀποχῇ

206 1025 310 1058 κακῶν,
327 1026 356 1052 ἐν
371 1026 490 1061 εὑποιῖᾳ,
505 1027 534 1052 ὲν
545 1027 694 1063 τελειότητι
715 1031 864 1066 γνωστικῇ,
893 1031 996 1067 οὐδαμῆ

206 1071 333 1106 οὐδαμῶς
355 1072 528 1107 χωλεύουσα,
548 1073 591 1100 ἵνα
609 1074 646 1110 μὴ
676 1075 768 1108 ἄδικός
787 1085 816 1102 τε
833 1077 881 1104 καὶ
905 1077 998 1109 ἄνισος

207 1124 290 1150 φανῃ.

244 1212 282 1246 Τῇ
298 1211 455 1248 δικαιοσύνῃ
469 1213 513 1239 ἀεὶ
527 1214 558 1240 τὸ
574 1214 675 1249 ἰσχύειν
686 1213 838 1247 ἀκολουθεῖ,
855 1214 951 1250 ὥσπερ
963 1217 996 1251 τῇ

207 1256 299 1292 ἀδικίᾳ
314 1257 344 1283 τὸ
358 1257 479 1284 ἀσθενεῖν
494 1258 599 1285 ἕπεται.

242 1345 348 1376 Κακίας
367 1345 456 1377 ἔξοδος
482 1346 583 1383 ἀρετῆς
598 1347 700 1374 εἴσοδον
717 1348 874 1384 ἐργάζεται,
887 1349 924 1380 ὡς
950 1349 998 1376 καὶ

206 1391 376 1424 τούναντίον,
393 1393 562 1424 ἀποστάντος
577 1393 681 1427 ἀγαθοῦ
693 1414 701 1426 ,
728 1394 759 1420 τὸ
776 1395 919 1429 ἐφεδρεῦον
947 1404 998 1421 κα-

207 1438 255 1465 κὸν
268 1438 468 1473 ἐπεισέρχεται.
483 1454 519 1459 -
535 1439 569 1466 Εἴ
581 1448 624 1470 τις
650 1439 742 1471 πάσας
765 1439 813 1471 τὰς
828 1440 926 1475 ἀρετὰς
953 1441 997 1468 διὰ

208 1484 325 1519 σπουδῆς
339 1485 386 1510 καὶ
402 1485 509 1520 νήψεως
525 1485 747 1519 ἐγκεκὸλπισται,
774 1483 853 1518 οὗτος
871 1486 997 1521 βασιλεὺς

207 1529 381 1565 χρηματίζει,
398 1529 450 1556 κᾶν
465 1529 570 1564 ἰδιώτης
587 1530 727 1564 τυγχάνοι.

209 1653 299 1680 ΤΙΤΛ.
317 1651 365 1680 ΙΕ¹.
381 1667 415 1672 ——
429 1651 498 1685 Περὶ
520 1651 663 1686 διαφορᾶς
681 1651 729 1678 καὶ
745 1651 887 1685 ἀνομοίου
910 1660 998 1679 κατα-

402 1686 538 1720 στάσεως
557 1686 614 1712 τῶγ
631 1686 801 1720 ἀνθρώπων.

246 1765 256 1781 ι
276 1755 381 1790 ’Ὥσπερ
395 1754 445 1789 οὐχ
466 1754 547 1789 ὃμοια
573 1753 706 1788 πρόσωπα
722 1753 888 1789 προσώποις,
911 1753 997 1785 οὕτως

209 1801 268 1828 οὐδὲ
281 1802 308 1828 αἱ
324 1800 432 1836 καρδίαι
448 1796 502 1826 τῶν
519 1799 670 1834 ἀνθρώπιον
682 1800 782 1834 ὅμοιαι.
800 1809 808 1825 ι

248 1856 257 1873 ι
275 1847 311 1873 Οὐ
330 1846 418 1873 πάντα
436 1845 502 1872 πᾶσι
519 1838 665 1880 σὺμιρέρει,
681 1846 728 1872 καὶ
740 1845 772 1872 οὐ
792 1846 866 1872 πᾶσα
879 1845 953 1881 ψυχὴ
969 1845 998 1872 ὲν

211 1894 291 1922 παντὶ
303 1893 416 1919 εὐδοκεῖ.
436 1901 444 1917 ι

246 1941 282 1966 Οὐ
299 1939 333 1966 τὰ
347 1939 416 1965 αὐτὰ
430 1938 497 1965 πᾶσι
511 1937 641 1972 ἁρμόζειν
656 1936 757 1963 οἴεσθε·
772 1936 834 1963 οὔτε
851 1937 900 1971 μὶα
916 1938 998 1964 πᾶσιν

209 1986 310 2022 ὁμοίως
324 1984 463 2020 ἐπιτηδεία
476 1984 592 2019 ὑπάρχει
615 1984 714 2019 τροφὴ,
735 1982 796 2009 οὔτε
824 1984 998 2018 Χριστιανοῖς

211 2029 255 2063 εἷς
280 2031 336 2066 βίος
362 2030 502 2066 ἁρμόδιος.
513 2044 549 2048 -
564 2029 669 2064 Ὥσπερ
685 2030 740 2060 τοῖς
757 2028 881 2064 σώμασιν
903 2029 933 2056 οὺ
950 2029 998 2064 τὴν

211 2079 296 2113 αὐτὴν
324 2072 496 2112 φαρμακεῖαν
511 2076 558 2102 καὶ
573 2075 675 2111 τροφὴν
694 2075 892 2111 προσφέρονται
915 2084 997 2108 τινες,

211 2126 285 2153 ἄλλοι
312 2125 340 2152 δὲ
355 2124 449 2159 ἄλλην,
466 2124 483 2159 ἢ
502 2122 693 2154 εὐεκτοῦντες,
710 2122 727 2157 ἢ
747 2123 907 2157 κάμνοντες,
929 2122 999 2148 οὕτω

211 2173 258 2199 καὶ
273 2171 322 2203 τὰς
336 2171 424 2205 ψυχὰς
439 2170 558 2204 διαφόρῳ
574 2166 645 2203 λόγῳ
669 2168 716 2194 καὶ
739 2169 835 2216 άγωγῇ
863 2168 996 2216 θεραπευ-
1014 2189 1036 2216 n

211 2219 280 2246 τέον.
296 2218 440 2252 Μάρτυρες
455 2217 483 2243 δὲ
504 2216 553 2250 τῆς
574 2215 721 2250 θεραπείας
735 2212 786 2242 ὦσι
808 2215 855 2241 καὶ
867 2215 902 2241 τὰ
913 2215 996 2249 πάθη.

211 2265 278 2296 Τοὺς
297 2264 344 2298 μὲν
359 2264 419 2297 ἄγει
443 2262 532 2296 λόγος,
554 2261 579 2287 οἱ
595 2260 622 2287 δὲ
643 2260 819 2296 ῤ’δομίζονται
847 2259 996 2295 παραδείγ-

212 2319 285 2346 ματι·
303 2311 326 2336 οἱ
345 2310 393 2345 μὲν
410 2309 515 2335 δέονται
525 2307 656 2342 κέντρων,
671 2307 696 2333 οἱ
711 2307 740 2333 δὲ
755 2306 875 2341 χαλινοῦ.
893 2308 923 2333 Οἱ
946 2306 994 2341 μὲν

210 2357 263 2391 γάρ
275 2357 326 2382 εἰσι
341 2356 435 2386 νωθεῐς
448 2354 495 2381 καὶ
509 2353 663 2388 δυσκίνητοι
678 2352 745 2387 πρὸς
754 2353 783 2378 τὸ
795 2353 886 2385 καλὸν,
903 2353 950 2384 οὓς
962 2354 994 2387 τῇ

210 2403 301 2438 πληγῇ
326 2402 372 2429 τοῦ
387 2401 466 2436 λόγου
484 2400 645 2435 διεγερτέον.
669 2400 700 2426 υἱ
718 2399 747 2425 δὲ
761 2399 886 2434 καθάπερ
912 2399 995 2426 πῶλοι

211 2450 329 2483 γενναῖοι
346 2449 440 2484 πόρρω
461 2448 511 2482 τῆς
537 2447 638 2482 νύσσης
653 2445 761 2477 θέοντες
774 2466 782 2478 ,
810 2444 856 2477 οὓς
875 2445 996 2480 βελτίους

213 2494 349 2528 ποιήσειεν
368 2494 459 2529 ἄγχων
485 2493 532 2520 καὶ
546 2492 707 2520 ἀνακόπτων
722 2492 737 2518 ὁ
754 2491 831 2525 λόγος
842 2499 849 2505 ·
866 2491 929 2522 τοὺς
947 2491 996 2526 μὲν

212 2540 321 2569 ἔπαινος
349 2539 446 2573 ὤνησε,
470 2541 532 2570 τοὺς
547 2539 576 2565 δὲ
591 2539 605 2565 ὁ
625 2538 720 2572 ψόγος.
741 2538 897 2573 Ἀμφότερα
928 2537 997 2572 μετὰ

213 2584 259 2611 τοῦ
289 2584 397 2619 καιροῦ,
417 2585 434 2619 ἦ
450 2584 605 2612 τούναντίον
628 2584 744 2618 ἔϐλαψεν
759 2583 813 2617 ἔξω
827 2584 875 2610 τοῦ
899 2583 996 2619 καιροῦ

213 2630 259 2656 καὶ
270 2629 315 2655 τοῦ
331 2629 419 2664 λόγου.
431 2630 500 2661 Τοὺς
517 2630 566 2665 μὲν
583 2630 757 2665 παράκλησις
771 2630 915 2666 κατορθοῖ,
932 2631 995 2661 τοὺς

212 2675 239 2701 δὲ
253 2675 425 2710 ἐπιτίμησις·
446 2676 493 2702 καί¹
511 2675 588 2708 αὖθις
604 2677 666 2708 τοὺς
681 2677 730 2712 μὲν
746 2677 778 2703 ἐκ
797 2676 877 2712 κοινῷ
892 2677 995 2711 διελέγ-

212 2729 305 2756 χομεν,
322 2721 384 2764 cois;
400 2721 429 2747 δὲ
443 2721 570 2757 κρύϐδην.

1045 207 1129 234 modo
1153 211 1265 242 propter
1284 214 1332 236 eos
1358 209 1404 244 qui
1430 209 1518 244 ipsam
1543 210 1710 246 participem
1736 212 1831 242 decre-

1045 257 1115 280 scat.

1081 298 1111 326 S.
1125 298 1232 334 Cyrilli.
1251 301 1459 329 —Cavendum
1479 304 1534 334 est,
1552 309 1587 330 ne
1603 302 1738 331 alterutro
1761 304 1832 339 pede

1045 343 1134 370 virtus
1164 345 1314 378 claudicet,
1334 352 1430 373 verum
1455 351 1574 381 utraque
1603 351 1693 382 parte,
1722 347 1775 376 hoc
1789 353 1832 377 est

1034 393 1099 416 .tam
1114 390 1223 417 actione
1237 398 1320 426 quam
1337 398 1476 424 sermone,
1493 397 1567 419 recta
1594 393 1771 429 perfectaque
1783 395 1829 422 sit.

1076 434 1215 463 Mrthodii.
1232 452 1266 457 —
1281 436 1408 464 Humana
1435 442 1534 464 natura
1555 437 1695 472 justitiam
1713 447 1782 474 pure
1799 439 1837 468 in'

1045 481 1137 508 anima
1152 489 1206 508 non
1220 482 1293 509 valet
1308 483 1437 510 contueri
1452 490 1461 509 :
1476 483 1578 518 quippe
1593 484 1673 519 cujus
1684 485 1831 520 cogitatio-

1046 534 1094 554 nes
1111 527 1274 562 plerumque
1289 528 1445 556 ezcutiant.

1081 571 1100 599 δ
1142 572 1280 607 (ΣΙινιμοει.
1299 589 1333 594 —-
1352 573 1412 601 Non
1437 574 1515 602 locus
1536 574 1682 609 virtutem,
1707 576 1754 604 sed
1775 576 1832 603 vir-

1046 621 1091 645 tus
1105 618 1197 646 locum
1217 619 1289 647 solet
1307 627 1456 648 exornare.
1467 620 1546 648 —Ut
1561 621 1589 648 in
1602 621 1708 648 cithara
1725 621 1758 649 ad
1775 629 1834 649 mo-

1046 665 1169 692 dulatum
1195 671 1307 694 cantum
1330 667 1468 694 edendum
1495 674 1549 694 una
1568 667 1671 695 chorda
1687 676 1742 696 non
1757 668 1833 696 911θί-

1046 711 1111 743 ciet,
1132 718 1228 738 verum
1246 719 1343 739 omnes
1369 719 1432 739 cum
1456 720 1572 740 numero
1591 720 1618 740 et
1635 718 1770 741 concentu
1787 715 1834 741 ab-

1047 756 1138 783 soluto
1158 757 1340 791 peragranda;
1354 760 1442 784 sunt:
1463 757 1560 785 eodem
1585 758 1666 785 modo
1689 758 1717 786 in
1734 759 1835 786 anima:

1046 809 1158 836 queque
1176 803 1278 830 virtute
1307 801 1380 830 haud
1401 803 1472 831 satis
1497 808 1541 830 est
1561 803 1595 830 ad
1621 805 1738 832 salutem
1759 804 1833 832 obti-

1012 845 1033 873 B
1048 847 1167 875 nendam
1189 848 1275 883 legem
1300 856 1385 876 unam
1407 849 1568 882 observare,
1587 849 1636 878 sed
1651 857 1748 878 omnes
1768 850 1832 878 dili-

1045 898 1140 929 genter
1157 898 1267 928 oportet
1280 895 1407 930 exsequi.

1081 939 1112 967 S.
1126 939 1255 967 Clamant.
1281 940 1328 967 lib.
1351 948 1379 969 In
1401 941 1532 969 Stromat.
1549 957 1585 962 —
1598 942 1727 976 Iustitia,
1743 947 1773 971 ut
1790 943 1834 972 vi«

1046 986 1136 1019 detur,
1164 987 1300 1022 quadrata
1331 991 1385 1020 est,
1414 991 1497 1023 atque
1522 988 1647 1024 undique
1676 990 1778 1018 similis
1807 995 1836 1019 et

1046 1032 1162 1066 eadem;
1189 1032 1216 1059 in
1229 1040 1380 1066 \sermone,
1407 1033 1435 1060 in
1452 1033 1573 1066 actione,
1589 1035 1616 1061 in
1633 1034 1803 1063 abstinentia
1819 1043 1836 1063 τι

1047 1079 1139 1111 malis,
1161 1079 1187 1105 in
1204 1078 1400 1113 beneﬁcentia,
1416 1082 1444 1107 et
1462 1079 1489 1106 in
1507 1080 1676 1115 perfectione
1698 1081 1835 1113 scientiae,

1049 1131 1099 1152 nec
1114 1132 1232 1158 usquam
1248 1125 1362 1153 omnino
1385 1126 1538 1160 claudicat,
1561 1134 1595 1154 ne
1612 1126 1715 1162 alioqui
1731 1127 1835 1162 iniusta

1047 1175 1074 1198 et
1089 1170 1202 1198 minime
1218 1171 1334 1206 aequalis
1351 1175 1493 1207 appareat.

1082 1216 1200 1251 Didymi.
1222 1232 1255 1238 —
1271 1216 1413 1245 Justitiam
1438 1218 1524 1245 robur
1558 1221 1692 1254 perpetuo
1720 1217 1836 1246 comita-

1050 1266 1102 1292 tur,
1124 1262 1359 1297 quemadmodum
1378 1261 1545 1296 injustitiam
1570 1263 1697 1297 sequitur
1712 1261 1837 1289 imbecil-

1049 1307 1121 1334 iitas.

1083 1351 1216 1379 Philonis.
1241 1368 1275 1373 ——
1295 1352 1436 1380 Discessio
1460 1353 1621 1381 vitiositatis
1651 1353 1763 1381 virtutis
1789 1360 1836 1381 ac-

1049 1407 1159 1427 cessum
1199 1399 1286 1427 facit:
1316 1399 1550 1434 quemadmodum
1577 1404 1675 1427 contra
1707 1399 1836 1427 submoto

1048 1445 1122 1472 bono
1138 1445 1240 1472 malum
1257 1452 1288 1472 se
1301 1445 1395 1472 statim
1413 1445 1547 1473 insinuat.
1557 1461 1592 1466 —
1604 1445 1632 1472 Si
1642 1445 1704 1480 quis
1718 1445 1836 1473 virtutes

1049 1496 1147 1517 omnes
1171 1498 1220 1524 per
1245 1490 1374 1521 studium,
1397 1490 1540 1526 animique
1565 1491 1735 1526 vigilantiam
1752 1491 1836 1518 veluti

1048 1535 1153 1570 gremio
1184 1536 1307 1563 inclusas
1333 1536 1475 1569 habuerit,
1507 1537 1553 1564 hic
1579 1544 1625 1564 rex
1650 1537 1835 1566 nominandus

1048 1585 1101 1614 est,
1117 1582 1247 1615 quamvis
1269 1581 1373 1615 alioqui
1393 1582 1428 1609 sit
1444 1583 1581 1616 privatus.

1101 1655 1171 1684 TIT.
1185 1656 1242 1685 XV.
1253 1672 1288 1678 —-
1303 1657 1341 1684 De
1358 1659 1431 1686 vario
1448 1663 1473 1685 et
1493 1658 1620 1686 dissimili
1645 1659 1783 1687 hominum

1404 1698 1487 1720 ειαιη.

1084 1758 1170 1786 Eccli.
1187 1767 1245 1791 xui,
1260 1760 1303 1787 51.
1315 1775 1349 1781 --
1364 1770 1372 1786 ι
1388 1759 1627 1793 Quemadmodum
1644 1762 1738 1790 vultus
1751 1762 1834 1791 vulti-

1050 1805 1101 1832 bus
1110 1805 1214 1833 similes
1230 1813 1284 1833 non
1302 1811 1378 1839 sunt,
1395 1807 1435 1834 sic
1452 1807 1535 1834 etiam
1553 1807 1637 1834 corda
1653 1807 1806 1836 hominum.
1821 1818 1832 1835 ι

1085 1849 1168 1877 Eccti.
1186 1857 1290 1882 xxxv”,
1306 1850 1350 1877 '53.
1364 1866 1400 1872 —-
1416 1859 1426 1876 ι
1443 1849 1503 1877 Νοη
1527 1851 1619 1877 omnia
1636 1851 1767 1879 omnibus
1786 1858 1835 1878 ex-

1050 1895 1182 1929 pediunt:
1200 1903 1249 1923 nec
1266 1896 1357 1923 omnis
1379 1896 1469 1923 anima
1495 1897 1570 1923 omni
1585 1904 1613 1923 re
1633 1895 1801 1931 delectatur.
1821 1905 1831 1922 ι

1085 1941 1114 1968 8.
1132 1941 1209 1976 Greg.
1225 1942 1294 1968 Nae.
1310 1958 1344 1962 —-
1358 1941 1416 1968 Non
1432 1942 1529 1969 eadem
1541 1942 1670 1970 omnibus
1686 1942 1834 1970 convenire

1049 1987 1264 2016 existimandum
1282 1992 1345 2015 est:
1367 1995 1418 2014 nec
1441 1995 1494 2014 una
1513 1988 1645 2022 omnibus
1665 1988 1834 2016 conveniens

1049 2041 1113 2062 esea
1128 2038 1179 2067 est,
1210 2041 1263 2060 nec
1288 2041 1342 2060 una
1368 2033 1537 2061 Christianis
1562 2034 1617 2061 vita
1642 2034 1782 2069 congruit.
1801 2049 1834 2054 —

1050 2079 1285 2112 Quemadmodum
1306 2087 1362 2107 non
1382 2080 1508 2108 eamdem
1526 2088 1641 2115 prorsus
1666 2088 1727 2108 cum
1748 2081 1835 2108 medi-

1050 2127 1152 2159 cinam,
1182 2129 1239 2153 tum
1264 2126 1437 2157 alimoniam,
1457 2126 1592 2160 impertiri
1622 2126 1713 2153 solent
1744 2126 1835 2152 Immi-

1052 2181 1110 2205 nes,
1141 2172 1187 2199 sed
1210 2171 1291 2198 aliam
1324 2172 1396 2203 aliis,
1418 2179 1467 2198 seu
1497 2171 1556 2198 Sani
1573 2171 1638 2202 sint,
1658 2179 1707 2198 seu
1738 2171 1834 2198 morbo

1051 2219 1193 2250 fatiscant,
1209 2218 1250 2245 sic
1263 2225 1374 2253 quoque
1390 2218 1497 2244 diversa
1513 2218 1620 2244 ratione
1638 2221 1665 2244 et
1679 2217 1759 2244 dimta
1774 2217 1833 2243 aui-

1050 2266 1102 2292 mis
1126 2267 1234 2300 oportet
1262 2263 1378 2292 mederi.
1397 2265 1487 2298 Atque
1515 2263 1578 2290 illos
1603 2263 1716 2298 quidem
1742 2270 1834 2290 sermo

1049 2311 1137 2344 ducit,
1156 2311 1182 2338 hi
1201 2310 1357 2338 formantur
1384 2309 1528 2345 exemplo:
1555 2309 1595 2336 illi
1620 2309 1743 2336 stimulis
1763 2317 1834 2343 opus

1051 2358 1160 2390 habent,
1184 2357 1229 2385 isti
1255 2365 1321 2384 vero
1345 2356 1434 2384 freno.
1459 2357 1514 2383 Alii
1544 2356 1618 2384 enim
1644 2363 1742 2390 segnes
1761 2355 1834 2382 desi-

1049 2405 1154 2440 desque
1181 2409 1258 2437 sunt,
1284 2404 1384 2439 vixque
1412 2408 1558 2431 moventur
1580 2403 1613 2429 ad
1629 2402 1744 2433 bonum,
1764 2409 1835 2435 quos

1050 2451 1190 2479 sermunis
1226 2450 1309 2485 439
1332 2450 1495 2478 verberibus
1526 2449 1650 2478 excitare
1680 2447 1832 2475 incumbat.

1052 2496 1103 2523 Alii
1121 2503 1319 2531 generosorum
1336 2496 1475 2530 pullorum
1493 2502 1570 2522 more
1596 2494 1705 2529 longius
1727 2500 1742 2520 a
1762 2498 1833 2520 meta

1051 2546 1188 2575 currunt;
1220 2549 1291 2577 quos
1323 2542 1452 2569 meliores
1490 2548 1582 2569 sermo
1616 2540 1722 2570 fecerit,
1759 2539 1834 2573 ipsos

1051 2588 1228 2623 astringendo
1254 2587 1473 2622 cohibendoque.
1499 2587 1608 2614 Rursus
1634 2585 1696 2612 aliis
1724 2584 1833 2619 quidem

1050 2634 1146 2662 laudes
1163 2634 1324 2668 adjumento
1340 2633 1453 2665 fuerint,
1468 2633 1532 2660 aliis
1553 2631 1729 2667 vituperium.
1754 2629 1834 2656 Utra-

1050 2689 1104 2716 que
1121 2681 1251 2708 nimirum
1269 2688 1320 2708 suo
1338 2685 1472 2716 tempore.
1494 2679 1604 2714 Alioqui
1630 2678 1704 2706 enim
1731 2683 1834 2703 nocue-

1051 2731 1117 2755 runt.
1137 2727 1210 2759 ista,
1236 2734 1297 2762 quae
1323 2735 1373 2754 nec
1387 2732 1522 2762 tempore,
1552 2733 1604 2752 nec
1633 2722 1715 2750 modo
1732 2729 1831 2749 conve-

213 2767 299 2794 nienti
337 2767 459 2794 adhibita
503 2768 570 2795 sint.
605 2769 680 2795 Alios
722 2769 817 2796 itidem
846 2769 1006 2801 adhortatio
1037 2773 1163 2809 corrigit,
1193 2773 1261 2801 alios
1287 2773 1467 2808 ohjurgatio:
1498 2772 1566 2800 istos
1595 2769 1713 2804 denique
1744 2767 1833 2803 palam

211 2815 399 2851 coarguimus,
419 2814 481 2843 illos
494 2815 605 2843 remotis
621 2815 742 2842 arbitris.
