2074 3115
247 103 315 135 1383
729 105 749 113 “

244 160 310 188 'll'l‘.
329 158 398 187 ιινι.
414 173 447 180 -
464 158 501 185 De
511 157 605 192 justis,
624 160 649 183 et
658 154 757 190 probis,
773 159 796 182 et
814 154 889 182 bonis
905 153 978 180 viris.

277 251 361 278 Num.
379 258 435 282 ιιι,
454 249 479 277 5.
495 263 530 268 —
549 257 558 273 ι
576 247 657 275 Νονὶι
682 247 753 276 Deus
768 247 815 283 qui
833 246 878 275 sui
903 249 983 278 sunt,
1012 249 1039 271 et

243 302 354 324 sanctos
373 296 406 323 ad
424 302 453 323 se
465 294 598 329 suscepit.
619 304 628 320 ι

280 343 360 369 Deut.
374 349 471 372 xxxiii,
491 341 532 368 l2.
556 354 592 361 -—
610 350 619 366 ι
638 339 691 373 Qui
708 339 827 367 dilectus
843 342 885 366 est
898 346 913 365 a
938 338 1034 365 Domi-

244 395 290 419 no,
307 386 443 414 habitabit
463 386 635 414 conlidenter
652 394 658 412 :
673 389 700 412 et
714 385 788 412 Deus
814 384 963 412 obumbrat
973 391 1036 412 eum

244 433 371 462 omnibus
384 433 490 460 diebus.
513 441 522 458 ι

269 478 281 504 Ι
299 478 361 513 Reg.
374 485 430 508 xvr,
448 478 492 504 19..
511 492 546 497 ——
565 487 574 503 ι
588 475 802 504 DixilDominus
816 475 848 502 ad
867 474 1036 502 Samuelem:

245 524 344 560 Surge.
369 532 440 560 unge
459 523 556 556 David,
577 523 641 558 quia
655 523 746 550 bonus
759 527 812 550 cst.
830 531 838 546 ι

282 569 359 598 Ρδαί.
376 578 469 603 xxx",
481 570 572 596 Ξδμ-
589 578 599 594 ι
619 567 715 596 Junior
732 568 771 595 fui
789 568 798 603 (
815 567 916 595 etenim
933 566 1012 594 senui
1027 565 1036 601 )

245 620 272 642 et
287 623 340 642 non
357 615 410 642 vidi
425 615 532 649 justum
553 613 728 641 derelictum.
751 612 822 641 Justi
836 611 1037 640 haereditabunt

246 665 358 688 terram.
390 659 472 687 Salus
496 660 635 694 justorum
654 666 669 686 a
694 659 822 693 Domino,
843 664 871 687 et
899 661 1037 694 protector

205 700 208 703 ’
247 714 342 734 eorum
357 711 400 734 est
418 726 426 739 ,
448 715 457 732 ι
476 709 529 734 etc.

283 751 359 779 Psal.
376 759 430 784 xci,
451 752 493 779 15.
511 765 546 772 -
558 760 567 776 ι
584 750 682 779 Justus
699 755 728 778 ut
740 751 831 786 palma
843 749 963 784 ﬂorebit,
978 751 1036 778 sic-

247 803 276 825 ut
290 798 390 825 cedrus
408 797 506 831 qtttein
523 797 629 824 Libano
642 801 696 830 est,
714 806 723 822 ι
740 802 793 824 etc.

282 842 359 870 Psat.
376 850 449 874 xcvi,
463 842 506 870 -ιι,
523 851 577 868 -ι
593 842 654 870 Lux
667 846 729 870 orta
746 846 790 871 est
805 842 894 877 justo,
911 847 938 871 et
950 843 1036 872 rectis

246 888 331 915 corde
346 888 438 915 laetitia
455 897 479 914 ,ι

283 931 363 959 Ρδαι.
373 939 429 965 cst,
444 933 472 965 2,
486 932 514 963 4,
530 932 556 960 7.
569 946 605 952 —
616 941 625 958 ι
644 931 791 960 Generatio
805 936 944 960 rectorum
952 932 1037 960 bene-

247 977 362 1005 dicetur.
380 977 473 1005 Gloria
490 981 518 1006 et
530 977 644 1010 divitiae,
660 981 713 1005 etc.
743 977 875 1005 Exortum
889 983 931 1006 est
946 978 972 1005 in
989 983 1032 1006 te-

248 1024 341 1050 nebris
357 1023 450 1052 lumen
463 1023 558 1056 rectis,
575 1023 747 1056 misericors,
763 1026 818 1051 etc.
833 1023 863 1050 ln
902 1024 1037 1052 memoria

247 1073 349 1096 aeterna
366 1069 419 1096 erit
433 1069 546 1104 justus;
562 1068 596 1096 ab
614 1069 766 1101 auditione,
784 1078 793 1094 ι
812 1074 868 1097 etc.
1029 1098 1039 1107 κ

285 1112 361 1140 Ρεαί.
374 1113 517 1146 cxvn,15.
533 1127 568 1133 —-
595 1122 604 1139 ι
625 1113 683 1141 Vox
701 1113 897 1141 exsultationis
912 1117 939 1141 et
965 1113 1038 1141 salu-

248 1160 294 1191 tis,
311 1160 339 1186 in
357 1158 546 1187 tabernaculis
560 1159 711 1193 justoruin.
735 1169 744 1185 ›

284 1205 360 1234 Psal.
376 1213 457 1238 chv,
472 1205 501 1233 8.
515 1220 551 1225 —
570 1215 579 1231 ι
600 1205 733 1234 Dominus
749 1205 838 1241 diligit
855 1205 956 1240 justos.
973 1214 983 1231 ι

284 1251 366 1279 Prov.
381 1260 410 1285 x,
446 1251 473 1279 5.
488 1266 523 1271 -
541 1261 550 1277 ι
576 1251 639 1278 Non
666 1251 738 1278 fame
762 1251 873 1279 necabit
900 1250 1036 1278 Dominus

250 1297 369 1325 animam
385 1296 462 1332 justi.
483 1296 555 1325 Fons
569 1297 632 1324 vita!
648 1297 675 1323 in
689 1304 774 1324 manu
784 1296 853 1331 justi
868 1316 875 1324 .
890 1305 899 1322 ι

287 1343 367 1370 Prov.
384 1350 445 1376 nu,
464 1342 510 1370 25.
523 1357 559 1362 -
576 1351 585 1368 ι
601 1341 842 1370 Thesaurizantur
867 1342 954 1377 justis
971 1349 1038 1377 opes

251 1389 408 1424 impiorum.
430 1397 440 1414 ι

288 1434 366 1462 Prov.
388 1442 426 1466 tv,
444 1433 488 1461 18.
501 1448 537 1454 -
556 1442 565 1459 ι
580 1433 724 1462 Justorum
741 1433 848 1462 semitae
881 1433 962 1467 quasi
992 1433 1038 1461 lux

846 99 877 128 S.
893 99 909 128 J
913 97 1015 127 ΟΛΝΝ
1020 97 1054 126 IS
1066 97 1282 127 DAMASCENI

1815 93 1882 126 1384

1066 155 1088 184 Δ
1102 155 1192 182 ΤΙΤΛ.
1211 154 1266 187 lq’.
1280 168 1313 174 —-
1323 153 1391 187 Περὶ
1406 152 1539 187 δικαίων,
1556 151 1606 179 καὶ
1620 151 1731 184 καλῶν,
1748 151 1797 178 καὶ
1810 152 1880 186 ἀγα-

1380 186 1441 215 θῶν
1459 186 1587 220 ἀνδρῶν.

1128 258 1138 274 ι
1163 248 1255 282 Ἔγνω
1268 248 1283 273 ὁ
1295 246 1361 278 Θεδς
1376 246 1438 278 τοὺς
1447 246 1528 278 ὄντας
1541 244 1635 278 αὑτοῦ,
1649 244 1697 271 καὶ
1710 245 1773 276 τοὺς
1788 245 1882 279 ἁγίους

1091 293 1274 330 προσελάϐετο
1290 292 1358 328 πρὸς
1373 292 1466 319 αὐτόν.
1486 301 1495 317 ι

1128 351 1138 366 ι
1158 341 1186 367 '0
1206 339 1384 374 ὴγαπημένος
1397 337 1450 364 ὑπὸ
1463 337 1580 372 Κυρίου,
1595 335 1806 371 κατασκηνώσει
1832 344 1883 362 πε-

1090 384 1202 417 ποιθὼς,
1219 383 1266 410 καὶ
1281 383 1295 409 ὁ
1307 382 1373 415 Θεὸς
1388 382 1496 414 σκιάζει
1507 382 1552 408 ἐπ’
1565 381 1642 416 αὐτῷ
1657 381 1747 412 πάσας
1759 380 1809 412 τάς
1820 380 1886 416 ἠμέ-

1107 440 1149 462 ας,
1171 440 1179 456 ι

1090 440 1222 503 parisina
1240 475 1343 510 Κύριος
1367 474 1436 509 πρὸς
1459 473 1589 509 Σαμουὴλ
1603 481 1611 489 ·
1637 472 1765 506 Ἀνάστα,
1789 471 1884 509 χρίσον

1087 523 1133 549 τὸν
1148 522 1240 553 Δαϐὶδ,
1258 522 1298 548 ὅτι
1315 520 1416 554 ἀγαθός
1431 521 1516 547 ἐστιν.
1539 528 1549 545 ι

1127 578 1136 594 ι
1155 567 1296 602 Νεώτερος
1318 566 1453 601 ἐγενόμην
1467 574 1474 581 -
1500 565 1550 592 καὶ
1569 566 1624 600 γὰρ
1653 565 1779 600 ὲγήρασα
1794 572 1803 581 ⁸
1833 563 1885 590 καὶ

1087 613 1137 640 οὐκ
1155 611 1225 639 εἶδον
1236 613 1341 639 δίκαιον
1360 610 1657 645 ἐγκαταλελειμμένον.
1688 609 1794 636 Δίκαιοι
1819 609 1885 644 κλη-

1090 659 1272 695 ρονομήσουσι
1284 657 1332 693 τὴν
1347 657 1410 693 γῆν.
1438 656 1567 692 Σωτηρία
1588 656 1644 682 τῶν
1665 656 1779 683 δικαίων
1806 656 1884 691 παρὰ

1089 703 1257 741 Rupta-amat
1269 702 1471 738 ὑπερασπιστὴς
1486 703 1576 730 αὐτῶν
1589 703 1673 729 ἐστιν.
1694 712 1703 728 ι

1126 761 1136 778 ι
1158 751 1269 783 Δίκαιος
1282 751 1321 783 ὡς
1334 749 1424 785 φοίνιξ
1440 750 1565 785 ἀνθήσει,
1579 749 1646 776 ὡσεὶ¹
1663 748 1759 783 κέδρος
1770 749 1787 784 ἡ
1800 749 1829 775 ὲν
1842 748 1884 783 τῷ

1089 797 1209 832 Λιϐάνῳ.
1227 806 1236 823 ι
1774 792 1776 794 ’

1126 853 1135 869 ι
1153 843 1212 874 Φῶς
1244 841 1364 869 ἀνέτειλε
1389 840 1429 876 τῷ
1452 840 1561 875 δικαίῳ,
1587 840 1636 867 καὶ
1659 840 1717 872 τοῖς
1740 839 1832 866 εὐθέσι
1849 840 1885 874 τῇ

1087 889 1188 924 καρδίᾳ.
1201 887 1368 922 εὐφροσύνη.
1390 896 1399 913 ›

1125 943 1134 959 ι
1155 933 1238 961 Γενεὰ
1252 933 1354 960 εὑθέων
1365 931 1591 967 εὐλογηθήσεται.
1606 930 1675 964 Δόξα
1693 930 1741 958 καὶ
1758 929 1885 962 πλοῦτος.

1089 979 1255 1014 Ἐξανέτειλε
1271 978 1331 1013 φῶς
1350 979 1378 1005 ὲν
1397 977 1489 1004 σκότει
1515 978 1572 1008 τοῖς
1603 976 1721 1008 εὺθὲσιν,
1747 976 1886 1011 ἐλεήμων.

1088 1025 1137 1058 Εἰς
1149 1025 1324 1062 μνημόσυνον
1338 1024 1449 1051 αἰώνιον
1462 1024 1538 1050 ἔσται
1556 1022 1672 1054 δίκαιος,
1689 1021 1745 1048 ἀπὸ
1759 1021 1856 1057 ἀκοῆς.
1873 1031 1884 1046 ι

1127 1126 1136 1143 ι
1155 1116 1233 1151 Φωνὴ
1250 1115 1439 1151 ἀγαλλιάσεως
1463 1115 1511 1142 καὶ
1531 1114 1679 1150 σωτηρίας,
1710 1114 1740 1140 ὲν
1771 1112 1887 1147 σκηναῖς

1088 1162 1212 1190 δικαίων.
1233 1172 1243 1188 r

1127 1217 1137 1234 ‹
1157 1208 1259 1244 Κύριος
1273 1208 1371 1243 ἀγαπᾷ
1387 1207 1519 1238 δικαίους.
1536 1216 1546 1232 ι

1128 1263 1138 1281 ι
1153 1255 1190 1282 Οὐ
1211 1254 1403 1290 λιμοκτονὴσει
1429 1253 1532 1289 Κύριος
1558 1252 1647 1288 ψυχὴν
1670 1251 1787 1279 δικαίου.
1803 1251 1888 1286 Πηγη

1089 1300 1163 1336 ζωῆς
1177 1301 1206 1327 ὲν
1223 1301 1295 1336 χειρὶ
1309 1300 1426 1327 δικαίου.
1447 1309 1456 1325 ι

1128 1356 1138 1373 ‹
1152 1345 1355 1381 Θησαυρίζεται
1368 1345 1484 1377 δικαίοις
1500 1343 1616 1376 πλοῦτος
1629 1342 1746 1371 ἀσεϐῶν.
1762 1351 1772 1369 ι

1128 1446 1137 1462 ι
1153 1437 1186 1463 Δί
1203 1436 1259 1462 ὁδοὶ
1287 1436 1343 1462 τῶν
1369 1435 1481 1462 δικαίων
1504 1434 1606 1470 ὁμοίως
1628 1435 1700 1469 φωτὶ
1729 1435 1872 1471 λάμπουσι

251 1480 449 1516 splendescunt
466 1489 473 1506 :
494 1480 727 1515 antegradiuutur
752 1485 778 1508 et
795 1479 962 1511 illuminant.
973 1480 1037 1507 dum

1092 1482 1308 1518 προπορεύονται
1321 1480 1362 1513 δὲ,
1388 1481 1435 1508 καὶ
1450 1480 1615 1515 φωτίζουσιν
1642 1480 1695 1513 ἕως
1721 1480 1887 1518 κατορθώσῃ

251 1525 370 1562 perfecta
386 1526 421 1554 sit
433 1525 502 1553 dies.
522 1534 532 1551 ›

290 1572 370 1600 Prov.
384 1579 440 1604 xiv,
461 1572 502 1599 16.
521 1580 574 1597 -ι
591 1570 700 1607 Septies
713 1572 794 1599 cadet
810 1571 917 1607 justus,
943 1576 970 1599 et
999 1579 1041 1599 re-
1069 1611 1073 1614 ᾗ

253 1623 358 1654 surget.
376 1628 385 1644 ι

290 1664 368 1691 Prov.
386 1671 423 1696 ιιι,
440 1663 483 1690 Η.
499 1672 552 1688 -ι
572 1663 599 1689 In
619 1663 699 1690 bouis
712 1663 852 1697 justorum
868 1668 966 1691 erecta:
976 1667 1040 1690 sunt

253 1709 378 1736 civitates
392 1717 399 1741 ;
414 1715 462 1735 ore
481 1711 571 1734 autem
590 1707 736 1742 impiorum
750 1708 849 1736 dirutae
865 1712 941 1735 sunt.
962 1717 971 1733 ι

289 1755 370 1782 Prov.
387 1761 418 1786 ιι,
433 1753 478 1781 22.
495 1767 530 1773 —
545 1762 554 1778 ι
577 1752 690 1787 Benigni
706 1759 786 1781 erunt
801 1754 973 1781 habitatores
986 1757 1041 1780 ter-

254 1808 292 1829 rae
307 1810 313 1828 :
329 1800 489 1828 innocentes
503 1805 595 1829 autem
612 1801 803 1835 relinquentur
824 1800 853 1827 in
868 1808 909 1828 ea.
933 1810 941 1826 ι

291 1846 371 1874 Prov.
384 1854 425 1881 ιιι,
441 1847 536 1874 52.—
567 1846 753 1874 «Habitacula
780 1846 849 1881 justi
874 1845 1040 1874 benedicun-

255 1898 312 1921 tur.
335 1903 344 1918 ι

290 1939 371 1966 Prov.
387 1947 415 1972 ιι,
430 1939 476 1966 55.
492 1953 527 1958 -
546 1947 556 1964 ‹
575 1937 660 1965 Labia
674 1938 798 1965 virorum
827 1938 967 1974 justorum
999 1939 1040 1966 di-

256 1985 362 2012 stillant
373 1984 488 2019 gratias.
506 1993 514 2008 ι

293 2031 372 2059 Prov.
391 2039 442 2064 xu,
458 2031 485 2057 ὅ.
505 2046 539 2050 -
557 2040 566 2056 ι
585 2029 704 2058 Radices
717 2030 856 2065 justorum
887 2038 941 2058 non
965 2033 1040 2059 evel-

254 2077 357 2105 lentur.
375 2085 384 2103 ι

292 2123 372 2150 Prov.
386 2130 446 2155 xui,
466 2122 510 2149 15.
527 2130 581 2147 -ι
601 2121 703 2150 Domus
716 2122 854 2157 iustorum
873 2122 1040 2151 benedicun-

254 2173 309 2195 tur.
332 2178 341 2194 ι

293 2215 373 2241 Prov.
387 2222 444 2247 xw,
464 2213 492 2240 ‘2.
508 2228 542 2232 —
557 2222 566 2238 ι
581 2213 632 2246 Qui
648 2215 763 2249 respicit
776 2216 866 2250 plane,
882 2215 1041 2242 miscricor-

255 2260 328 2287 diam
345 2266 539 2295 consequetur.
559 2269 569 2285 ›

290 2305 368 2333 Prov.
382 2314 427 2339 xx,
447 2306 472 2333 7.
488 2320 522 2325 —
541 2315 550 2331 ι
570 2305 622 2338 Qui
645 2311 720 2334 recte
732 2306 866 2341 ambulat,
884 2307 962 2335 timet
986 2307 1040 2334 θο-

256 2352 372 2379 minum.
391 2360 400 2377 ι

300 2406 309 2422 ι
329 2396 380 2430 Qui
395 2396 464 2423 citra
485 2396 729 2431 reprehensionem
755 2401 937 2426 conversatur
954 2399 982 2426 in
996 2399 1041 2434 ju-

255 2442 340 2474 stitia,
359 2442 454 2469 beatos
467 2441 571 2469 liberos
586 2442 735 2477 relinquet.
751 2452 760 2468 ι

288 2488 377 2515 Eccle.
395 2496 425 2520 ιι,
448 2488 541 2515 26.-
559 2497 568 2514 ι
586 2489 662 2516 Βοιιο
697 2489 801 2517 homini
828 2490 856 2517 in
887 2495 1039 2526 conspectu

253 2542 303 2562 suo
323 2533 397 2561 dedit
415 2534 588 2568 sapientiam,
606 2539 633 2561 et
661 2535 815 2568 scientiam,
832 2540 859 2564 et
876 2537 1010 2565 laetitiam.
1028 2546 1037 2563 ι

287 2579 351 2616 Sap.
362 2579 449 2612 tn,l-7
457 2589 515 2607 .—t
526 2579 666 2608 .lustorum
679 2581 777 2609 anima!
786 2582 813 2608 in
821 2589 901 2609 manu
911 2582 956 2610 Dei
964 2588 1039 2615 sunt,

251 2632 338 2655 etnon
351 2631 442 2663 tanget
454 2627 516 2654 illos
532 2625 777 2654 tormentum.Visi
791 2632 858 2655 sunt
872 2629 1038 2656 oculisiusi—

253 2674 383 2707 pientium
394 2673 474 2704 mori,
484 2679 510 2700 et
518 2672 654 2699 aestimata
666 2677 706 2700 est
714 2673 1037 2703 aﬂ‘lictioexituseorum:

253 2717 334 2754 440
351 2723 377 2745 ct
394 2718 465 2752 quod
481 2726 496 2744 ιι
509 2718 587 2746 nobis
600 2722 642 2746 est
662 2718 724 2751 iter,
752 2720 882 2748 contritio
905 2730 911 2748 :
930 2721 968 2748 illi
989 2728 1040 2748 au-

253 2767 306 2789 tem
325 2768 389 2791 sunt
409 2764 435 2791 in
450 2771 526 2798 pace.
545 2763 612 2790 Nam
625 2764 681 2791 etsi
704 2772 796 2792 coram
810 2766 966 2794 hominibus
983 2771 1038 2794 tor-

254 2812 344 2835 menta
360 2809 433 2843 passi
448 2815 523 2845 sunt,
542 2818 606 2845 spes
621 2810 962 2841 illorumimmortalitatc
980 2814 1038 2846 plc-

1092 1528 1109 1553 ἢ
1124 1527 1227 1553 ἡμέρα.
1250 1535 1258 1552 ι

1167 1528 1179 1553 ἐ
1199 1535 1227 1553 α.
1250 1535 1258 1552 ι

1096 1528 1110 1563 ἡ
1124 1528 1298 1604 Ἷμὲπτάκις
1310 1572 1436 1598 πεσεῖται
1450 1571 1464 1597 ὁ
1479 1571 1595 1604 δίκαιος,
1612 1571 1660 1598 καῖ
1670 1571 1884 1606 ἀναστήσεται.»

1132 1673 1141 1688 ι
1164 1663 1210 1689 Ἐν
1236 1662 1350 1697 ἀγαθοῖς
1382 1663 1497 1690 δικαίων
1527 1662 1751 1699 κατωρθώθησαν
1780 1663 1886 1694 πόλεις,

1095 1710 1210 1745 στόμασι
1226 1710 1256 1736 δὲ
1266 1709 1373 1736 ἀσεϐῶν
1389 1710 1617 1744 κατεσκάφησαν.
1636 1719 1645 1735 ›

1132 1763 1141 1780 ι
1159 1754 1282 1790 Χρηστοὶ
1293 1755 1400 1782 ἔσονται
1418 1755 1562 1791 οἰκήτορες
1577 1756 1639 1791 γῆς,
1657 1755 1756 1783 ἄκακοι
1769 1755 1800 1782 δὲ
1815 1755 1887 1781 ὑπο-

1095 1801 1288 1836 λειφθήσονται
1301 1802 1329 1828 ὲν
1342 1801 1423 1837 αὐτῇ.
1442 1811 1452 1827 ι
1598 1795 1606 1803 ”

1131 1857 1141 1873 ι
1165 1847 1311 1879 Ἐπαύλεις
1326 1847 1431 1874 δικαίου
1447 1846 1635 1881 εὐλογοῦνται.
1659 1857 1668 1873 ι

1133 1949 1142 1966 ι
1160 1939 1245 1973 Χείλη
1260 1938 1365 1974 ἀνδρῶν
1379 1939 1491 1967 δικαίων
1503 1939 1652 1972 ἀποστάζει
1663 1939 1788 1974 χάριτας.
1805 1947 1816 1964 ι

1133 2040 1142 2056 ‹
1165 2031 1198 2057 Δί
1217 2030 1291 2066 ῥίζαι
1305 2029 1360 2056 τῶν
1395 2029 1492 2057 ικαίων
1507 2030 1557 2057 οὐκ
1573 2030 1780 2066 ὲξαρθήσονται.
1799 2039 1808 2054 ι
1825 2038 1829 2041 ·

1130 2132 1139 2148 ι
1158 2119 1234 2148 Οἶκοι
1250 2121 1361 2149 δικαίων
1369 2122 1551 2157 εὐλογοῦνται.
1574 2131 1584 2147 ι

1132 2222 1140 2238 ι
1163 2213 1192 2239 '0
1204 2212 1313 2248 βλέπων
1329 2212 1398 2246 λεῖα,
1416 2213 1604 2248 ueneﬁcum.
1625 2221 1634 2237 ›

1129 2314 1138 2330 ι
1163 2305 1192 2330 '0
1209 2305 1391 2340 πορευόμενος
1404 2303 1502 2339 ὀρθῶς,
1517 2304 1641 2339 φοϐεῖται
1664 2303 1710 2329 τὸν
1736 2302 1846 2338 Κύριον.
1872 2312 1882 2327 ι

1130 2410 1139 2423 ι
1164 2398 1211 2429 “0;
1226 2398 1431 2432 ἀναστρέφεται
1455 2397 1570 2432 ἄμωμος
1589 2397 1618 2423 ἐν
1631 2395 1798 2430 δικαιοσύνῃ,
1828 2403 1883 2429 μα-

1092 2445 1204 2479 καρίους
1219 2445 1282 2474 τοὺς
1300 2443 1396 2475 παῖδας
1409 2442 1578 2476 καταλείψει.
1603 2452 1612 2468 ι

1127 2500 1136 2515 ι
1157 2489 1202 2524 Τῷ
1221 2489 1356 2524 ἀνθρώπῳ
1375 2489 1415 2524 τῷ
1441 2488 1535 2524 ἀγαθῷ
1559 2488 1612 2524 πρὸ
1631 2487 1777 2524 προσώπου
1797 2486 1883 2514 αὐτοῦ

1091 2539 1173 2565 ἔδωκε
1188 2538 1294 2572 σοφίαν,
1309 2539 1354 2564 καὶ
1365 2538 1476 2573 γνῶσιν,
1496 2537 1544 2564 καὶ
1559 2536 1738 2571 εὐφροσύνην.
1758 2545 1767 2560 ι

1129 2594 1138 2610 ι
1156 2584 1274 2611 Δικαίων
1289 2584 1374 2618 ψυχαὶ
1389 2584 1418 2610 ἐν
1433 2583 1505 2618 χειρὶ
1521 2581 1599 2614 Θεοῦ,
1618 2582 1666 2608 καὶ
1681 2581 1711 2607 οὐ
1723 2582 1760 2616 μὴ
1776 2576 1881 2616 ἅψηται

1091 2631 1179 2658 αὐτῶν
1191 2631 1317 2665 βάσανος.
1329 2630 1441 2662 Ἔδοξαν
1452 2631 1480 2656 ἐν
1491 2628 1641 2663 ὀφθαλμοῖς
1649 2628 1775 2662 ἀφρόνων
1785 2627 1881 2653 τεθνά-

1090 2686 1144 2707 ναι.
1163 2677 1210 2704 καὶ
1224 2676 1350 2711 ἐλογίσθη
1366 2676 1529 2710 κάκωσις.ἡ
1551 2674 1639 2707 ἔξοδος
1668 2673 1768 2704 αὐτῶν,
1793 2672 1840 2698 καὶ
1863 2674 1879 2707 ἡ

1089 2723 1136 2757 ἀφ’
1151 2723 1229 2758 ἡμῶν
1244 2723 1340 2757 πορεία
1356 2722 1513 2757 σύντριμμα
1527 2729 1533 2736 '
1548 2721 1573 2747 oi
1583 2721 1612 2747 δὲ
1635 2721 1703 2746 εἰσιν
1716 2721 1744 2745 ὲν
1770 2720 1878 2754 εἰρήνῃ.

1090 2769 1145 2795 Καὶ
1175 2769 1230 2804 γὰρ
1256 2769 1284 2794 ὲν
1302 2768 1363 2801 ὕψει
1386 2767 1537 2802 ἀνθρώπων
1565 2769 1612 2794 ἐὰν
1642 2765 1829 2794 κολασθῶσιν.
1860 2764 1879 2799 ἡ

1089 2815 1166 2846 ἐλπὶς
1199 2815 1289 2842 αὑτῶν
1317 2814 1467 2845 ἀθανασίας
1496 2813 1612 2848 πλήρης.
1645 2813 1699 2839 Καὶ
1721 2811 1798 2846 ὀλίγα
1814 2819 1883 2838 παι-
