  <div class='ocr_page' id='page_1' title='image "/cluster/home/n/w/nwhite01/storage/ocr_20150623/95/njp.32101077772844/702.png"; bbox 0 0 2074 3115; ppageno 0'>
   <div class='ocr_carea' id='block_1_1' title="bbox 189 112 257 144">
    <p class='ocr_par' dir='ltr' id='par_1_1' title="bbox 189 112 257 144">
     <span class='ocr_line' id='line_1_1' title="bbox 189 112 257 144; baseline 0 0"><span class='ocrx_word' id='word_1_1' title='bbox 189 112 257 144; x_wconf 82' lang='grc'><strong>1385</strong></span> 
     </span>
    </p>
   </div>
   <div class='ocr_carea' id='block_1_2' title="bbox 816 107 1184 139">
    <p class='ocr_par' dir='ltr' id='par_1_2' title="bbox 816 107 1184 139">
     <span class='ocr_line' id='line_1_2' title="bbox 816 107 1184 139; baseline -0.005 0"><span class='ocrx_word' id='word_1_2' title='bbox 816 108 911 139; x_wconf 79' lang='lat' dir='ltr'><strong>SACR</strong></span> <span class='ocrx_word' id='word_1_3' title='bbox 916 110 935 137; x_wconf 73' lang='lat' dir='ltr'><strong>ll</strong></span> <span class='ocrx_word' id='word_1_4' title='bbox 955 111 998 138; x_wconf 79' lang='grc' dir='ltr'><strong>ΡΑ</strong></span> <span class='ocrx_word' id='word_1_5' title='bbox 1003 111 1025 138; x_wconf 71' lang='grc' dir='ltr'><strong>Β</strong></span> <span class='ocrx_word' id='word_1_6' title='bbox 1031 107 1171 138; x_wconf 79' lang='lat' dir='ltr'><strong>ALLELA</strong></span> <span class='ocrx_word' id='word_1_7' title='bbox 1178 131 1184 137; x_wconf 91' lang='lat'><strong>.</strong></span> 
     </span>
    </p>
   </div>
   <div class='ocr_carea' id='block_1_3' title="bbox 1745 106 1814 140">
    <p class='ocr_par' dir='ltr' id='par_1_3' title="bbox 1745 106 1814 140">
     <span class='ocr_line' id='line_1_3' title="bbox 1745 106 1814 140; baseline 0 -1"><span class='ocrx_word' id='word_1_8' title='bbox 1745 106 1814 140; x_wconf 80' lang='lat' dir='ltr'><strong>i386</strong></span> 
     </span>
    </p>
   </div>
   <div class='ocr_carea' id='block_1_4' title="bbox 184 159 978 200">
    <p class='ocr_par' dir='ltr' id='par_1_4' title="bbox 184 160 973 200">
     <span class='ocr_line' id='line_1_4' title="bbox 184 160 973 200; baseline -0.005 -8"><span class='ocrx_word' id='word_1_9' title='bbox 184 165 333 197; x_wconf 66' lang='lat' dir='ltr'><strong>Geuﬁévzeg,</strong></span> <span class='ocrx_word' id='word_1_10' title='bbox 356 163 464 200; x_wconf 73' lang='grc' dir='ltr'>μεγάλα</span> <span class='ocrx_word' id='word_1_11' title='bbox 488 161 752 198; x_wconf 75' lang='grc' dir='ltr'>εὐεργετηθὴσονται</span> <span class='ocrx_word' id='word_1_12' title='bbox 768 169 774 178; x_wconf 91' lang='grc'><strong>·</strong></span> <span class='ocrx_word' id='word_1_13' title='bbox 801 162 842 188; x_wconf 80' lang='grc' dir='ltr'>ὅτι</span> <span class='ocrx_word' id='word_1_14' title='bbox 874 163 889 188; x_wconf 87' lang='grc' dir='ltr'>ὀ</span> <span class='ocrx_word' id='word_1_15' title='bbox 907 160 973 193; x_wconf 77' lang='grc' dir='ltr'>Θεὸς</span> 
     </span>
    </p>
   </div>
   <div class='ocr_carea' id='block_1_5' title="bbox 1027 159 1814 200">
    <p class='ocr_par' dir='ltr' id='par_1_5' title="bbox 1027 159 1814 196">
     <span class='ocr_line' id='line_1_5' title="bbox 1027 159 1814 196; baseline 0.001 -7"><span class='ocrx_word' id='word_1_16' title='bbox 1027 170 1060 189; x_wconf 85' lang='lat' dir='ltr'><strong>na</strong></span> <span class='ocrx_word' id='word_1_17' title='bbox 1069 167 1120 190; x_wconf 81' lang='lat' dir='ltr'><strong>est.</strong></span> <span class='ocrx_word' id='word_1_18' title='bbox 1132 159 1162 188; x_wconf 83' lang='lat' dir='ltr'><strong>Et</strong></span> <span class='ocrx_word' id='word_1_19' title='bbox 1173 163 1200 188; x_wconf 89' lang='lat' dir='ltr'><strong>in</strong></span> <span class='ocrx_word' id='word_1_20' title='bbox 1217 161 1313 196; x_wconf 81' lang='lat' dir='ltr'><strong>paucis</strong></span> <span class='ocrx_word' id='word_1_21' title='bbox 1327 162 1429 195; x_wconf 78' lang='lat' dir='ltr'><strong>vexati,</strong></span> <span class='ocrx_word' id='word_1_22' title='bbox 1438 162 1465 189; x_wconf 91' lang='lat' dir='ltr'><strong>in</strong></span> <span class='ocrx_word' id='word_1_23' title='bbox 1478 162 1573 190; x_wconf 86' lang='lat' dir='ltr'><strong>multis</strong></span> <span class='ocrx_word' id='word_1_24' title='bbox 1583 161 1652 190; x_wconf 84' lang='lat' dir='ltr'><strong>bene</strong></span> <span class='ocrx_word' id='word_1_25' title='bbox 1663 161 1814 195; x_wconf 78' lang='lat' dir='ltr'><strong>disponen-</strong></span> 
     </span>
    </p>
   </div>
   <div class='ocr_carea' id='block_1_6' title="bbox 185 205 973 246">
    <p class='ocr_par' dir='ltr' id='par_1_6' title="bbox 185 205 973 246">
     <span class='ocr_line' id='line_1_6' title="bbox 185 205 973 246; baseline -0.006 -8"><span class='ocrx_word' id='word_1_26' title='bbox 185 211 331 246; x_wconf 79' lang='grc' dir='ltr'><strong>ἐπείρασεν</strong></span> <span class='ocrx_word' id='word_1_27' title='bbox 344 209 454 240; x_wconf 77' lang='grc' dir='ltr'>αὐτοὺς,</span> <span class='ocrx_word' id='word_1_28' title='bbox 468 209 516 236; x_wconf 78' lang='grc' dir='ltr'>καὶ</span> <span class='ocrx_word' id='word_1_29' title='bbox 532 205 612 243; x_wconf 78' lang='grc' dir='ltr'>εὗρεν</span> <span class='ocrx_word' id='word_1_30' title='bbox 627 207 727 239; x_wconf 78' lang='grc' dir='ltr'>αὐτοὺς</span> <span class='ocrx_word' id='word_1_31' title='bbox 741 206 835 239; x_wconf 76' lang='grc' dir='ltr'>ἀξίους</span> <span class='ocrx_word' id='word_1_32' title='bbox 863 206 973 234; x_wconf 81' lang='grc' dir='ltr'>ἑαυτοῦ.</span> 
     </span>
    </p>
   </div>
   <div class='ocr_carea' id='block_1_7' title="bbox 192 253 975 294">
    <p class='ocr_par' dir='ltr' id='par_1_7' title="bbox 192 253 975 294">
     <span class='ocr_line' id='line_1_7' title="bbox 192 253 975 294; baseline -0.005 -11"><span class='ocrx_word' id='word_1_33' title='bbox 192 257 236 288; x_wconf 81' lang='grc' dir='ltr'><strong>Ὡς</strong></span> <span class='ocrx_word' id='word_1_34' title='bbox 252 255 352 292; x_wconf 76' lang='grc' dir='ltr'>χρυσὸν</span> <span class='ocrx_word' id='word_1_35' title='bbox 364 255 392 282; x_wconf 71' lang='grc' dir='ltr'>ἐν</span> <span class='ocrx_word' id='word_1_36' title='bbox 409 254 585 294; x_wconf 74' lang='grc' dir='ltr'>χωνευτηρίῳ</span> <span class='ocrx_word' id='word_1_37' title='bbox 598 253 762 288; x_wconf 76' lang='grc' dir='ltr'><strong>ἐδοκίμασεν</strong></span> <span class='ocrx_word' id='word_1_38' title='bbox 788 253 899 286; x_wconf 81' lang='grc' dir='ltr'>αὐτοὺς,</span> <span class='ocrx_word' id='word_1_39' title='bbox 927 253 975 279; x_wconf 71' lang='grc' dir='ltr'>καὶ</span> 
     </span>
    </p>
   </div>
   <div class='ocr_carea' id='block_1_8' title="bbox 186 299 974 337">
    <p class='ocr_par' dir='ltr' id='par_1_8' title="bbox 186 299 974 337">
     <span class='ocr_line' id='line_1_8' title="bbox 186 299 974 337; baseline -0.004 -8"><span class='ocrx_word' id='word_1_40' title='bbox 186 303 224 334; x_wconf 82' lang='grc' dir='ltr'>ὡς</span> <span class='ocrx_word' id='word_1_41' title='bbox 242 301 429 337; x_wconf 82' lang='grc' dir='ltr'>δλοκάρπωμα</span> <span class='ocrx_word' id='word_1_42' title='bbox 440 300 534 332; x_wconf 77' lang='grc' dir='ltr'><strong>θυσίας</strong></span> <span class='ocrx_word' id='word_1_43' title='bbox 543 299 723 336; x_wconf 79' lang='grc' dir='ltr'>προσεδέξατο</span> <span class='ocrx_word' id='word_1_44' title='bbox 739 299 849 333; x_wconf 76' lang='grc' dir='ltr'>αὐτοὺς,</span> <span class='ocrx_word' id='word_1_45' title='bbox 867 299 915 326; x_wconf 77' lang='grc' dir='ltr'>καὶ</span> <span class='ocrx_word' id='word_1_46' title='bbox 944 300 974 326; x_wconf 78' lang='grc' dir='ltr'>ὲν</span> 
     </span>
    </p>
   </div>
   <div class='ocr_carea' id='block_1_9' title="bbox 186 345 792 384">
    <p class='ocr_par' dir='ltr' id='par_1_9' title="bbox 186 345 792 384">
     <span class='ocr_line' id='line_1_9' title="bbox 186 345 792 384; baseline -0.005 -9"><span class='ocrx_word' id='word_1_47' title='bbox 186 347 275 384; x_wconf 82' lang='grc' dir='ltr'>καιρῷ</span> <span class='ocrx_word' id='word_1_48' title='bbox 290 348 443 383; x_wconf 77' lang='grc' dir='ltr'>ἐπισκοπῆς</span> <span class='ocrx_word' id='word_1_49' title='bbox 458 346 549 374; x_wconf 82' lang='grc' dir='ltr'>αὐτῶν</span> <span class='ocrx_word' id='word_1_50' title='bbox 563 345 762 381; x_wconf 82' lang='grc' dir='ltr'>ἀναλάμψουσι.</span> <span class='ocrx_word' id='word_1_51' title='bbox 778 354 792 372; x_wconf 64' lang='grc' dir='ltr'><strong>ν</strong></span> 
     </span>
    </p>
   </div>
   <div class='ocr_carea' id='block_1_10' title="bbox 224 389 974 426">
    <p class='ocr_par' dir='ltr' id='par_1_10' title="bbox 224 389 974 426">
     <span class='ocr_line' id='line_1_10' title="bbox 224 389 974 426; baseline -0.004 -7"><span class='ocrx_word' id='word_1_52' title='bbox 224 403 233 419; x_wconf 93' lang='lat'><strong>1</strong></span> <span class='ocrx_word' id='word_1_53' title='bbox 262 394 366 421; x_wconf 86' lang='grc' dir='ltr'>Δίκαιοι</span> <span class='ocrx_word' id='word_1_54' title='bbox 389 395 429 425; x_wconf 74' lang='grc' dir='ltr'>εὶς</span> <span class='ocrx_word' id='word_1_55' title='bbox 459 392 506 420; x_wconf 75' lang='grc' dir='ltr'>τὸν</span> <span class='ocrx_word' id='word_1_56' title='bbox 525 393 612 420; x_wconf 76' lang='grc' dir='ltr'>αἰῶνα</span> <span class='ocrx_word' id='word_1_57' title='bbox 629 391 709 425; x_wconf 76' lang='grc' dir='ltr'>ζῶσι,</span> <span class='ocrx_word' id='word_1_58' title='bbox 732 391 780 418; x_wconf 76' lang='grc' dir='ltr'>καὶ</span> <span class='ocrx_word' id='word_1_59' title='bbox 806 391 835 418; x_wconf 84' lang='grc' dir='ltr'>ὲν</span> <span class='ocrx_word' id='word_1_60' title='bbox 848 389 944 426; x_wconf 79' lang='grc' dir='ltr'>Κυρίῳ</span> <span class='ocrx_word' id='word_1_61' title='bbox 959 390 974 416; x_wconf 80' lang='grc'>6</span> 
     </span>
    </p>
   </div>
   <div class='ocr_carea' id='block_1_11' title="bbox 187 436 971 476">
    <p class='ocr_par' dir='ltr' id='par_1_11' title="bbox 187 436 971 476">
     <span class='ocr_line' id='line_1_11' title="bbox 187 436 971 476; baseline -0.004 -9"><span class='ocrx_word' id='word_1_62' title='bbox 187 439 283 476; x_wconf 80' lang='grc' dir='ltr'>μισθὸς</span> <span class='ocrx_word' id='word_1_63' title='bbox 294 439 395 473; x_wconf 79' lang='grc' dir='ltr'>αὐτῶν,</span> <span class='ocrx_word' id='word_1_64' title='bbox 407 439 453 466; x_wconf 65' lang='grc' dir='ltr'>καὶ</span> <span class='ocrx_word' id='word_1_65' title='bbox 465 439 482 474; x_wconf 82' lang='grc' dir='ltr'>ἡ</span> <span class='ocrx_word' id='word_1_66' title='bbox 498 438 610 474; x_wconf 76' lang='grc' dir='ltr'>φροντὶς</span> <span class='ocrx_word' id='word_1_67' title='bbox 624 437 715 465; x_wconf 82' lang='grc' dir='ltr'>αὐτῶν</span> <span class='ocrx_word' id='word_1_68' title='bbox 734 436 810 472; x_wconf 80' lang='grc' dir='ltr'>παρὰ</span> <span class='ocrx_word' id='word_1_69' title='bbox 832 436 971 471; x_wconf 79' lang='grc' dir='ltr'>Ὑψίστου.</span> 
     </span>
    </p>
   </div>
   <div class='ocr_carea' id='block_1_12' title="bbox 186 482 972 521">
    <p class='ocr_par' dir='ltr' id='par_1_12' title="bbox 186 482 972 521">
     <span class='ocr_line' id='line_1_12' title="bbox 186 482 972 521; baseline -0.004 -8"><span class='ocrx_word' id='word_1_70' title='bbox 186 486 235 513; x_wconf 78' lang='grc' dir='ltr'>Διὰ</span> <span class='ocrx_word' id='word_1_71' title='bbox 249 486 329 513; x_wconf 80' lang='grc' dir='ltr'>τοῦτο</span> <span class='ocrx_word' id='word_1_72' title='bbox 344 485 475 521; x_wconf 87' lang='grc' dir='ltr'>λήψονται</span> <span class='ocrx_word' id='word_1_73' title='bbox 495 485 527 512; x_wconf 77' lang='grc' dir='ltr'><strong>τὸ</strong></span> <span class='ocrx_word' id='word_1_74' title='bbox 556 484 691 520; x_wconf 80' lang='grc' dir='ltr'>βασίλειον</span> <span class='ocrx_word' id='word_1_75' title='bbox 711 483 763 518; x_wconf 85' lang='grc' dir='ltr'>τῆς</span> <span class='ocrx_word' id='word_1_76' title='bbox 793 482 972 519; x_wconf 77' lang='grc' dir='ltr'><strong>εὐπρεπείας,</strong></span> 
     </span>
    </p>
   </div>
   <div class='ocr_carea' id='block_1_13' title="bbox 186 528 972 567">
    <p class='ocr_par' dir='ltr' id='par_1_13' title="bbox 186 528 972 567">
     <span class='ocr_line' id='line_1_13' title="bbox 186 528 972 567; baseline -0.006 -8"><span class='ocrx_word' id='word_1_77' title='bbox 186 533 278 560; x_wconf 77' lang='grc' dir='ltr'>καὶτὸ</span> <span class='ocrx_word' id='word_1_78' title='bbox 291 532 410 567; x_wconf 83' lang='grc' dir='ltr'>διάδημα</span> <span class='ocrx_word' id='word_1_79' title='bbox 428 532 479 566; x_wconf 83' lang='grc' dir='ltr'>τῆς</span> <span class='ocrx_word' id='word_1_80' title='bbox 504 530 639 565; x_wconf 76' lang='grc' dir='ltr'><strong>καλλονῆς</strong></span> <span class='ocrx_word' id='word_1_81' title='bbox 664 530 696 556; x_wconf 80' lang='grc' dir='ltr'>ὲκ</span> <span class='ocrx_word' id='word_1_82' title='bbox 721 528 814 564; x_wconf 81' lang='grc' dir='ltr'>χειρὸς</span> <span class='ocrx_word' id='word_1_83' title='bbox 842 528 947 564; x_wconf 86' lang='grc' dir='ltr'>Κυρίου</span> <span class='ocrx_word' id='word_1_84' title='bbox 964 536 972 544; x_wconf 94' lang='grc'><strong>·</strong></span> 
     </span>
    </p>
   </div>
   <div class='ocr_carea' id='block_1_14' title="bbox 185 574 974 613">
    <p class='ocr_par' dir='ltr' id='par_1_14' title="bbox 185 574 974 613">
     <span class='ocr_line' id='line_1_14' title="bbox 185 574 974 613; baseline -0.005 -9"><span class='ocrx_word' id='word_1_85' title='bbox 185 578 269 613; x_wconf 82' lang='grc' dir='ltr'>ὅτιτῇ</span> <span class='ocrx_word' id='word_1_86' title='bbox 287 577 361 613; x_wconf 83' lang='grc' dir='ltr'>δεξιᾷ</span> <span class='ocrx_word' id='word_1_87' title='bbox 371 577 453 603; x_wconf 78' lang='grc' dir='ltr'>αὐτοῦ</span> <span class='ocrx_word' id='word_1_88' title='bbox 469 576 600 603; x_wconf 85' lang='grc' dir='ltr'>σκεπάσει</span> <span class='ocrx_word' id='word_1_89' title='bbox 619 576 728 608; x_wconf 78' lang='grc' dir='ltr'>αὐτοὺς,</span> <span class='ocrx_word' id='word_1_90' title='bbox 741 574 788 602; x_wconf 79' lang='grc' dir='ltr'>καὶ</span> <span class='ocrx_word' id='word_1_91' title='bbox 803 574 842 609; x_wconf 83' lang='grc' dir='ltr'><strong>τῷ</strong></span> <span class='ocrx_word' id='word_1_92' title='bbox 850 574 974 609; x_wconf 81' lang='grc' dir='ltr'>βραχίονι</span> 
     </span>
    </p>
   </div>
   <div class='ocr_carea' id='block_1_15' title="bbox 186 623 496 660">
    <p class='ocr_par' dir='ltr' id='par_1_15' title="bbox 186 623 496 660">
     <span class='ocr_line' id='line_1_15' title="bbox 186 623 496 660; baseline -0.003 -10"><span class='ocrx_word' id='word_1_93' title='bbox 186 624 236 650; x_wconf 77' lang='grc' dir='ltr'>ὐπε</span> <span class='ocrx_word' id='word_1_94' title='bbox 241 624 352 660; x_wconf 84' lang='grc' dir='ltr'>ρασπιεί</span> <span class='ocrx_word' id='word_1_95' title='bbox 365 623 464 650; x_wconf 76' lang='grc' dir='ltr'>αὐτῶν.</span> <span class='ocrx_word' id='word_1_96' title='bbox 486 632 496 648; x_wconf 84' lang='grc'><strong>›</strong></span> 
     </span>
    </p>
   </div>
   <div class='ocr_carea' id='block_1_16' title="bbox 222 667 974 703">
    <p class='ocr_par' dir='ltr' id='par_1_16' title="bbox 222 667 974 703">
     <span class='ocr_line' id='line_1_16' title="bbox 222 667 974 703; baseline -0.001 -9"><span class='ocrx_word' id='word_1_97' title='bbox 222 669 352 699; x_wconf 78' lang='grc' dir='ltr'><strong>«Δίκαιος</strong></span> <span class='ocrx_word' id='word_1_98' title='bbox 368 667 416 695; x_wconf 77' lang='grc' dir='ltr'>ἐὰν</span> <span class='ocrx_word' id='word_1_99' title='bbox 444 667 535 703; x_wconf 74' lang='grc' dir='ltr'>φθάσῃ</span> <span class='ocrx_word' id='word_1_100' title='bbox 563 667 735 702; x_wconf 84' lang='grc' dir='ltr'>τελευτῆσαι,</span> <span class='ocrx_word' id='word_1_101' title='bbox 765 667 794 694; x_wconf 87' lang='grc' dir='ltr'>ὲν</span> <span class='ocrx_word' id='word_1_102' title='bbox 819 667 974 694; x_wconf 84' lang='grc' dir='ltr'>ἀναπαύσει</span> 
     </span>
    </p>
   </div>
   <div class='ocr_carea' id='block_1_17' title="bbox 185 713 974 749">
    <p class='ocr_par' dir='ltr' id='par_1_17' title="bbox 185 713 974 749">
     <span class='ocr_line' id='line_1_17' title="bbox 185 713 974 749; baseline 0 -10"><span class='ocrx_word' id='word_1_103' title='bbox 185 713 272 740; x_wconf 78' lang='grc' dir='ltr'>ἔσται.</span> <span class='ocrx_word' id='word_1_104' title='bbox 288 713 375 749; x_wconf 84' lang='grc' dir='ltr'>Χάρις</span> <span class='ocrx_word' id='word_1_105' title='bbox 388 713 437 740; x_wconf 75' lang='grc' dir='ltr'>καὶ</span> <span class='ocrx_word' id='word_1_106' title='bbox 448 713 523 744; x_wconf 78' lang='grc' dir='ltr'>ἔλεος</span> <span class='ocrx_word' id='word_1_107' title='bbox 535 714 564 740; x_wconf 77' lang='grc' dir='ltr'>ἐν</span> <span class='ocrx_word' id='word_1_108' title='bbox 579 714 635 743; x_wconf 84' lang='grc' dir='ltr'>τοῖς</span> <span class='ocrx_word' id='word_1_109' title='bbox 651 713 788 746; x_wconf 79' lang='grc' dir='ltr'><strong>ἐκλεκτοῖς</strong></span> <span class='ocrx_word' id='word_1_110' title='bbox 809 713 902 745; x_wconf 82' lang='grc' dir='ltr'>αὐτοῦ,</span> <span class='ocrx_word' id='word_1_111' title='bbox 927 714 974 740; x_wconf 71' lang='grc' dir='ltr'>καὶ</span> 
     </span>
    </p>
   </div>
   <div class='ocr_carea' id='block_1_18' title="bbox 185 758 676 794">
    <p class='ocr_par' dir='ltr' id='par_1_18' title="bbox 185 758 676 794">
     <span class='ocr_line' id='line_1_18' title="bbox 185 758 676 794; baseline 0 -9"><span class='ocrx_word' id='word_1_112' title='bbox 185 758 323 794; x_wconf 81' lang='grc' dir='ltr'>ἐπισκοπὴ</span> <span class='ocrx_word' id='word_1_113' title='bbox 342 760 371 785; x_wconf 84' lang='grc' dir='ltr'>ὲν</span> <span class='ocrx_word' id='word_1_114' title='bbox 384 759 441 790; x_wconf 83' lang='grc' dir='ltr'>τοῖς</span> <span class='ocrx_word' id='word_1_115' title='bbox 456 759 540 791; x_wconf 86' lang='grc' dir='ltr'>ὁσίοις</span> <span class='ocrx_word' id='word_1_116' title='bbox 552 758 646 786; x_wconf 79' lang='grc' dir='ltr'>αὐτοῦ.</span> <span class='ocrx_word' id='word_1_117' title='bbox 667 768 676 785; x_wconf 75' lang='grc' dir='ltr'><strong>ι</strong></span> 
     </span>
    </p>
   </div>
   <div class='ocr_carea' id='block_1_19' title="bbox 226 850 710 887">
    <p class='ocr_par' dir='ltr' id='par_1_19' title="bbox 226 850 710 887">
     <span class='ocr_line' id='line_1_19' title="bbox 226 850 710 887; baseline 0.002 -10"><span class='ocrx_word' id='word_1_118' title='bbox 226 860 236 877; x_wconf 99' lang='lat'><strong>1</strong></span> <span class='ocrx_word' id='word_1_119' title='bbox 252 850 339 878; x_wconf 81' lang='grc' dir='ltr'>Θυσία</span> <span class='ocrx_word' id='word_1_120' title='bbox 356 850 450 886; x_wconf 82' lang='grc' dir='ltr'>ἀνδρὸς</span> <span class='ocrx_word' id='word_1_121' title='bbox 466 850 572 878; x_wconf 85' lang='grc' dir='ltr'>δικαίου</span> <span class='ocrx_word' id='word_1_122' title='bbox 587 850 682 887; x_wconf 84' lang='grc' dir='ltr'>δεκτή.</span> <span class='ocrx_word' id='word_1_123' title='bbox 700 860 710 877; x_wconf 76' lang='grc' dir='ltr'><strong>ι</strong></span> 
     </span>
    </p>
   </div>
   <div class='ocr_carea' id='block_1_20' title="bbox 225 942 975 978">
    <p class='ocr_par' dir='ltr' id='par_1_20' title="bbox 225 942 975 978">
     <span class='ocr_line' id='line_1_20' title="bbox 225 942 975 978; baseline 0 -9"><span class='ocrx_word' id='word_1_124' title='bbox 225 952 234 969; x_wconf 83' lang='grc' dir='ltr'><strong>ι</strong></span> <span class='ocrx_word' id='word_1_125' title='bbox 256 943 285 969; x_wconf 88' lang='grc'><strong>’0</strong></span> <span class='ocrx_word' id='word_1_126' title='bbox 310 942 412 977; x_wconf 82' lang='grc' dir='ltr'>ἀγαθὸς</span> <span class='ocrx_word' id='word_1_127' title='bbox 427 942 570 978; x_wconf 80' lang='grc' dir='ltr'>ἄνθρωπος</span> <span class='ocrx_word' id='word_1_128' title='bbox 593 943 626 968; x_wconf 78' lang='grc' dir='ltr'>ἐκ</span> <span class='ocrx_word' id='word_1_129' title='bbox 640 942 687 969; x_wconf 85' lang='grc' dir='ltr'><strong>τοῦ</strong></span> <span class='ocrx_word' id='word_1_130' title='bbox 711 942 815 977; x_wconf 72' lang='grc' dir='ltr'>ἀγαθοῦ</span> <span class='ocrx_word' id='word_1_131' title='bbox 837 942 975 978; x_wconf 79' lang='grc' dir='ltr'>θησαυροῦ</span> 
     </span>
    </p>
   </div>
   <div class='ocr_carea' id='block_1_21' title="bbox 185 987 700 1024">
    <p class='ocr_par' dir='ltr' id='par_1_21' title="bbox 185 987 700 1024">
     <span class='ocr_line' id='line_1_21' title="bbox 185 987 700 1024; baseline -0.002 -9"><span class='ocrx_word' id='word_1_132' title='bbox 185 988 235 1024; x_wconf 76' lang='grc' dir='ltr'>τῆς</span> <span class='ocrx_word' id='word_1_133' title='bbox 251 988 365 1024; x_wconf 81' lang='grc' dir='ltr'>καρδίας</span> <span class='ocrx_word' id='word_1_134' title='bbox 382 988 554 1015; x_wconf 79' lang='grc' dir='ltr'>ὲκὸάλλειτὰ</span> <span class='ocrx_word' id='word_1_135' title='bbox 569 987 671 1022; x_wconf 82' lang='grc' dir='ltr'>ἀγαθά.</span> <span class='ocrx_word' id='word_1_136' title='bbox 691 997 700 1013; x_wconf 89' lang='grc' dir='ltr'><strong>ι</strong></span> 
     </span>
    </p>
   </div>
   <div class='ocr_carea' id='block_1_22' title="bbox 227 1033 828 1070">
    <p class='ocr_par' dir='ltr' id='par_1_22' title="bbox 227 1033 828 1070">
     <span class='ocr_line' id='line_1_22' title="bbox 227 1033 828 1070; baseline -0.002 -9"><span class='ocrx_word' id='word_1_137' title='bbox 227 1034 338 1066; x_wconf 76' lang='grc' dir='ltr'>Ῥἀϐδος</span> <span class='ocrx_word' id='word_1_138' title='bbox 352 1033 456 1061; x_wconf 78' lang='grc' dir='ltr'>δικαίου</span> <span class='ocrx_word' id='word_1_139' title='bbox 468 1034 602 1070; x_wconf 80' lang='grc' dir='ltr'>κρείσσων</span> <span class='ocrx_word' id='word_1_140' title='bbox 617 1034 633 1070; x_wconf 83' lang='grc' dir='ltr'>ἢ</span> <span class='ocrx_word' id='word_1_141' title='bbox 648 1034 717 1070; x_wconf 78' lang='grc' dir='ltr'>τιμὴ</span> <span class='ocrx_word' id='word_1_142' title='bbox 729 1034 828 1061; x_wconf 73' lang='grc' dir='ltr'>κακοῦ.</span> 
     </span>
    </p>
   </div>
   <div class='ocr_carea' id='block_1_23' title="bbox 221 1124 975 1161">
    <p class='ocr_par' dir='ltr' id='par_1_23' title="bbox 221 1124 975 1161">
     <span class='ocr_line' id='line_1_23' title="bbox 221 1124 975 1161; baseline 0.001 -10"><span class='ocrx_word' id='word_1_143' title='bbox 221 1125 290 1151; x_wconf 84' lang='grc' dir='ltr'>Ἕνα</span> <span class='ocrx_word' id='word_1_144' title='bbox 307 1124 423 1151; x_wconf 80' lang='grc' dir='ltr'>πλοῦτον</span> <span class='ocrx_word' id='word_1_145' title='bbox 435 1124 588 1159; x_wconf 77' lang='grc' dir='ltr'>νομίζοντα</span> <span class='ocrx_word' id='word_1_146' title='bbox 605 1125 654 1160; x_wconf 77' lang='grc' dir='ltr'>τὴν</span> <span class='ocrx_word' id='word_1_147' title='bbox 671 1125 722 1159; x_wconf 82' lang='grc' dir='ltr'>τῆς</span> <span class='ocrx_word' id='word_1_148' title='bbox 743 1124 843 1160; x_wconf 83' lang='grc' dir='ltr'>ἀρετῆς</span> <span class='ocrx_word' id='word_1_149' title='bbox 869 1126 975 1161; x_wconf 82' lang='grc' dir='ltr'>κτῆσιν,</span> 
     </span>
    </p>
   </div>
   <div class='ocr_carea' id='block_1_24' title="bbox 188 1170 977 1207">
    <p class='ocr_par' dir='ltr' id='par_1_24' title="bbox 188 1170 977 1207">
     <span class='ocr_line' id='line_1_24' title="bbox 188 1170 977 1207; baseline 0.001 -10"><span class='ocrx_word' id='word_1_150' title='bbox 188 1172 253 1207; x_wconf 83' lang='grc' dir='ltr'>μίαν</span> <span class='ocrx_word' id='word_1_151' title='bbox 268 1171 410 1205; x_wconf 71' lang='grc' dir='ltr'>εὐγένειαν</span> <span class='ocrx_word' id='word_1_152' title='bbox 425 1171 474 1205; x_wconf 82' lang='grc' dir='ltr'>τὴν</span> <span class='ocrx_word' id='word_1_153' title='bbox 485 1171 554 1206; x_wconf 85' lang='grc' dir='ltr'>πρὸς</span> <span class='ocrx_word' id='word_1_154' title='bbox 571 1171 614 1197; x_wconf 82' lang='grc' dir='ltr'>τὸν</span> <span class='ocrx_word' id='word_1_155' title='bbox 629 1170 695 1197; x_wconf 78' lang='grc' dir='ltr'>Θεὸν</span> <span class='ocrx_word' id='word_1_156' title='bbox 720 1170 886 1206; x_wconf 81' lang='grc' dir='ltr'>οἰκειότητα,</span> <span class='ocrx_word' id='word_1_157' title='bbox 912 1171 977 1206; x_wconf 88' lang='grc' dir='ltr'>μίαν</span> 
     </span>
    </p>
   </div>
   <div class='ocr_carea' id='block_1_25' title="bbox 187 1216 977 1252">
    <p class='ocr_par' dir='ltr' id='par_1_25' title="bbox 187 1216 977 1252">
     <span class='ocr_line' id='line_1_25' title="bbox 187 1216 977 1252; baseline 0 -8"><span class='ocrx_word' id='word_1_158' title='bbox 187 1218 265 1250; x_wconf 79' lang='grc' dir='ltr'>ἀξίαν</span> <span class='ocrx_word' id='word_1_159' title='bbox 282 1217 327 1244; x_wconf 76' lang='grc' dir='ltr'>καὶ</span> <span class='ocrx_word' id='word_1_160' title='bbox 340 1216 501 1243; x_wconf 86' lang='grc' dir='ltr'>δυναστείαν</span> <span class='ocrx_word' id='word_1_161' title='bbox 514 1217 544 1243; x_wconf 76' lang='grc' dir='ltr'>τὸ</span> <span class='ocrx_word' id='word_1_162' title='bbox 558 1218 669 1252; x_wconf 85' lang='grc' dir='ltr'>κρατεῖν</span> <span class='ocrx_word' id='word_1_163' title='bbox 681 1217 790 1249; x_wconf 78' lang='grc' dir='ltr'>ἑαυτοῦ,</span> <span class='ocrx_word' id='word_1_164' title='bbox 822 1216 871 1244; x_wconf 76' lang='grc' dir='ltr'>καὶ</span> <span class='ocrx_word' id='word_1_165' title='bbox 897 1217 977 1244; x_wconf 83' lang='grc' dir='ltr'>ἀδού-</span> 
     </span>
    </p>
   </div>
   <div class='ocr_carea' id='block_1_26' title="bbox 187 1261 979 1297">
    <p class='ocr_par' dir='ltr' id='par_1_26' title="bbox 187 1261 979 1297">
     <span class='ocr_line' id='line_1_26' title="bbox 187 1261 979 1297; baseline -0.001 -8"><span class='ocrx_word' id='word_1_166' title='bbox 187 1263 273 1289; x_wconf 83' lang='grc' dir='ltr'>λωτον</span> <span class='ocrx_word' id='word_1_167' title='bbox 286 1261 424 1293; x_wconf 72' lang='grc' dir='ltr'>εἶναιτοῖς</span> <span class='ocrx_word' id='word_1_168' title='bbox 438 1261 622 1297; x_wconf 82' lang='grc' dir='ltr'>ἀνθρωπίνοις</span> <span class='ocrx_word' id='word_1_169' title='bbox 649 1261 809 1297; x_wconf 84' lang='grc' dir='ltr'>παθήμασιν</span> <span class='ocrx_word' id='word_1_170' title='bbox 825 1270 831 1277; x_wconf 93' lang='grc'><strong>·</strong></span> <span class='ocrx_word' id='word_1_171' title='bbox 859 1262 979 1297; x_wconf 79' lang='grc' dir='ltr'>ἀχθόμε-</span> 
     </span>
    </p>
   </div>
   <div class='ocr_carea' id='block_1_27' title="bbox 187 1307 976 1344">
    <p class='ocr_par' dir='ltr' id='par_1_27' title="bbox 187 1307 976 1344">
     <span class='ocr_line' id='line_1_27' title="bbox 187 1307 976 1344; baseline -0.003 -8"><span class='ocrx_word' id='word_1_172' title='bbox 187 1317 233 1336; x_wconf 87' lang='grc' dir='ltr'><strong>νον</strong></span> <span class='ocrx_word' id='word_1_173' title='bbox 251 1309 301 1344; x_wconf 84' lang='grc' dir='ltr'><strong>μὲν</strong></span> <span class='ocrx_word' id='word_1_174' title='bbox 315 1309 348 1344; x_wconf 82' lang='grc' dir='ltr'><strong>τῇ</strong></span> <span class='ocrx_word' id='word_1_175' title='bbox 364 1307 518 1344; x_wconf 82' lang='grc' dir='ltr'>παρατάσει</span> <span class='ocrx_word' id='word_1_176' title='bbox 544 1309 593 1342; x_wconf 88' lang='grc' dir='ltr'>τῆς</span> <span class='ocrx_word' id='word_1_177' title='bbox 617 1307 664 1334; x_wconf 83' lang='grc' dir='ltr'>τοῦ</span> <span class='ocrx_word' id='word_1_178' title='bbox 685 1307 779 1334; x_wconf 85' lang='grc' dir='ltr'>ὑλικοῦ</span> <span class='ocrx_word' id='word_1_179' title='bbox 806 1307 865 1343; x_wconf 75' lang='grc' dir='ltr'>βίον</span> <span class='ocrx_word' id='word_1_180' title='bbox 893 1307 976 1341; x_wconf 84' lang='grc' dir='ltr'><strong>ζωῆς,</strong></span> 
     </span>
    </p>
   </div>
   <div class='ocr_carea' id='block_1_28' title="bbox 188 1353 978 1389">
    <p class='ocr_par' dir='ltr' id='par_1_28' title="bbox 188 1353 978 1389">
     <span class='ocr_line' id='line_1_28' title="bbox 188 1353 978 1389; baseline -0.004 -7"><span class='ocrx_word' id='word_1_181' title='bbox 188 1355 340 1382; x_wconf 82' lang='grc' dir='ltr'>σπεύδοντα</span> <span class='ocrx_word' id='word_1_182' title='bbox 353 1354 381 1381; x_wconf 83' lang='grc' dir='ltr'>δὲ</span> <span class='ocrx_word' id='word_1_183' title='bbox 393 1354 519 1389; x_wconf 79' lang='grc' dir='ltr'>καθάπερ</span> <span class='ocrx_word' id='word_1_184' title='bbox 534 1354 559 1380; x_wconf 83' lang='grc' dir='ltr'>οἱ</span> <span class='ocrx_word' id='word_1_185' title='bbox 574 1354 617 1380; x_wconf 83' lang='grc' dir='ltr'>διὰ</span> <span class='ocrx_word' id='word_1_186' title='bbox 634 1353 770 1388; x_wconf 84' lang='grc' dir='ltr'>πελάγους</span> <span class='ocrx_word' id='word_1_187' title='bbox 784 1353 978 1380; x_wconf 78' lang='grc' dir='ltr'>κακοπαθοῦν-</span> 
     </span>
    </p>
   </div>
   <div class='ocr_carea' id='block_1_29' title="bbox 187 1399 875 1438">
    <p class='ocr_par' dir='ltr' id='par_1_29' title="bbox 187 1399 875 1438">
     <span class='ocr_line' id='line_1_29' title="bbox 187 1399 875 1438; baseline -0.006 -9"><span class='ocrx_word' id='word_1_188' title='bbox 187 1411 233 1434; x_wconf 86' lang='grc' dir='ltr'><strong>τες</strong></span> <span class='ocrx_word' id='word_1_189' title='bbox 250 1402 318 1438; x_wconf 79' lang='grc' dir='ltr'>πρὸς</span> <span class='ocrx_word' id='word_1_190' title='bbox 328 1401 426 1436; x_wconf 76' lang='grc' dir='ltr'>λιμένα</span> <span class='ocrx_word' id='word_1_191' title='bbox 439 1400 607 1436; x_wconf 82' lang='grc' dir='ltr'>καταντῆσαι</span> <span class='ocrx_word' id='word_1_192' title='bbox 624 1399 674 1434; x_wconf 77' lang='grc' dir='ltr'>τῆς</span> <span class='ocrx_word' id='word_1_193' title='bbox 689 1399 875 1431; x_wconf 77' lang='grc' dir='ltr'>ἀναστάσεως.</span> 
     </span>
    </p>
   </div>
   <div class='ocr_carea' id='block_1_30' title="bbox 225 1527 980 1570">
    <p class='ocr_par' dir='ltr' id='par_1_30' title="bbox 225 1527 980 1570">
     <span class='ocr_line' id='line_1_30' title="bbox 225 1527 980 1570; baseline -0.012 -8"><span class='ocrx_word' id='word_1_194' title='bbox 225 1535 331 1570; x_wconf 81' lang='grc' dir='ltr'>Ὠσπερ</span> <span class='ocrx_word' id='word_1_195' title='bbox 346 1533 381 1560; x_wconf 77' lang='grc' dir='ltr'><strong>τὰ</strong></span> <span class='ocrx_word' id='word_1_196' title='bbox 396 1531 483 1567; x_wconf 81' lang='grc' dir='ltr'>εὐώδη</span> <span class='ocrx_word' id='word_1_197' title='bbox 499 1531 553 1558; x_wconf 86' lang='grc' dir='ltr'>τῶν</span> <span class='ocrx_word' id='word_1_198' title='bbox 576 1530 730 1566; x_wconf 84' lang='grc' dir='ltr'>ἀρωμάτων</span> <span class='ocrx_word' id='word_1_199' title='bbox 759 1531 808 1564; x_wconf 84' lang='grc' dir='ltr'>τῆς</span> <span class='ocrx_word' id='word_1_200' title='bbox 833 1528 900 1559; x_wconf 80' lang='grc' dir='ltr'>ιδίας</span> <span class='ocrx_word' id='word_1_201' title='bbox 934 1527 980 1554; x_wconf 80' lang='grc' dir='ltr'><strong>εὑ-</strong></span> 
     </span>
    </p>
   </div>
   <div class='ocr_carea' id='block_1_31' title="bbox 188 1573 980 1612">
    <p class='ocr_par' dir='ltr' id='par_1_31' title="bbox 188 1573 980 1612">
     <span class='ocr_line' id='line_1_31' title="bbox 188 1573 980 1612; baseline -0.011 -5"><span class='ocrx_word' id='word_1_202' title='bbox 188 1580 283 1611; x_wconf 82' lang='grc' dir='ltr'>πνοίας</span> <span class='ocrx_word' id='word_1_203' title='bbox 297 1580 342 1606; x_wconf 73' lang='grc' dir='ltr'><strong>τὸν</strong></span> <span class='ocrx_word' id='word_1_204' title='bbox 356 1577 560 1612; x_wconf 81' lang='grc' dir='ltr'>παρακείμενον</span> <span class='ocrx_word' id='word_1_205' title='bbox 575 1575 646 1610; x_wconf 81' lang='grc' dir='ltr'>ἀέρα</span> <span class='ocrx_word' id='word_1_206' title='bbox 673 1574 766 1609; x_wconf 82' lang='grc' dir='ltr'>πλήρη</span> <span class='ocrx_word' id='word_1_207' title='bbox 782 1574 856 1600; x_wconf 84' lang='grc' dir='ltr'>ποιεῖ</span> <span class='ocrx_word' id='word_1_208' title='bbox 870 1581 876 1587; x_wconf 90' lang='grc'><strong>·</strong></span> <span class='ocrx_word' id='word_1_209' title='bbox 893 1573 980 1603; x_wconf 71' lang='grc' dir='ltr'>οὕτως</span> 
     </span>
    </p>
   </div>
   <div class='ocr_carea' id='block_1_32' title="bbox 189 1619 870 1661">
    <p class='ocr_par' dir='ltr' id='par_1_32' title="bbox 189 1619 870 1661">
     <span class='ocr_line' id='line_1_32' title="bbox 189 1619 870 1661; baseline -0.012 -8"><span class='ocrx_word' id='word_1_210' title='bbox 189 1625 284 1661; x_wconf 74' lang='grc' dir='ltr'>ἀνδρὸς</span> <span class='ocrx_word' id='word_1_211' title='bbox 299 1623 402 1659; x_wconf 79' lang='grc' dir='ltr'>άγαθοῦ</span> <span class='ocrx_word' id='word_1_212' title='bbox 418 1621 552 1657; x_wconf 82' lang='grc' dir='ltr'>παρουσία</span> <span class='ocrx_word' id='word_1_213' title='bbox 560 1621 624 1652; x_wconf 81' lang='grc' dir='ltr'>τοὺς</span> <span class='ocrx_word' id='word_1_214' title='bbox 641 1620 725 1651; x_wconf 80' lang='grc' dir='ltr'>πέλας</span> <span class='ocrx_word' id='word_1_215' title='bbox 739 1619 870 1654; x_wconf 85' lang='grc' dir='ltr'>ὀνίνησιν.</span> 
     </span>
    </p>
   </div>
   <div class='ocr_carea' id='block_1_33' title="bbox 334 1709 821 1745">
    <p class='ocr_par' dir='ltr' id='par_1_33' title="bbox 334 1709 821 1745">
     <span class='ocr_line' id='line_1_33' title="bbox 334 1709 821 1745; baseline -0.01 -5"><span class='ocrx_word' id='word_1_216' title='bbox 334 1713 424 1740; x_wconf 87' lang='grc' dir='ltr'>ΤΙΤΛ.</span> <span class='ocrx_word' id='word_1_217' title='bbox 438 1711 487 1738; x_wconf 88' lang='grc' dir='ltr'><strong>ΙΖ’.</strong></span> <span class='ocrx_word' id='word_1_218' title='bbox 503 1725 538 1732; x_wconf 75' lang='grc'><strong>-⁵</strong></span> <span class='ocrx_word' id='word_1_219' title='bbox 550 1710 620 1744; x_wconf 75' lang='grc' dir='ltr'>Περὶ</span> <span class='ocrx_word' id='word_1_220' title='bbox 637 1709 821 1745; x_wconf 76' lang='grc' dir='ltr'>διγλώσσου.</span> 
     </span>
    </p>
   </div>
   <div class='ocr_carea' id='block_1_34' title="bbox 228 1754 826 1794">
    <p class='ocr_par' dir='ltr' id='par_1_34' title="bbox 228 1754 826 1794">
     <span class='ocr_line' id='line_1_34' title="bbox 228 1754 826 1794; baseline -0.013 -6"><span class='ocrx_word' id='word_1_221' title='bbox 228 1771 238 1787; x_wconf 94' lang='lat'><strong>1</strong></span> <span class='ocrx_word' id='word_1_222' title='bbox 256 1760 435 1794; x_wconf 75' lang='grc' dir='ltr'>Κατάγνωσις</span> <span class='ocrx_word' id='word_1_223' title='bbox 451 1756 557 1793; x_wconf 80' lang='grc' dir='ltr'>πονηρὰ</span> <span class='ocrx_word' id='word_1_224' title='bbox 574 1757 621 1783; x_wconf 73' lang='grc' dir='ltr'><strong>ἐπὶ</strong></span> <span class='ocrx_word' id='word_1_225' title='bbox 635 1754 798 1790; x_wconf 84' lang='grc' dir='ltr'>διγλὼσσου.</span> <span class='ocrx_word' id='word_1_226' title='bbox 817 1763 826 1780; x_wconf 77' lang='grc' dir='ltr'><strong>ι</strong></span> 
     </span>
    </p>
   </div>
   <div class='ocr_carea' id='block_1_35' title="bbox 231 1843 980 1883">
    <p class='ocr_par' dir='ltr' id='par_1_35' title="bbox 231 1843 980 1883">
     <span class='ocr_line' id='line_1_35' title="bbox 231 1843 980 1883; baseline -0.008 -7"><span class='ocrx_word' id='word_1_227' title='bbox 231 1860 240 1876; x_wconf 94' lang='lat'><strong>1</strong></span> <span class='ocrx_word' id='word_1_228' title='bbox 258 1850 314 1881; x_wconf 78' lang='grc' dir='ltr'><strong>Πᾶς</strong></span> <span class='ocrx_word' id='word_1_229' title='bbox 328 1846 490 1883; x_wconf 76' lang='grc' dir='ltr'>ἁμαρτωλὸς</span> <span class='ocrx_word' id='word_1_230' title='bbox 512 1844 642 1880; x_wconf 81' lang='grc' dir='ltr'>φθονερὸς</span> <span class='ocrx_word' id='word_1_231' title='bbox 671 1844 719 1871; x_wconf 73' lang='grc' dir='ltr'><strong>καὶ</strong></span> <span class='ocrx_word' id='word_1_232' title='bbox 742 1843 891 1878; x_wconf 77' lang='grc' dir='ltr'>δίγλωσσος</span> <span class='ocrx_word' id='word_1_233' title='bbox 920 1845 980 1871; x_wconf 86' lang='grc' dir='ltr'>ἀτι-</span> 
     </span>
    </p>
   </div>
   <div class='ocr_carea' id='block_1_36' title="bbox 192 1895 362 1932">
    <p class='ocr_par' dir='ltr' id='par_1_36' title="bbox 192 1895 362 1932">
     <span class='ocr_line' id='line_1_36' title="bbox 192 1895 362 1932; baseline -0.006 -10"><span class='ocrx_word' id='word_1_234' title='bbox 192 1897 256 1932; x_wconf 85' lang='grc' dir='ltr'>μίαν</span> <span class='ocrx_word' id='word_1_235' title='bbox 270 1895 335 1927; x_wconf 78' lang='grc' dir='ltr'>ἒξει.</span> <span class='ocrx_word' id='word_1_236' title='bbox 353 1903 362 1919; x_wconf 72' lang='grc' dir='ltr'><strong>ι</strong></span> 
     </span>
    </p>
   </div>
   <div class='ocr_carea' id='block_1_37' title="bbox 207 1945 982 1986">
    <p class='ocr_par' dir='ltr' id='par_1_37' title="bbox 207 1945 982 1986">
     <span class='ocr_line' id='line_1_37' title="bbox 207 1945 982 1986; baseline -0.01 -6"><span class='ocrx_word' id='word_1_237' title='bbox 207 1960 210 1963; x_wconf 90' lang='grc'>·</span> <span class='ocrx_word' id='word_1_238' title='bbox 230 1963 239 1979; x_wconf 89' lang='lat'><strong>1</strong></span> <span class='ocrx_word' id='word_1_239' title='bbox 254 1951 381 1986; x_wconf 78' lang='grc' dir='ltr'>Ψίθυρον</span> <span class='ocrx_word' id='word_1_240' title='bbox 393 1950 440 1976; x_wconf 73' lang='grc' dir='ltr'>καὶ</span> <span class='ocrx_word' id='word_1_241' title='bbox 452 1947 601 1982; x_wconf 85' lang='grc' dir='ltr'>δίγλωσσον</span> <span class='ocrx_word' id='word_1_242' title='bbox 631 1945 841 1982; x_wconf 80' lang='grc' dir='ltr'>καταράσασθε’</span> <span class='ocrx_word' id='word_1_243' title='bbox 868 1945 982 1977; x_wconf 75' lang='grc' dir='ltr'>πολλοὺς</span> 
     </span>
    </p>
   </div>
   <div class='ocr_carea' id='block_1_38' title="bbox 191 1991 982 2034">
    <p class='ocr_par' dir='ltr' id='par_1_38' title="bbox 191 1991 982 2034">
     <span class='ocr_line' id='line_1_38' title="bbox 191 1991 982 2034; baseline -0.009 -10"><span class='ocrx_word' id='word_1_244' title='bbox 191 1999 244 2034; x_wconf 69' lang='grc' dir='ltr'><strong>γὰρ</strong></span> <span class='ocrx_word' id='word_1_245' title='bbox 259 1995 448 2033; x_wconf 82' lang='grc' dir='ltr'>είρηνεύοντας</span> <span class='ocrx_word' id='word_1_246' title='bbox 461 1993 596 2020; x_wconf 85' lang='grc' dir='ltr'>ἀπώλεσε.</span> <span class='ocrx_word' id='word_1_247' title='bbox 622 1991 737 2019; x_wconf 83' lang='grc' dir='ltr'>Γλῶσσα</span> <span class='ocrx_word' id='word_1_248' title='bbox 762 1992 838 2027; x_wconf 84' lang='grc' dir='ltr'>διττὴ</span> <span class='ocrx_word' id='word_1_249' title='bbox 868 1991 982 2023; x_wconf 73' lang='grc' dir='ltr'>πολλοὺς</span> 
     </span>
    </p>
   </div>
   <div class='ocr_carea' id='block_1_39' title="bbox 191 2037 980 2075">
    <p class='ocr_par' dir='ltr' id='par_1_39' title="bbox 191 2037 980 2075">
     <span class='ocr_line' id='line_1_39' title="bbox 191 2037 980 2075; baseline -0.01 -4"><span class='ocrx_word' id='word_1_250' title='bbox 191 2043 331 2075; x_wconf 81' lang='grc' dir='ltr'>ὲσὰλευσε,</span> <span class='ocrx_word' id='word_1_251' title='bbox 347 2041 394 2068; x_wconf 75' lang='grc' dir='ltr'>καὶ</span> <span class='ocrx_word' id='word_1_252' title='bbox 407 2039 554 2067; x_wconf 79' lang='grc' dir='ltr'>διέστειλεν</span> <span class='ocrx_word' id='word_1_253' title='bbox 567 2038 665 2069; x_wconf 81' lang='grc' dir='ltr'>αὐτοὺς</span> <span class='ocrx_word' id='word_1_254' title='bbox 682 2038 737 2065; x_wconf 82' lang='grc' dir='ltr'>ἀπὸ</span> <span class='ocrx_word' id='word_1_255' title='bbox 750 2037 843 2069; x_wconf 69' lang='grc' dir='ltr'>ἔθνους</span> <span class='ocrx_word' id='word_1_256' title='bbox 865 2037 906 2069; x_wconf 81' lang='grc' dir='ltr'><strong>εἰς</strong></span> <span class='ocrx_word' id='word_1_257' title='bbox 936 2037 980 2063; x_wconf 78' lang='grc' dir='ltr'>ἑθ-</span> 
     </span>
    </p>
   </div>
   <div class='ocr_carea' id='block_1_40' title="bbox 191 2076 1018 2122">
    <p class='ocr_par' dir='ltr' id='par_1_40' title="bbox 191 2076 1018 2122">
     <span class='ocr_line' id='line_1_40' title="bbox 191 2076 1018 2122; baseline -0.012 -5"><span class='ocrx_word' id='word_1_258' title='bbox 191 2099 247 2122; x_wconf 80' lang='grc' dir='ltr'>νος,</span> <span class='ocrx_word' id='word_1_259' title='bbox 262 2089 310 2117; x_wconf 76' lang='grc' dir='ltr'><strong>καὶ</strong></span> <span class='ocrx_word' id='word_1_260' title='bbox 326 2087 418 2118; x_wconf 81' lang='grc' dir='ltr'>πόλεις</span> <span class='ocrx_word' id='word_1_261' title='bbox 432 2085 535 2121; x_wconf 84' lang='grc' dir='ltr'>ὀχυρᾶς</span> <span class='ocrx_word' id='word_1_262' title='bbox 558 2083 690 2115; x_wconf 80' lang='grc' dir='ltr'>καθεῖλεν,</span> <span class='ocrx_word' id='word_1_263' title='bbox 714 2083 762 2110; x_wconf 80' lang='grc' dir='ltr'>καὶ</span> <span class='ocrx_word' id='word_1_264' title='bbox 786 2084 873 2115; x_wconf 77' lang='grc' dir='ltr'>οἰκίας</span> <span class='ocrx_word' id='word_1_265' title='bbox 899 2091 978 2118; x_wconf 87' lang='grc' dir='ltr'>μεγι-</span> <span class='ocrx_word' id='word_1_266' title='bbox 995 2076 1018 2106; x_wconf 79' lang='grc' dir='ltr'><strong>Ι)</strong></span> 
     </span>
    </p>
   </div>
   <div class='ocr_carea' id='block_1_41' title="bbox 192 2129 980 2168">
    <p class='ocr_par' dir='ltr' id='par_1_41' title="bbox 192 2129 980 2168">
     <span class='ocr_line' id='line_1_41' title="bbox 192 2129 980 2168; baseline -0.01 -5"><span class='ocrx_word' id='word_1_267' title='bbox 192 2136 296 2163; x_wconf 86' lang='grc' dir='ltr'>στάνων</span> <span class='ocrx_word' id='word_1_268' title='bbox 331 2131 511 2168; x_wconf 78' lang='grc' dir='ltr'>κατέστρεψε.</span> <span class='ocrx_word' id='word_1_269' title='bbox 530 2130 642 2157; x_wconf 85' lang='grc' dir='ltr'>Γλῶσσα</span> <span class='ocrx_word' id='word_1_270' title='bbox 670 2129 747 2164; x_wconf 81' lang='grc' dir='ltr'>διττὴ</span> <span class='ocrx_word' id='word_1_271' title='bbox 770 2130 903 2164; x_wconf 82' lang='grc' dir='ltr'>γυναῖκας</span> <span class='ocrx_word' id='word_1_272' title='bbox 933 2129 980 2156; x_wconf 79' lang='grc' dir='ltr'>άν-</span> 
     </span>
    </p>
   </div>
   <div class='ocr_carea' id='block_1_42' title="bbox 191 2175 979 2217">
    <p class='ocr_par' dir='ltr' id='par_1_42' title="bbox 191 2175 979 2217">
     <span class='ocr_line' id='line_1_42' title="bbox 191 2175 979 2217; baseline -0.013 -7"><span class='ocrx_word' id='word_1_273' title='bbox 191 2181 284 2217; x_wconf 81' lang='grc' dir='ltr'>δρείας</span> <span class='ocrx_word' id='word_1_274' title='bbox 298 2179 408 2214; x_wconf 78' lang='grc' dir='ltr'>ὲξέὃαλε</span> <span class='ocrx_word' id='word_1_275' title='bbox 425 2178 472 2205; x_wconf 74' lang='grc' dir='ltr'>καὶ</span> <span class='ocrx_word' id='word_1_276' title='bbox 485 2177 632 2212; x_wconf 81' lang='grc' dir='ltr'>ὲστὲρησεν</span> <span class='ocrx_word' id='word_1_277' title='bbox 645 2175 731 2208; x_wconf 80' lang='grc' dir='ltr'>αὐτὰς</span> <span class='ocrx_word' id='word_1_278' title='bbox 745 2176 798 2202; x_wconf 87' lang='grc' dir='ltr'>τῶν</span> <span class='ocrx_word' id='word_1_279' title='bbox 813 2175 902 2202; x_wconf 68' lang='grc' dir='ltr'>πόνων</span> <span class='ocrx_word' id='word_1_280' title='bbox 931 2176 979 2201; x_wconf 84' lang='grc' dir='ltr'><strong>αὺ-</strong></span> 
     </span>
    </p>
   </div>
   <div class='ocr_carea' id='block_1_43' title="bbox 190 2221 978 2262">
    <p class='ocr_par' dir='ltr' id='par_1_43' title="bbox 190 2221 978 2262">
     <span class='ocr_line' id='line_1_43' title="bbox 190 2221 978 2262; baseline -0.01 -7"><span class='ocrx_word' id='word_1_281' title='bbox 190 2229 256 2257; x_wconf 84' lang='grc' dir='ltr'>τῶν.</span> <span class='ocrx_word' id='word_1_282' title='bbox 278 2228 307 2254; x_wconf 85' lang='grc' dir='ltr'>Ὀ</span> <span class='ocrx_word' id='word_1_283' title='bbox 320 2225 461 2262; x_wconf 80' lang='grc' dir='ltr'>προσέχων</span> <span class='ocrx_word' id='word_1_284' title='bbox 481 2223 562 2259; x_wconf 80' lang='grc' dir='ltr'>αὐτῇ,</span> <span class='ocrx_word' id='word_1_285' title='bbox 597 2223 628 2249; x_wconf 90' lang='grc' dir='ltr'>οὐ</span> <span class='ocrx_word' id='word_1_286' title='bbox 655 2222 692 2257; x_wconf 80' lang='grc' dir='ltr'><strong>μὴ</strong></span> <span class='ocrx_word' id='word_1_287' title='bbox 721 2221 791 2258; x_wconf 80' lang='grc' dir='ltr'>εὕρῃ</span> <span class='ocrx_word' id='word_1_288' title='bbox 816 2221 978 2253; x_wconf 80' lang='grc' dir='ltr'>ἀνάπαυσιν,</span> 
     </span>
    </p>
   </div>
   <div class='ocr_carea' id='block_1_44' title="bbox 191 2267 752 2306">
    <p class='ocr_par' dir='ltr' id='par_1_44' title="bbox 191 2267 752 2306">
     <span class='ocr_line' id='line_1_44' title="bbox 191 2267 752 2306; baseline -0.012 -5"><span class='ocrx_word' id='word_1_289' title='bbox 191 2274 251 2301; x_wconf 76' lang='grc' dir='ltr'>οὐδὲ</span> <span class='ocrx_word' id='word_1_290' title='bbox 269 2270 476 2306; x_wconf 85' lang='grc' dir='ltr'>κατασκηνώσει</span> <span class='ocrx_word' id='word_1_291' title='bbox 493 2269 563 2305; x_wconf 86' lang='grc' dir='ltr'>μετά</span> <span class='ocrx_word' id='word_1_292' title='bbox 581 2267 706 2304; x_wconf 78' lang='grc' dir='ltr'>ἡσυχίας.</span> <span class='ocrx_word' id='word_1_293' title='bbox 731 2276 752 2294; x_wconf 82' lang='lat' dir='ltr'><strong>I-</strong></span> 
     </span>
    </p>
   </div>
   <div class='ocr_carea' id='block_1_45' title="bbox 190 2335 981 2372">
    <p class='ocr_par' dir='ltr' id='par_1_45' title="bbox 190 2335 981 2372">
     <span class='ocr_line' id='line_1_45' title="bbox 190 2335 981 2372; baseline -0.01 -3"><span class='ocrx_word' id='word_1_294' title='bbox 190 2343 213 2369; x_wconf 89' lang='grc' dir='ltr'><strong>Τ</strong></span> <span class='ocrx_word' id='word_1_295' title='bbox 215 2341 283 2368; x_wconf 87' lang='grc' dir='ltr'><strong>ΙΤΛ.</strong></span> <span class='ocrx_word' id='word_1_296' title='bbox 301 2341 353 2367; x_wconf 88' lang='lat' dir='ltr'><strong>lH’.</strong></span> <span class='ocrx_word' id='word_1_297' title='bbox 367 2354 400 2360; x_wconf 67' lang='grc' dir='ltr'><strong>-α</strong></span> <span class='ocrx_word' id='word_1_298' title='bbox 413 2338 482 2372; x_wconf 80' lang='grc' dir='ltr'>Περὶ</span> <span class='ocrx_word' id='word_1_299' title='bbox 499 2335 652 2372; x_wconf 57' lang='grc' dir='ltr'>δικαστῶν</span> <span class='ocrx_word' id='word_1_300' title='bbox 661 2335 845 2372; x_wconf 46' lang='lat' dir='ltr'><strong>discedere-1r.</strong></span> <span class='ocrx_word' id='word_1_301' title='bbox 867 2336 918 2372; x_wconf 69' lang='lat' dir='ltr'><strong>xui</strong></span> <span class='ocrx_word' id='word_1_302' title='bbox 932 2344 981 2372; x_wconf 66' lang='grc' dir='ltr'>κςι-</span> 
     </span>
    </p>
   </div>
   <div class='ocr_carea' id='block_1_46' title="bbox 226 2370 979 2411">
    <p class='ocr_par' dir='ltr' id='par_1_46' title="bbox 226 2370 979 2411">
     <span class='ocr_line' id='line_1_46' title="bbox 226 2370 979 2411; baseline -0.011 -7"><span class='ocrx_word' id='word_1_303' title='bbox 226 2377 319 2411; x_wconf 73' lang='grc' dir='ltr'>θαρὰς</span> <span class='ocrx_word' id='word_1_304' title='bbox 328 2370 461 2410; x_wconf 67' lang='grc' dir='ltr'>ἐκόνιτωύ</span> <span class='ocrx_word' id='word_1_305' title='bbox 474 2373 527 2411; x_wconf 62' lang='grc' dir='ltr'>τὰς</span> <span class='ocrx_word' id='word_1_306' title='bbox 552 2370 662 2406; x_wconf 63' lang='grc' dir='ltr'><strong>χεᾷὶας,</strong></span> <span class='ocrx_word' id='word_1_307' title='bbox 682 2371 733 2397; x_wconf 76' lang='grc' dir='ltr'><strong>καί</strong></span> <span class='ocrx_word' id='word_1_308' title='bbox 758 2370 848 2405; x_wconf 73' lang='grc' dir='ltr'>κρῖμα</span> <span class='ocrx_word' id='word_1_309' title='bbox 869 2370 918 2397; x_wconf 77' lang='grc' dir='ltr'>καὶ</span> <span class='ocrx_word' id='word_1_310' title='bbox 941 2370 979 2396; x_wconf 79' lang='grc' dir='ltr'>δι·</span> 
     </span>
    </p>
   </div>
   <div class='ocr_carea' id='block_1_47' title="bbox 227 2409 585 2444">
    <p class='ocr_par' dir='ltr' id='par_1_47' title="bbox 227 2409 585 2444">
     <span class='ocr_line' id='line_1_47' title="bbox 227 2409 585 2444; baseline -0.017 -6"><span class='ocrx_word' id='word_1_311' title='bbox 227 2409 397 2444; x_wconf 75' lang='grc' dir='ltr'><strong>κᾱιοσύνην</strong></span> <span class='ocrx_word' id='word_1_312' title='bbox 407 2409 585 2435; x_wconf 77' lang='grc' dir='ltr'>ποιούντων.</span> 
     </span>
    </p>
   </div>
   <div class='ocr_carea' id='block_1_48' title="bbox 230 2461 981 2495">
    <p class='ocr_par' dir='ltr' id='par_1_48' title="bbox 230 2461 981 2495">
     <span class='ocr_line' id='line_1_48' title="bbox 230 2461 981 2495; baseline -0.008 -2"><span class='ocrx_word' id='word_1_313' title='bbox 230 2477 239 2493; x_wconf 92' lang='lat'><strong>1</strong></span> <span class='ocrx_word' id='word_1_314' title='bbox 261 2466 361 2493; x_wconf 80' lang='grc' dir='ltr'>’Λθῶον</span> <span class='ocrx_word' id='word_1_315' title='bbox 379 2465 426 2491; x_wconf 76' lang='grc' dir='ltr'><strong>καὶ</strong></span> <span class='ocrx_word' id='word_1_316' title='bbox 449 2464 553 2491; x_wconf 88' lang='grc' dir='ltr'>δίκαιον</span> <span class='ocrx_word' id='word_1_317' title='bbox 582 2463 632 2489; x_wconf 79' lang='grc' dir='ltr'>οὐκ</span> <span class='ocrx_word' id='word_1_318' title='bbox 656 2462 827 2495; x_wconf 75' lang='grc' dir='ltr'>ἀποκτενεῖς,</span> <span class='ocrx_word' id='word_1_319' title='bbox 854 2461 901 2488; x_wconf 74' lang='grc' dir='ltr'>καὶ</span> <span class='ocrx_word' id='word_1_320' title='bbox 931 2461 981 2488; x_wconf 72' lang='grc' dir='ltr'>οὐκ</span> 
     </span>
    </p>
   </div>
   <div class='ocr_carea' id='block_1_49' title="bbox 193 2510 537 2544">
    <p class='ocr_par' dir='ltr' id='par_1_49' title="bbox 193 2510 537 2544">
     <span class='ocr_line' id='line_1_49' title="bbox 193 2510 537 2544; baseline -0.015 -4"><span class='ocrx_word' id='word_1_321' title='bbox 193 2511 332 2543; x_wconf 76' lang='grc' dir='ltr'>ἁθωώσεις</span> <span class='ocrx_word' id='word_1_322' title='bbox 347 2511 391 2537; x_wconf 81' lang='grc' dir='ltr'>τὸν</span> <span class='ocrx_word' id='word_1_323' title='bbox 407 2510 503 2544; x_wconf 78' lang='grc' dir='ltr'>ἀσεϐῆ.</span> <span class='ocrx_word' id='word_1_324' title='bbox 527 2519 537 2534; x_wconf 81' lang='grc' dir='ltr'><strong>ι</strong></span> 
     </span>
    </p>
   </div>
   <div class='ocr_carea' id='block_1_50' title="bbox 231 2564 884 2601">
    <p class='ocr_par' dir='ltr' id='par_1_50' title="bbox 231 2564 884 2601">
     <span class='ocr_line' id='line_1_50' title="bbox 231 2564 884 2601; baseline -0.002 -9"><span class='ocrx_word' id='word_1_325' title='bbox 231 2576 241 2593; x_wconf 87' lang='lat'><strong>1</strong></span> <span class='ocrx_word' id='word_1_326' title='bbox 260 2567 354 2593; x_wconf 81' lang='grc' dir='ltr'>Πᾶσαν</span> <span class='ocrx_word' id='word_1_327' title='bbox 369 2566 456 2601; x_wconf 86' lang='grc' dir='ltr'>χήραν</span> <span class='ocrx_word' id='word_1_328' title='bbox 469 2565 516 2592; x_wconf 73' lang='grc' dir='ltr'><strong>καὶ</strong></span> <span class='ocrx_word' id='word_1_329' title='bbox 526 2564 644 2601; x_wconf 78' lang='grc' dir='ltr'>ὀρφανὸν</span> <span class='ocrx_word' id='word_1_330' title='bbox 659 2565 689 2592; x_wconf 87' lang='grc' dir='ltr'>οὺ</span> <span class='ocrx_word' id='word_1_331' title='bbox 707 2564 857 2592; x_wconf 80' lang='grc' dir='ltr'>κακώσετε.</span> <span class='ocrx_word' id='word_1_332' title='bbox 875 2574 884 2591; x_wconf 80' lang='grc' dir='ltr'><strong>ι</strong></span> 
     </span>
    </p>
   </div>
   <div class='ocr_carea' id='block_1_51' title="bbox 234 2664 978 2702">
    <p class='ocr_par' dir='ltr' id='par_1_51' title="bbox 234 2664 978 2702">
     <span class='ocr_line' id='line_1_51' title="bbox 234 2664 978 2702; baseline 0 -10"><span class='ocrx_word' id='word_1_333' title='bbox 234 2675 244 2692; x_wconf 95' lang='lat'><strong>1</strong></span> <span class='ocrx_word' id='word_1_334' title='bbox 263 2666 300 2693; x_wconf 82' lang='grc' dir='ltr'><strong>Οὐ</strong></span> <span class='ocrx_word' id='word_1_335' title='bbox 316 2664 480 2700; x_wconf 77' lang='grc' dir='ltr'>προσθήσεις</span> <span class='ocrx_word' id='word_1_336' title='bbox 495 2666 565 2700; x_wconf 81' lang='grc' dir='ltr'>μετὰ</span> <span class='ocrx_word' id='word_1_337' title='bbox 586 2665 706 2702; x_wconf 80' lang='grc' dir='ltr'>πλήθους</span> <span class='ocrx_word' id='word_1_338' title='bbox 731 2665 853 2693; x_wconf 75' lang='grc' dir='ltr'>ἐκκλῖναι</span> <span class='ocrx_word' id='word_1_339' title='bbox 878 2665 978 2701; x_wconf 84' lang='grc' dir='ltr'>κρίσιν.</span> 
     </span>
    </p>
   </div>
   <div class='ocr_carea' id='block_1_52' title="bbox 194 2711 981 2750">
    <p class='ocr_par' dir='ltr' id='par_1_52' title="bbox 194 2711 981 2750">
     <span class='ocr_line' id='line_1_52' title="bbox 194 2711 981 2750; baseline -0.005 -9"><span class='ocrx_word' id='word_1_340' title='bbox 194 2713 274 2750; x_wconf 86' lang='grc' dir='ltr'>Δῶρα</span> <span class='ocrx_word' id='word_1_341' title='bbox 282 2712 312 2739; x_wconf 79' lang='grc' dir='ltr'>οὐ</span> <span class='ocrx_word' id='word_1_342' title='bbox 326 2711 409 2747; x_wconf 79' lang='grc' dir='ltr'>λήψῃ.</span> <span class='ocrx_word' id='word_1_343' title='bbox 431 2711 472 2738; x_wconf 77' lang='grc' dir='ltr'>Τὰ</span> <span class='ocrx_word' id='word_1_344' title='bbox 493 2711 547 2746; x_wconf 84' lang='grc' dir='ltr'><strong>γὰρ</strong></span> <span class='ocrx_word' id='word_1_345' title='bbox 571 2711 646 2746; x_wconf 82' lang='grc' dir='ltr'>δῶρα</span> <span class='ocrx_word' id='word_1_346' title='bbox 670 2711 798 2746; x_wconf 72' lang='grc' dir='ltr'>ἐκτυφλοῖ</span> <span class='ocrx_word' id='word_1_347' title='bbox 825 2711 981 2747; x_wconf 72' lang='grc' dir='ltr'>ὀφθαλμοὺς</span> 
     </span>
    </p>
   </div>
   <div class='ocr_carea' id='block_1_53' title="bbox 196 2756 869 2796">
    <p class='ocr_par' dir='ltr' id='par_1_53' title="bbox 196 2756 869 2796">
     <span class='ocr_line' id='line_1_53' title="bbox 196 2756 869 2796; baseline -0.003 -9"><span class='ocrx_word' id='word_1_348' title='bbox 196 2759 359 2796; x_wconf 76' lang='grc' dir='ltr'>βλεπόντων,</span> <span class='ocrx_word' id='word_1_349' title='bbox 379 2758 426 2784; x_wconf 70' lang='grc' dir='ltr'>καὶ</span> <span class='ocrx_word' id='word_1_350' title='bbox 437 2756 598 2793; x_wconf 78' lang='grc' dir='ltr'>λυμαίνεται</span> <span class='ocrx_word' id='word_1_351' title='bbox 607 2758 718 2793; x_wconf 74' lang='grc' dir='ltr'>ῥήματα</span> <span class='ocrx_word' id='word_1_352' title='bbox 735 2758 837 2787; x_wconf 79' lang='grc' dir='ltr'>δίκαια.</span> <span class='ocrx_word' id='word_1_353' title='bbox 859 2768 869 2785; x_wconf 82' lang='grc' dir='ltr'><strong>ι</strong></span> 
     </span>
    </p>
   </div>
   <div class='ocr_carea' id='block_1_54' title="bbox 356 2854 673 2888">
    <p class='ocr_par' dir='ltr' id='par_1_54' title="bbox 356 2854 673 2888">
     <span class='ocr_line' id='line_1_54' title="bbox 356 2854 673 2888; baseline -0.003 -1"><span class='ocrx_word' id='word_1_354' title='bbox 356 2858 492 2888; x_wconf 61' lang='lat' dir='ltr'><strong>Panos.</strong></span> <span class='ocrx_word' id='word_1_355' title='bbox 508 2854 566 2884; x_wconf 80' lang='lat' dir='ltr'><strong>Gn.</strong></span> <span class='ocrx_word' id='word_1_356' title='bbox 587 2854 673 2886; x_wconf 76' lang='lat' dir='ltr'><strong>XCV.</strong></span> 
     </span>
    </p>
   </div>
   <div class='ocr_carea' id='block_1_55' title="bbox 1025 207 1813 242">
    <p class='ocr_par' dir='ltr' id='par_1_55' title="bbox 1025 207 1813 242">
     <span class='ocr_line' id='line_1_55' title="bbox 1025 207 1813 242; baseline 0 -7"><span class='ocrx_word' id='word_1_357' title='bbox 1025 212 1070 235; x_wconf 87' lang='lat' dir='ltr'><strong>tur</strong></span> <span class='ocrx_word' id='word_1_358' title='bbox 1088 217 1095 235; x_wconf 93' lang='lat'><strong>:</strong></span> <span class='ocrx_word' id='word_1_359' title='bbox 1113 207 1244 242; x_wconf 81' lang='lat' dir='ltr'><strong>quoniam</strong></span> <span class='ocrx_word' id='word_1_360' title='bbox 1264 207 1335 234; x_wconf 79' lang='lat' dir='ltr'><strong>Deus</strong></span> <span class='ocrx_word' id='word_1_361' title='bbox 1348 207 1465 234; x_wconf 81' lang='lat' dir='ltr'><strong>tentavit</strong></span> <span class='ocrx_word' id='word_1_362' title='bbox 1479 207 1558 235; x_wconf 84' lang='lat' dir='ltr'><strong>illos.</strong></span> <span class='ocrx_word' id='word_1_363' title='bbox 1579 212 1607 235; x_wconf 91' lang='lat' dir='ltr'><strong>ct</strong></span> <span class='ocrx_word' id='word_1_364' title='bbox 1629 208 1735 235; x_wconf 86' lang='lat' dir='ltr'><strong>invenit</strong></span> <span class='ocrx_word' id='word_1_365' title='bbox 1751 207 1813 235; x_wconf 87' lang='lat' dir='ltr'><strong>illos</strong></span> 
     </span>
    </p>
   </div>
   <div class='ocr_carea' id='block_1_56' title="bbox 1025 251 1813 290">
    <p class='ocr_par' dir='ltr' id='par_1_56' title="bbox 1025 251 1813 290">
     <span class='ocr_line' id='line_1_56' title="bbox 1025 251 1813 290; baseline 0.003 -9"><span class='ocrx_word' id='word_1_366' title='bbox 1025 254 1122 289; x_wconf 82' lang='lat' dir='ltr'><strong>dignos</strong></span> <span class='ocrx_word' id='word_1_367' title='bbox 1141 261 1181 281; x_wconf 84' lang='lat' dir='ltr'><strong>se.</strong></span> <span class='ocrx_word' id='word_1_368' title='bbox 1211 251 1354 287; x_wconf 81' lang='lat' dir='ltr'><strong>Tanquam</strong></span> <span class='ocrx_word' id='word_1_369' title='bbox 1380 260 1478 280; x_wconf 83' lang='lat' dir='ltr'><strong>aurum</strong></span> <span class='ocrx_word' id='word_1_370' title='bbox 1494 253 1521 280; x_wconf 92' lang='lat' dir='ltr'><strong>in</strong></span> <span class='ocrx_word' id='word_1_371' title='bbox 1545 253 1658 282; x_wconf 79' lang='lat' dir='ltr'><strong>fornace</strong></span> <span class='ocrx_word' id='word_1_372' title='bbox 1686 254 1813 290; x_wconf 85' lang='lat' dir='ltr'><strong>probavit</strong></span> 
     </span>
    </p>
   </div>
   <div class='ocr_carea' id='block_1_57' title="bbox 1026 299 1812 335">
    <p class='ocr_par' dir='ltr' id='par_1_57' title="bbox 1026 299 1812 335">
     <span class='ocr_line' id='line_1_57' title="bbox 1026 299 1812 335; baseline 0 -7"><span class='ocrx_word' id='word_1_373' title='bbox 1026 301 1100 333; x_wconf 90' lang='lat' dir='ltr'><strong>illos,</strong></span> <span class='ocrx_word' id='word_1_374' title='bbox 1116 304 1143 327; x_wconf 89' lang='lat' dir='ltr'><strong>et</strong></span> <span class='ocrx_word' id='word_1_375' title='bbox 1155 299 1235 334; x_wconf 86' lang='lat' dir='ltr'><strong>quasi</strong></span> <span class='ocrx_word' id='word_1_376' title='bbox 1249 299 1443 326; x_wconf 81' lang='lat' dir='ltr'><strong>holocaustum</strong></span> <span class='ocrx_word' id='word_1_377' title='bbox 1457 299 1555 327; x_wconf 77' lang='lat' dir='ltr'><strong>hostiae</strong></span> <span class='ocrx_word' id='word_1_378' title='bbox 1569 300 1678 335; x_wconf 85' lang='lat' dir='ltr'><strong>accepit</strong></span> <span class='ocrx_word' id='word_1_379' title='bbox 1689 301 1752 329; x_wconf 92' lang='lat' dir='ltr'><strong>illos</strong></span> <span class='ocrx_word' id='word_1_380' title='bbox 1763 308 1772 328; x_wconf 71' lang='grc' dir='ltr'><strong>ε</strong></span> <span class='ocrx_word' id='word_1_381' title='bbox 1784 306 1812 330; x_wconf 90' lang='lat' dir='ltr'><strong>et</strong></span> 
     </span>
    </p>
   </div>
   <div class='ocr_carea' id='block_1_58' title="bbox 1025 345 1622 382">
    <p class='ocr_par' dir='ltr' id='par_1_58' title="bbox 1025 345 1622 382">
     <span class='ocr_line' id='line_1_58' title="bbox 1025 345 1622 382; baseline -0.003 -8"><span class='ocrx_word' id='word_1_382' title='bbox 1025 347 1052 374; x_wconf 87' lang='lat' dir='ltr'><strong>in</strong></span> <span class='ocrx_word' id='word_1_383' title='bbox 1064 352 1186 382; x_wconf 88' lang='lat' dir='ltr'><strong>tempore</strong></span> <span class='ocrx_word' id='word_1_384' title='bbox 1200 349 1344 381; x_wconf 76' lang='lat' dir='ltr'><strong>respectus</strong></span> <span class='ocrx_word' id='word_1_385' title='bbox 1354 345 1397 373; x_wconf 87' lang='lat' dir='ltr'><strong>sui</strong></span> <span class='ocrx_word' id='word_1_386' title='bbox 1409 345 1594 381; x_wconf 77' lang='lat' dir='ltr'><strong>refulgebunt.</strong></span> <span class='ocrx_word' id='word_1_387' title='bbox 1613 355 1622 372; x_wconf 86' lang='grc' dir='ltr'><strong>ι</strong></span> 
     </span>
    </p>
   </div>
   <div class='ocr_carea' id='block_1_59' title="bbox 1061 390 1813 427">
    <p class='ocr_par' dir='ltr' id='par_1_59' title="bbox 1061 390 1813 427">
     <span class='ocr_line' id='line_1_59' title="bbox 1061 390 1813 427; baseline 0.001 -8"><span class='ocrx_word' id='word_1_388' title='bbox 1061 392 1150 420; x_wconf 81' lang='lat' dir='ltr'><strong>Eccle.</strong></span> <span class='ocrx_word' id='word_1_389' title='bbox 1165 401 1192 426; x_wconf 85' lang='grc' dir='ltr'>ν,</span> <span class='ocrx_word' id='word_1_390' title='bbox 1210 391 1254 419; x_wconf 77' lang='grc'>16.</span> <span class='ocrx_word' id='word_1_391' title='bbox 1268 406 1304 412; x_wconf 90' lang='grc'><strong><em>-</em></strong></span> <span class='ocrx_word' id='word_1_392' title='bbox 1321 400 1331 418; x_wconf 92' lang='lat'><strong>1</strong></span> <span class='ocrx_word' id='word_1_393' title='bbox 1351 390 1425 419; x_wconf 84' lang='lat' dir='ltr'><strong>Justi</strong></span> <span class='ocrx_word' id='word_1_394' title='bbox 1449 392 1477 418; x_wconf 89' lang='lat' dir='ltr'><strong>in</strong></span> <span class='ocrx_word' id='word_1_395' title='bbox 1496 396 1659 427; x_wconf 86' lang='lat' dir='ltr'><strong>perpetuum</strong></span> <span class='ocrx_word' id='word_1_396' title='bbox 1671 392 1813 426; x_wconf 83' lang='lat' dir='ltr'><strong>vivent,et</strong></span> 
     </span>
    </p>
   </div>
   <div class='ocr_carea' id='block_1_60' title="bbox 1025 438 1813 475">
    <p class='ocr_par' dir='ltr' id='par_1_60' title="bbox 1025 438 1813 475">
     <span class='ocr_line' id='line_1_60' title="bbox 1025 438 1813 475; baseline 0 -9"><span class='ocrx_word' id='word_1_397' title='bbox 1025 439 1098 475; x_wconf 82' lang='lat' dir='ltr'><strong>apud</strong></span> <span class='ocrx_word' id='word_1_398' title='bbox 1126 438 1272 466; x_wconf 88' lang='lat' dir='ltr'><strong>Dominum</strong></span> <span class='ocrx_word' id='word_1_399' title='bbox 1289 441 1332 465; x_wconf 88' lang='lat' dir='ltr'><strong>est</strong></span> <span class='ocrx_word' id='word_1_400' title='bbox 1357 444 1463 465; x_wconf 85' lang='lat' dir='ltr'><strong>merces</strong></span> <span class='ocrx_word' id='word_1_401' title='bbox 1493 444 1609 470; x_wconf 90' lang='lat' dir='ltr'><strong>eorum,</strong></span> <span class='ocrx_word' id='word_1_402' title='bbox 1627 441 1655 465; x_wconf 89' lang='lat' dir='ltr'><strong>et</strong></span> <span class='ocrx_word' id='word_1_403' title='bbox 1679 439 1813 474; x_wconf 76' lang='lat' dir='ltr'><strong>cogitatio</strong></span> 
     </span>
    </p>
   </div>
   <div class='ocr_carea' id='block_1_61' title="bbox 1024 481 1812 519">
    <p class='ocr_par' dir='ltr' id='par_1_61' title="bbox 1024 481 1812 519">
     <span class='ocr_line' id='line_1_61' title="bbox 1024 481 1812 519; baseline -0.003 -7"><span class='ocrx_word' id='word_1_404' title='bbox 1024 491 1119 513; x_wconf 89' lang='lat' dir='ltr'><strong>eorum</strong></span> <span class='ocrx_word' id='word_1_405' title='bbox 1148 483 1221 519; x_wconf 87' lang='lat' dir='ltr'><strong>apud</strong></span> <span class='ocrx_word' id='word_1_406' title='bbox 1246 481 1427 510; x_wconf 83' lang='lat' dir='ltr'><strong>Altissimum.</strong></span> <span class='ocrx_word' id='word_1_407' title='bbox 1446 482 1508 509; x_wconf 91' lang='lat' dir='ltr'><strong>Ideo</strong></span> <span class='ocrx_word' id='word_1_408' title='bbox 1538 482 1675 517; x_wconf 83' lang='lat' dir='ltr'><strong>accipient</strong></span> <span class='ocrx_word' id='word_1_409' title='bbox 1698 490 1812 518; x_wconf 80' lang='lat' dir='ltr'><strong>regnum</strong></span> 
     </span>
    </p>
   </div>
   <div class='ocr_carea' id='block_1_62' title="bbox 1025 528 1812 563">
    <p class='ocr_par' dir='ltr' id='par_1_62' title="bbox 1025 528 1812 563">
     <span class='ocr_line' id='line_1_62' title="bbox 1025 528 1812 563; baseline -0.001 -5"><span class='ocrx_word' id='word_1_410' title='bbox 1025 531 1146 563; x_wconf 87' lang='lat' dir='ltr'><strong>decoris,</strong></span> <span class='ocrx_word' id='word_1_411' title='bbox 1164 534 1192 557; x_wconf 83' lang='lat' dir='ltr'><strong>et</strong></span> <span class='ocrx_word' id='word_1_412' title='bbox 1216 528 1341 556; x_wconf 82' lang='lat' dir='ltr'><strong>diadema</strong></span> <span class='ocrx_word' id='word_1_413' title='bbox 1371 528 1472 563; x_wconf 86' lang='lat' dir='ltr'><strong>speciei</strong></span> <span class='ocrx_word' id='word_1_414' title='bbox 1498 528 1533 556; x_wconf 86' lang='lat' dir='ltr'><strong>de</strong></span> <span class='ocrx_word' id='word_1_415' title='bbox 1551 535 1635 555; x_wconf 85' lang='lat' dir='ltr'><strong>manu</strong></span> <span class='ocrx_word' id='word_1_416' title='bbox 1662 528 1770 556; x_wconf 89' lang='lat' dir='ltr'><strong>Domini</strong></span> <span class='ocrx_word' id='word_1_417' title='bbox 1805 539 1812 557; x_wconf 92' lang='lat'>:</span> 
     </span>
    </p>
   </div>
   <div class='ocr_carea' id='block_1_63' title="bbox 1026 574 1814 613">
    <p class='ocr_par' dir='ltr' id='par_1_63' title="bbox 1026 574 1814 613">
     <span class='ocr_line' id='line_1_63' title="bbox 1026 574 1814 613; baseline -0.001 -9"><span class='ocrx_word' id='word_1_418' title='bbox 1026 577 1155 613; x_wconf 73' lang='lat' dir='ltr'><strong>quoniam</strong></span> <span class='ocrx_word' id='word_1_419' title='bbox 1169 576 1282 603; x_wconf 81' lang='lat' dir='ltr'><strong>dextera</strong></span> <span class='ocrx_word' id='word_1_420' title='bbox 1300 582 1350 602; x_wconf 86' lang='lat' dir='ltr'><strong>sua</strong></span> <span class='ocrx_word' id='word_1_421' title='bbox 1367 577 1440 610; x_wconf 77' lang='lat' dir='ltr'><strong>teget</strong></span> <span class='ocrx_word' id='word_1_422' title='bbox 1451 581 1512 608; x_wconf 85' lang='lat' dir='ltr'><strong>eos,</strong></span> <span class='ocrx_word' id='word_1_423' title='bbox 1528 578 1554 602; x_wconf 90' lang='lat' dir='ltr'><strong>et</strong></span> <span class='ocrx_word' id='word_1_424' title='bbox 1571 574 1685 602; x_wconf 86' lang='lat' dir='ltr'><strong>brachio</strong></span> <span class='ocrx_word' id='word_1_425' title='bbox 1700 583 1752 603; x_wconf 90' lang='lat' dir='ltr'><strong>suo</strong></span> <span class='ocrx_word' id='word_1_426' title='bbox 1765 575 1814 603; x_wconf 89' lang='lat' dir='ltr'><strong>de-</strong></span> 
     </span>
    </p>
   </div>
   <div class='ocr_carea' id='block_1_64' title="bbox 1025 622 1228 651">
    <p class='ocr_par' dir='ltr' id='par_1_64' title="bbox 1025 622 1228 651">
     <span class='ocr_line' id='line_1_64' title="bbox 1025 622 1228 651; baseline -0.015 0"><span class='ocrx_word' id='word_1_427' title='bbox 1025 622 1205 651; x_wconf 86' lang='lat' dir='ltr'><strong>l&#39;endet.illos.</strong></span> <span class='ocrx_word' id='word_1_428' title='bbox 1219 631 1228 648; x_wconf 81' lang='grc' dir='ltr'><strong>ι</strong></span> 
     </span>
    </p>
   </div>
   <div class='ocr_carea' id='block_1_65' title="bbox 1061 666 1813 703">
    <p class='ocr_par' dir='ltr' id='par_1_65' title="bbox 1061 666 1813 703">
     <span class='ocr_line' id='line_1_65' title="bbox 1061 666 1813 703; baseline 0 -7"><span class='ocrx_word' id='word_1_429' title='bbox 1061 669 1150 697; x_wconf 74' lang='lat' dir='ltr'><strong>Eccle.</strong></span> <span class='ocrx_word' id='word_1_430' title='bbox 1167 676 1205 701; x_wconf 84' lang='lat' dir='ltr'><strong>tv,</strong></span> <span class='ocrx_word' id='word_1_431' title='bbox 1219 668 1246 702; x_wconf 87' lang='lat'><strong>7,</strong></span> <span class='ocrx_word' id='word_1_432' title='bbox 1264 668 1308 695; x_wconf 80' lang='lat' dir='ltr'><strong>i5.</strong></span> <span class='ocrx_word' id='word_1_433' title='bbox 1323 682 1358 688; x_wconf 89' lang='lat'>—</span> <span class='ocrx_word' id='word_1_434' title='bbox 1375 676 1387 693; x_wconf 88' lang='lat'><strong>1</strong></span> <span class='ocrx_word' id='word_1_435' title='bbox 1403 666 1510 699; x_wconf 84' lang='lat' dir='ltr'><strong>Juslus,</strong></span> <span class='ocrx_word' id='word_1_436' title='bbox 1538 667 1562 694; x_wconf 87' lang='lat' dir='ltr'><strong>si</strong></span> <span class='ocrx_word' id='word_1_437' title='bbox 1591 672 1680 695; x_wconf 85' lang='lat' dir='ltr'><strong>morte</strong></span> <span class='ocrx_word' id='word_1_438' title='bbox 1707 675 1813 703; x_wconf 62' lang='lat' dir='ltr'><strong>praeoc-</strong></span> 
     </span>
    </p>
   </div>
   <div class='ocr_carea' id='block_1_66' title="bbox 1027 713 1814 750">
    <p class='ocr_par' dir='ltr' id='par_1_66' title="bbox 1027 713 1814 750">
     <span class='ocr_line' id='line_1_66' title="bbox 1027 713 1814 750; baseline -0.001 -7"><span class='ocrx_word' id='word_1_439' title='bbox 1027 719 1146 750; x_wconf 89' lang='lat' dir='ltr'><strong>cupatus</strong></span> <span class='ocrx_word' id='word_1_440' title='bbox 1159 714 1253 747; x_wconf 84' lang='lat' dir='ltr'><strong>fuerit,</strong></span> <span class='ocrx_word' id='word_1_441' title='bbox 1271 713 1298 741; x_wconf 92' lang='lat' dir='ltr'><strong>in</strong></span> <span class='ocrx_word' id='word_1_442' title='bbox 1317 713 1463 748; x_wconf 77' lang='lat' dir='ltr'><strong>refrigerio</strong></span> <span class='ocrx_word' id='word_1_443' title='bbox 1477 713 1541 742; x_wconf 88' lang='lat' dir='ltr'><strong>erit.</strong></span> <span class='ocrx_word' id='word_1_444' title='bbox 1566 713 1662 741; x_wconf 80' lang='lat' dir='ltr'><strong>Gratia</strong></span> <span class='ocrx_word' id='word_1_445' title='bbox 1677 719 1706 742; x_wconf 91' lang='lat' dir='ltr'><strong>et</strong></span> <span class='ocrx_word' id='word_1_446' title='bbox 1724 715 1814 742; x_wconf 82' lang='lat' dir='ltr'><strong>mise-</strong></span> 
     </span>
    </p>
   </div>
   <div class='ocr_carea' id='block_1_67' title="bbox 1025 758 1814 794">
    <p class='ocr_par' dir='ltr' id='par_1_67' title="bbox 1025 758 1814 794">
     <span class='ocr_line' id='line_1_67' title="bbox 1025 758 1814 794; baseline -0.003 -6"><span class='ocrx_word' id='word_1_447' title='bbox 1025 760 1147 788; x_wconf 88' lang='lat' dir='ltr'><strong>ricordia</strong></span> <span class='ocrx_word' id='word_1_448' title='bbox 1161 764 1204 788; x_wconf 88' lang='lat' dir='ltr'><strong>est</strong></span> <span class='ocrx_word' id='word_1_449' title='bbox 1216 759 1244 787; x_wconf 89' lang='lat' dir='ltr'><strong>in</strong></span> <span class='ocrx_word' id='word_1_450' title='bbox 1256 762 1367 788; x_wconf 83' lang='lat' dir='ltr'><strong>sanctos</strong></span> <span class='ocrx_word' id='word_1_451' title='bbox 1382 758 1455 793; x_wconf 86' lang='lat' dir='ltr'><strong>ejus,</strong></span> <span class='ocrx_word' id='word_1_452' title='bbox 1469 762 1496 786; x_wconf 86' lang='lat' dir='ltr'><strong>et</strong></span> <span class='ocrx_word' id='word_1_453' title='bbox 1510 762 1656 794; x_wconf 86' lang='lat' dir='ltr'><strong>respectus</strong></span> <span class='ocrx_word' id='word_1_454' title='bbox 1670 759 1697 786; x_wconf 91' lang='lat' dir='ltr'><strong>in</strong></span> <span class='ocrx_word' id='word_1_455' title='bbox 1709 759 1814 787; x_wconf 85' lang='lat' dir='ltr'><strong>electos</strong></span> 
     </span>
    </p>
   </div>
   <div class='ocr_carea' id='block_1_68' title="bbox 1062 849 1814 886">
    <p class='ocr_par' dir='ltr' id='par_1_68' title="bbox 1062 849 1814 886">
     <span class='ocr_line' id='line_1_68' title="bbox 1062 849 1814 886; baseline 0.001 -8"><span class='ocrx_word' id='word_1_456' title='bbox 1062 851 1250 884; x_wconf 51' lang='lat' dir='ltr'><strong>Ecclixuv,</strong></span> <span class='ocrx_word' id='word_1_457' title='bbox 1262 851 1288 879; x_wconf 88' lang='lat'><strong>9.</strong></span> <span class='ocrx_word' id='word_1_458' title='bbox 1300 867 1334 872; x_wconf 97' lang='lat'><strong><em>—</em></strong></span> <span class='ocrx_word' id='word_1_459' title='bbox 1350 861 1360 876; x_wconf 90' lang='lat'><strong>1</strong></span> <span class='ocrx_word' id='word_1_460' title='bbox 1377 849 1554 879; x_wconf 81' lang='lat' dir='ltr'><strong>Sacriﬁcium</strong></span> <span class='ocrx_word' id='word_1_461' title='bbox 1570 850 1623 878; x_wconf 91' lang='lat' dir='ltr'><strong>viri</strong></span> <span class='ocrx_word' id='word_1_462' title='bbox 1635 849 1705 886; x_wconf 80' lang='lat' dir='ltr'><strong>justi</strong></span> <span class='ocrx_word' id='word_1_463' title='bbox 1735 857 1814 879; x_wconf 84' lang='lat' dir='ltr'><strong>acce-</strong></span> 
     </span>
    </p>
   </div>
   <div class='ocr_carea' id='block_1_69' title="bbox 1026 902 1200 932">
    <p class='ocr_par' dir='ltr' id='par_1_69' title="bbox 1026 902 1200 932">
     <span class='ocr_line' id='line_1_69' title="bbox 1026 902 1200 932; baseline -0.017 -7"><span class='ocrx_word' id='word_1_464' title='bbox 1026 903 1102 932; x_wconf 88' lang='lat' dir='ltr'><strong>ptum</strong></span> <span class='ocrx_word' id='word_1_465' title='bbox 1118 902 1170 925; x_wconf 75' lang='lat' dir='ltr'><strong>est.</strong></span> <span class='ocrx_word' id='word_1_466' title='bbox 1191 906 1200 922; x_wconf 78' lang='grc' dir='ltr'><strong>ι</strong></span> 
     </span>
    </p>
   </div>
   <div class='ocr_carea' id='block_1_70' title="bbox 1061 941 1815 974">
    <p class='ocr_par' dir='ltr' id='par_1_70' title="bbox 1061 941 1815 974">
     <span class='ocr_line' id='line_1_70' title="bbox 1061 941 1815 974; baseline 0 -4"><span class='ocrx_word' id='word_1_467' title='bbox 1061 942 1162 970; x_wconf 74' lang='lat' dir='ltr'><strong>Manli.</strong></span> <span class='ocrx_word' id='word_1_468' title='bbox 1179 950 1229 974; x_wconf 77' lang='lat' dir='ltr'><strong>xu,</strong></span> <span class='ocrx_word' id='word_1_469' title='bbox 1245 941 1290 969; x_wconf 75' lang='lat'><strong>35.</strong></span> <span class='ocrx_word' id='word_1_470' title='bbox 1306 957 1341 962; x_wconf 89' lang='lat'><strong>——</strong></span> <span class='ocrx_word' id='word_1_471' title='bbox 1357 951 1367 968; x_wconf 91' lang='lat'><strong>1</strong></span> <span class='ocrx_word' id='word_1_472' title='bbox 1385 941 1478 970; x_wconf 88' lang='lat' dir='ltr'><strong>Bonus</strong></span> <span class='ocrx_word' id='word_1_473' title='bbox 1493 941 1576 969; x_wconf 89' lang='lat' dir='ltr'><strong>homo</strong></span> <span class='ocrx_word' id='word_1_474' title='bbox 1590 941 1624 970; x_wconf 89' lang='lat' dir='ltr'><strong>de</strong></span> <span class='ocrx_word' id='word_1_475' title='bbox 1650 941 1725 970; x_wconf 71' lang='lat' dir='ltr'><strong>bona</strong></span> <span class='ocrx_word' id='word_1_476' title='bbox 1755 942 1815 971; x_wconf 77' lang='lat' dir='ltr'><strong>tlte-</strong></span> 
     </span>
    </p>
   </div>
   <div class='ocr_carea' id='block_1_71' title="bbox 1026 987 1525 1023">
    <p class='ocr_par' dir='ltr' id='par_1_71' title="bbox 1026 987 1525 1023">
     <span class='ocr_line' id='line_1_71' title="bbox 1026 987 1525 1023; baseline -0.006 -6"><span class='ocrx_word' id='word_1_477' title='bbox 1026 997 1109 1018; x_wconf 85' lang='lat' dir='ltr'><strong>sauro</strong></span> <span class='ocrx_word' id='word_1_478' title='bbox 1127 989 1219 1017; x_wconf 87' lang='lat' dir='ltr'><strong>cordis</strong></span> <span class='ocrx_word' id='word_1_479' title='bbox 1232 989 1275 1016; x_wconf 86' lang='lat' dir='ltr'><strong>sui</strong></span> <span class='ocrx_word' id='word_1_480' title='bbox 1290 987 1395 1023; x_wconf 81' lang='lat' dir='ltr'><strong>profert</strong></span> <span class='ocrx_word' id='word_1_481' title='bbox 1413 988 1496 1016; x_wconf 88' lang='lat' dir='ltr'><strong>bona.</strong></span> <span class='ocrx_word' id='word_1_482' title='bbox 1516 997 1525 1014; x_wconf 79' lang='grc' dir='ltr'><strong>ι</strong></span> 
     </span>
    </p>
   </div>
   <div class='ocr_carea' id='block_1_72' title="bbox 1063 1034 1813 1071">
    <p class='ocr_par' dir='ltr' id='par_1_72' title="bbox 1063 1034 1813 1071">
     <span class='ocr_line' id='line_1_72' title="bbox 1063 1034 1813 1071; baseline 0 -9"><span class='ocrx_word' id='word_1_483' title='bbox 1063 1035 1145 1071; x_wconf 76' lang='lat' dir='ltr'><strong>Virga</strong></span> <span class='ocrx_word' id='word_1_484' title='bbox 1159 1035 1227 1071; x_wconf 86' lang='lat' dir='ltr'><strong>justi</strong></span> <span class='ocrx_word' id='word_1_485' title='bbox 1241 1034 1337 1063; x_wconf 88' lang='lat' dir='ltr'><strong>melior</strong></span> <span class='ocrx_word' id='word_1_486' title='bbox 1352 1037 1396 1062; x_wconf 85' lang='lat' dir='ltr'><strong>est</strong></span> <span class='ocrx_word' id='word_1_487' title='bbox 1414 1041 1499 1069; x_wconf 83' lang='lat' dir='ltr'><strong>quam</strong></span> <span class='ocrx_word' id='word_1_488' title='bbox 1522 1034 1610 1061; x_wconf 84' lang='lat' dir='ltr'><strong>honor</strong></span> <span class='ocrx_word' id='word_1_489' title='bbox 1626 1034 1661 1062; x_wconf 86' lang='lat' dir='ltr'><strong>ab</strong></span> <span class='ocrx_word' id='word_1_490' title='bbox 1686 1034 1813 1069; x_wconf 88' lang='lat' dir='ltr'><strong>improbo</strong></span> 
     </span>
    </p>
   </div>
   <div class='ocr_carea' id='block_1_73' title="bbox 1027 1077 1165 1118">
    <p class='ocr_par' dir='ltr' id='par_1_73' title="bbox 1027 1077 1165 1118">
     <span class='ocr_line' id='line_1_73' title="bbox 1027 1077 1165 1118; baseline -0.007 -8"><span class='ocrx_word' id='word_1_491' title='bbox 1027 1077 1165 1118; x_wconf 23' lang='lat' dir='ltr'><strong>pra’stitus</strong></span> 
     </span>
    </p>
   </div>
   <div class='ocr_carea' id='block_1_74' title="bbox 1065 1125 1816 1163">
    <p class='ocr_par' dir='ltr' id='par_1_74' title="bbox 1065 1125 1816 1163">
     <span class='ocr_line' id='line_1_74' title="bbox 1065 1125 1816 1163; baseline -0.003 -9"><span class='ocrx_word' id='word_1_492' title='bbox 1065 1127 1201 1163; x_wconf 67' lang='lat' dir='ltr'><strong>T/icologi.</strong></span> <span class='ocrx_word' id='word_1_493' title='bbox 1220 1143 1254 1149; x_wconf 91' lang='lat'><strong>—</strong></span> <span class='ocrx_word' id='word_1_494' title='bbox 1274 1127 1372 1159; x_wconf 83' lang='lat' dir='ltr'><strong>Nullas</strong></span> <span class='ocrx_word' id='word_1_495' title='bbox 1385 1126 1455 1154; x_wconf 88' lang='lat' dir='ltr'><strong>alias</strong></span> <span class='ocrx_word' id='word_1_496' title='bbox 1474 1132 1541 1161; x_wconf 86' lang='lat' dir='ltr'><strong>opes</strong></span> <span class='ocrx_word' id='word_1_497' title='bbox 1558 1133 1620 1154; x_wconf 79' lang='lat' dir='ltr'><strong>esse</strong></span> <span class='ocrx_word' id='word_1_498' title='bbox 1634 1125 1745 1160; x_wconf 86' lang='lat' dir='ltr'><strong>sapiens</strong></span> <span class='ocrx_word' id='word_1_499' title='bbox 1771 1132 1816 1153; x_wconf 89' lang='lat' dir='ltr'><strong>ar-</strong></span> 
     </span>
    </p>
   </div>
   <div class='ocr_carea' id='block_1_75' title="bbox 1028 1171 1815 1208">
    <p class='ocr_par' dir='ltr' id='par_1_75' title="bbox 1028 1171 1815 1208">
     <span class='ocr_line' id='line_1_75' title="bbox 1028 1171 1815 1208; baseline -0.004 -7"><span class='ocrx_word' id='word_1_500' title='bbox 1028 1173 1156 1207; x_wconf 88' lang='lat' dir='ltr'><strong>bitratur,</strong></span> <span class='ocrx_word' id='word_1_501' title='bbox 1180 1177 1280 1208; x_wconf 67' lang='lat' dir='ltr'><strong>praeter</strong></span> <span class='ocrx_word' id='word_1_502' title='bbox 1312 1173 1426 1201; x_wconf 84' lang='lat' dir='ltr'><strong>virtutis</strong></span> <span class='ocrx_word' id='word_1_503' title='bbox 1453 1172 1685 1208; x_wconf 83' lang='lat' dir='ltr'><strong>possessionem:</strong></span> <span class='ocrx_word' id='word_1_504' title='bbox 1709 1171 1815 1198; x_wconf 84' lang='lat' dir='ltr'><strong>nullam</strong></span> 
     </span>
    </p>
   </div>
   <div class='ocr_carea' id='block_1_76' title="bbox 1028 1217 1815 1254">
    <p class='ocr_par' dir='ltr' id='par_1_76' title="bbox 1028 1217 1815 1254">
     <span class='ocr_line' id='line_1_76' title="bbox 1028 1217 1815 1254; baseline -0.004 -8"><span class='ocrx_word' id='word_1_505' title='bbox 1028 1220 1110 1246; x_wconf 86' lang='lat' dir='ltr'><strong>aliam</strong></span> <span class='ocrx_word' id='word_1_506' title='bbox 1127 1219 1310 1250; x_wconf 84' lang='lat' dir='ltr'><strong>nobilitatem,</strong></span> <span class='ocrx_word' id='word_1_507' title='bbox 1336 1222 1520 1254; x_wconf 76' lang='lat' dir='ltr'><strong>praeterquam</strong></span> <span class='ocrx_word' id='word_1_508' title='bbox 1550 1217 1775 1253; x_wconf 87' lang='lat' dir='ltr'><strong>conjunctionem</strong></span> <span class='ocrx_word' id='word_1_509' title='bbox 1787 1221 1815 1244; x_wconf 87' lang='lat' dir='ltr'><strong>et</strong></span> 
     </span>
    </p>
   </div>
   <div class='ocr_carea' id='block_1_77' title="bbox 1028 1261 1816 1297">
    <p class='ocr_par' dir='ltr' id='par_1_77' title="bbox 1028 1261 1816 1297">
     <span class='ocr_line' id='line_1_77' title="bbox 1028 1261 1816 1297; baseline 0 -9"><span class='ocrx_word' id='word_1_510' title='bbox 1028 1261 1243 1289; x_wconf 87' lang='lat' dir='ltr'><strong>familiaritatem</strong></span> <span class='ocrx_word' id='word_1_511' title='bbox 1263 1269 1326 1289; x_wconf 92' lang='lat' dir='ltr'><strong>cum</strong></span> <span class='ocrx_word' id='word_1_512' title='bbox 1341 1262 1416 1296; x_wconf 81' lang='lat' dir='ltr'><strong>Deo;</strong></span> <span class='ocrx_word' id='word_1_513' title='bbox 1442 1262 1672 1297; x_wconf 85' lang='lat' dir='ltr'><strong>nullamdenique</strong></span> <span class='ocrx_word' id='word_1_514' title='bbox 1694 1261 1816 1297; x_wconf 76' lang='lat' dir='ltr'><strong>dignita-</strong></span> 
     </span>
    </p>
   </div>
   <div class='ocr_carea' id='block_1_78' title="bbox 1029 1307 1817 1343">
    <p class='ocr_par' dir='ltr' id='par_1_78' title="bbox 1029 1307 1817 1343">
     <span class='ocr_line' id='line_1_78' title="bbox 1029 1307 1817 1343; baseline 0.001 -10"><span class='ocrx_word' id='word_1_515' title='bbox 1029 1311 1081 1334; x_wconf 87' lang='lat' dir='ltr'><strong>tem</strong></span> <span class='ocrx_word' id='word_1_516' title='bbox 1098 1310 1125 1335; x_wconf 78' lang='lat' dir='ltr'><strong>et</strong></span> <span class='ocrx_word' id='word_1_517' title='bbox 1141 1308 1301 1342; x_wconf 77' lang='lat' dir='ltr'><strong>potentiam,</strong></span> <span class='ocrx_word' id='word_1_518' title='bbox 1318 1307 1370 1335; x_wconf 92' lang='lat' dir='ltr'><strong>nisi</strong></span> <span class='ocrx_word' id='word_1_519' title='bbox 1386 1308 1439 1335; x_wconf 83' lang='lat' dir='ltr'><strong>sibi</strong></span> <span class='ocrx_word' id='word_1_520' title='bbox 1457 1308 1509 1342; x_wconf 84' lang='lat' dir='ltr'><strong>ipsi</strong></span> <span class='ocrx_word' id='word_1_521' title='bbox 1525 1308 1674 1343; x_wconf 87' lang='lat' dir='ltr'><strong>imperare,</strong></span> <span class='ocrx_word' id='word_1_522' title='bbox 1686 1315 1738 1335; x_wconf 89' lang='lat' dir='ltr'><strong>nee</strong></span> <span class='ocrx_word' id='word_1_523' title='bbox 1766 1307 1817 1334; x_wconf 77' lang='lat' dir='ltr'><strong>liu-</strong></span> 
     </span>
    </p>
   </div>
   <div class='ocr_carea' id='block_1_79' title="bbox 1029 1352 1818 1387">
    <p class='ocr_par' dir='ltr' id='par_1_79' title="bbox 1029 1352 1818 1387">
     <span class='ocr_line' id='line_1_79' title="bbox 1029 1352 1818 1387; baseline 0.001 -8"><span class='ocrx_word' id='word_1_524' title='bbox 1029 1352 1118 1379; x_wconf 86' lang='lat' dir='ltr'><strong>manis</strong></span> <span class='ocrx_word' id='word_1_525' title='bbox 1132 1352 1388 1387; x_wconf 85' lang='lat' dir='ltr'><strong>perturbationibus</strong></span> <span class='ocrx_word' id='word_1_526' title='bbox 1412 1352 1518 1380; x_wconf 85' lang='lat' dir='ltr'><strong>servire</strong></span> <span class='ocrx_word' id='word_1_527' title='bbox 1537 1361 1544 1379; x_wconf 86' lang='lat'><strong>:</strong></span> <span class='ocrx_word' id='word_1_528' title='bbox 1564 1353 1601 1379; x_wconf 85' lang='lat' dir='ltr'><strong>ita</strong></span> <span class='ocrx_word' id='word_1_529' title='bbox 1618 1356 1647 1379; x_wconf 91' lang='lat' dir='ltr'><strong>ut</strong></span> <span class='ocrx_word' id='word_1_530' title='bbox 1675 1359 1818 1386; x_wconf 69' lang='lat' dir='ltr'><strong>corporea:</strong></span> 
     </span>
    </p>
   </div>
   <div class='ocr_carea' id='block_1_80' title="bbox 993 1397 1818 1433">
    <p class='ocr_par' dir='ltr' id='par_1_80' title="bbox 993 1397 1818 1433">
     <span class='ocr_line' id='line_1_80' title="bbox 993 1397 1818 1433; baseline -0.001 -8"><span class='ocrx_word' id='word_1_531' title='bbox 993 1402 1015 1431; x_wconf 87' lang='lat' dir='ltr'><strong>c</strong></span> <span class='ocrx_word' id='word_1_532' title='bbox 1032 1398 1147 1433; x_wconf 81' lang='lat' dir='ltr'><strong>hujusce</strong></span> <span class='ocrx_word' id='word_1_533' title='bbox 1160 1398 1222 1426; x_wconf 65' lang='lat' dir='ltr'><strong>vitae</strong></span> <span class='ocrx_word' id='word_1_534' title='bbox 1237 1398 1446 1426; x_wconf 82' lang='lat' dir='ltr'><strong>diuturnitatem</strong></span> <span class='ocrx_word' id='word_1_535' title='bbox 1472 1398 1587 1425; x_wconf 85' lang='lat' dir='ltr'><strong>moleste</strong></span> <span class='ocrx_word' id='word_1_536' title='bbox 1598 1397 1679 1431; x_wconf 82' lang='lat' dir='ltr'><strong>ferat,</strong></span> <span class='ocrx_word' id='word_1_537' title='bbox 1692 1403 1730 1431; x_wconf 90' lang='lat' dir='ltr'><strong>et,</strong></span> <span class='ocrx_word' id='word_1_538' title='bbox 1743 1398 1818 1425; x_wconf 89' lang='lat' dir='ltr'><strong>velut</strong></span> 
     </span>
    </p>
   </div>
   <div class='ocr_carea' id='block_1_81' title="bbox 1032 1442 1819 1478">
    <p class='ocr_par' dir='ltr' id='par_1_81' title="bbox 1032 1442 1819 1478">
     <span class='ocr_line' id='line_1_81' title="bbox 1032 1442 1819 1478; baseline 0 -8"><span class='ocrx_word' id='word_1_539' title='bbox 1032 1443 1078 1478; x_wconf 89' lang='lat' dir='ltr'><strong>qui</strong></span> <span class='ocrx_word' id='word_1_540' title='bbox 1101 1450 1149 1478; x_wconf 89' lang='lat' dir='ltr'><strong>per</strong></span> <span class='ocrx_word' id='word_1_541' title='bbox 1176 1451 1252 1471; x_wconf 86' lang='lat' dir='ltr'><strong>mare</strong></span> <span class='ocrx_word' id='word_1_542' title='bbox 1272 1442 1478 1475; x_wconf 75' lang='lat' dir='ltr'><strong>conflictantur,</strong></span> <span class='ocrx_word' id='word_1_543' title='bbox 1500 1443 1532 1470; x_wconf 90' lang='lat' dir='ltr'><strong>ad</strong></span> <span class='ocrx_word' id='word_1_544' title='bbox 1559 1446 1670 1478; x_wconf 88' lang='lat' dir='ltr'><strong>portum</strong></span> <span class='ocrx_word' id='word_1_545' title='bbox 1694 1450 1819 1471; x_wconf 87' lang='lat' dir='ltr'><strong>resurre-</strong></span> 
     </span>
    </p>
   </div>
   <div class='ocr_carea' id='block_1_82' title="bbox 1032 1488 1432 1523">
    <p class='ocr_par' dir='ltr' id='par_1_82' title="bbox 1032 1488 1432 1523">
     <span class='ocr_line' id='line_1_82' title="bbox 1032 1488 1432 1523; baseline 0 -7"><span class='ocrx_word' id='word_1_546' title='bbox 1032 1489 1132 1516; x_wconf 79' lang='lat' dir='ltr'><strong>ctionis</strong></span> <span class='ocrx_word' id='word_1_547' title='bbox 1148 1489 1293 1523; x_wconf 85' lang='lat' dir='ltr'><strong>pervenire</strong></span> <span class='ocrx_word' id='word_1_548' title='bbox 1308 1488 1432 1517; x_wconf 82' lang='lat' dir='ltr'><strong>festinet.</strong></span> 
     </span>
    </p>
   </div>
   <div class='ocr_carea' id='block_1_83' title="bbox 1067 1532 1820 1569">
    <p class='ocr_par' dir='ltr' id='par_1_83' title="bbox 1067 1532 1820 1569">
     <span class='ocr_line' id='line_1_83' title="bbox 1067 1532 1820 1569; baseline 0.004 -10"><span class='ocrx_word' id='word_1_549' title='bbox 1067 1532 1205 1567; x_wconf 78' lang='lat' dir='ltr'><strong>Ejusdem.</strong></span> <span class='ocrx_word' id='word_1_550' title='bbox 1246 1547 1283 1554; x_wconf 91' lang='lat'><strong>—</strong></span> <span class='ocrx_word' id='word_1_551' title='bbox 1327 1533 1566 1566; x_wconf 81' lang='lat' dir='ltr'><strong>Quemadmodum</strong></span> <span class='ocrx_word' id='word_1_552' title='bbox 1594 1533 1745 1569; x_wconf 76' lang='lat' dir='ltr'><strong>fragrantia</strong></span> <span class='ocrx_word' id='word_1_553' title='bbox 1767 1542 1820 1562; x_wconf 85' lang='lat' dir='ltr'><strong>un-</strong></span> 
     </span>
    </p>
   </div>
   <div class='ocr_carea' id='block_1_84' title="bbox 1031 1579 1819 1614">
    <p class='ocr_par' dir='ltr' id='par_1_84' title="bbox 1031 1579 1819 1614">
     <span class='ocr_line' id='line_1_84' title="bbox 1031 1579 1819 1614; baseline 0.001 -8"><span class='ocrx_word' id='word_1_554' title='bbox 1031 1583 1131 1614; x_wconf 71' lang='lat' dir='ltr'><strong>gucnta</strong></span> <span class='ocrx_word' id='word_1_555' title='bbox 1152 1579 1337 1614; x_wconf 90' lang='lat' dir='ltr'><strong>propinquum</strong></span> <span class='ocrx_word' id='word_1_556' title='bbox 1366 1586 1457 1606; x_wconf 88' lang='lat' dir='ltr'><strong>aerem</strong></span> <span class='ocrx_word' id='word_1_557' title='bbox 1485 1579 1622 1607; x_wconf 80' lang='lat' dir='ltr'><strong>suavitate</strong></span> <span class='ocrx_word' id='word_1_558' title='bbox 1637 1587 1686 1607; x_wconf 88' lang='lat' dir='ltr'><strong>sua</strong></span> <span class='ocrx_word' id='word_1_559' title='bbox 1705 1580 1819 1614; x_wconf 83' lang='lat' dir='ltr'><strong>perfun-</strong></span> 
     </span>
    </p>
   </div>
   <div class='ocr_carea' id='block_1_85' title="bbox 1032 1624 1820 1660">
    <p class='ocr_par' dir='ltr' id='par_1_85' title="bbox 1032 1624 1820 1660">
     <span class='ocr_line' id='line_1_85' title="bbox 1032 1624 1820 1660; baseline 0.003 -9"><span class='ocrx_word' id='word_1_560' title='bbox 1032 1625 1102 1652; x_wconf 84' lang='lat' dir='ltr'><strong>dunt</strong></span> <span class='ocrx_word' id='word_1_561' title='bbox 1122 1634 1128 1651; x_wconf 87' lang='lat'><strong>:</strong></span> <span class='ocrx_word' id='word_1_562' title='bbox 1147 1624 1189 1652; x_wconf 87' lang='lat' dir='ltr'><strong>sic</strong></span> <span class='ocrx_word' id='word_1_563' title='bbox 1204 1624 1287 1652; x_wconf 85' lang='lat' dir='ltr'><strong>etiam</strong></span> <span class='ocrx_word' id='word_1_564' title='bbox 1298 1624 1351 1651; x_wconf 92' lang='lat' dir='ltr'><strong>viri</strong></span> <span class='ocrx_word' id='word_1_565' title='bbox 1365 1624 1444 1659; x_wconf 88' lang='lat' dir='ltr'><strong>probi</strong></span> <span class='ocrx_word' id='word_1_566' title='bbox 1462 1624 1608 1659; x_wconf 63' lang='lat' dir='ltr'><strong>praesentia</strong></span> <span class='ocrx_word' id='word_1_567' title='bbox 1625 1625 1661 1652; x_wconf 86' lang='lat' dir='ltr'><strong>iis</strong></span> <span class='ocrx_word' id='word_1_568' title='bbox 1683 1626 1732 1660; x_wconf 88' lang='lat' dir='ltr'><strong>qui</strong></span> <span class='ocrx_word' id='word_1_569' title='bbox 1755 1633 1820 1660; x_wconf 92' lang='lat' dir='ltr'><strong>pro-</strong></span> 
     </span>
    </p>
   </div>
   <div class='ocr_carea' id='block_1_86' title="bbox 1031 1670 1760 1705">
    <p class='ocr_par' dir='ltr' id='par_1_86' title="bbox 1031 1670 1760 1705">
     <span class='ocr_line' id='line_1_86' title="bbox 1031 1670 1760 1705; baseline 0 -7"><span class='ocrx_word' id='word_1_570' title='bbox 1031 1671 1093 1705; x_wconf 83' lang='lat' dir='ltr'><strong>pius</strong></span> <span class='ocrx_word' id='word_1_571' title='bbox 1109 1677 1172 1698; x_wconf 89' lang='lat' dir='ltr'><strong>cum</strong></span> <span class='ocrx_word' id='word_1_572' title='bbox 1189 1671 1248 1705; x_wconf 80' lang='lat' dir='ltr'><strong>ipso</strong></span> <span class='ocrx_word' id='word_1_573' title='bbox 1261 1673 1420 1703; x_wconf 85' lang='lat' dir='ltr'><strong>versantur,</strong></span> <span class='ocrx_word' id='word_1_574' title='bbox 1432 1670 1647 1698; x_wconf 85' lang='lat' dir='ltr'><strong>emolumentum</strong></span> <span class='ocrx_word' id='word_1_575' title='bbox 1667 1671 1760 1698; x_wconf 78' lang='lat' dir='ltr'><strong>aifert.</strong></span> 
     </span>
    </p>
   </div>
   <div class='ocr_carea' id='block_1_87' title="bbox 1210 1715 1628 1752">
    <p class='ocr_par' dir='ltr' id='par_1_87' title="bbox 1210 1715 1628 1752">
     <span class='ocr_line' id='line_1_87' title="bbox 1210 1715 1628 1752; baseline 0 -8"><span class='ocrx_word' id='word_1_576' title='bbox 1210 1717 1277 1745; x_wconf 77' lang='grc' dir='ltr'>ΠΤ.</span> <span class='ocrx_word' id='word_1_577' title='bbox 1297 1715 1380 1743; x_wconf 78' lang='lat' dir='ltr'><strong>XVII.</strong></span> <span class='ocrx_word' id='word_1_578' title='bbox 1399 1732 1435 1737; x_wconf 93' lang='lat'><strong>—</strong></span> <span class='ocrx_word' id='word_1_579' title='bbox 1455 1716 1493 1744; x_wconf 84' lang='lat' dir='ltr'><strong>De</strong></span> <span class='ocrx_word' id='word_1_580' title='bbox 1507 1716 1628 1752; x_wconf 80' lang='lat' dir='ltr'><strong>bilingui.</strong></span> 
     </span>
    </p>
   </div>
   <div class='ocr_carea' id='block_1_88' title="bbox 1068 1761 1820 1800">
    <p class='ocr_par' dir='ltr' id='par_1_88' title="bbox 1068 1761 1820 1800">
     <span class='ocr_line' id='line_1_88' title="bbox 1068 1761 1820 1800; baseline 0.003 -9"><span class='ocrx_word' id='word_1_581' title='bbox 1068 1764 1156 1791; x_wconf 80' lang='lat' dir='ltr'><strong>Eccli.</strong></span> <span class='ocrx_word' id='word_1_582' title='bbox 1175 1772 1203 1796; x_wconf 88' lang='grc' dir='ltr'>ν,</span> <span class='ocrx_word' id='word_1_583' title='bbox 1219 1764 1263 1791; x_wconf 86' lang='grc'><strong>17.</strong></span> <span class='ocrx_word' id='word_1_584' title='bbox 1289 1778 1323 1783; x_wconf 92' lang='lat'><strong>——</strong></span> <span class='ocrx_word' id='word_1_585' title='bbox 1345 1772 1355 1788; x_wconf 97' lang='lat'><strong>1</strong></span> <span class='ocrx_word' id='word_1_586' title='bbox 1379 1761 1581 1791; x_wconf 86' lang='lat' dir='ltr'><strong>Condemuatio</strong></span> <span class='ocrx_word' id='word_1_587' title='bbox 1594 1763 1713 1798; x_wconf 86' lang='lat' dir='ltr'><strong>pessima</strong></span> <span class='ocrx_word' id='word_1_588' title='bbox 1737 1773 1820 1800; x_wconf 84' lang='lat' dir='ltr'><strong>super</strong></span> 
     </span>
    </p>
   </div>
   <div class='ocr_carea' id='block_1_89' title="bbox 1032 1811 1224 1846">
    <p class='ocr_par' dir='ltr' id='par_1_89' title="bbox 1032 1811 1224 1846">
     <span class='ocr_line' id='line_1_89' title="bbox 1032 1811 1224 1846; baseline -0.01 -8"><span class='ocrx_word' id='word_1_589' title='bbox 1032 1811 1193 1846; x_wconf 78' lang='lat' dir='ltr'><strong>biliuguem.</strong></span> <span class='ocrx_word' id='word_1_590' title='bbox 1215 1820 1224 1836; x_wconf 81' lang='grc' dir='ltr'><strong>ι</strong></span> 
     </span>
    </p>
   </div>
   <div class='ocr_carea' id='block_1_90' title="bbox 1067 1856 1816 1893">
    <p class='ocr_par' dir='ltr' id='par_1_90' title="bbox 1067 1856 1816 1893">
     <span class='ocr_line' id='line_1_90' title="bbox 1067 1856 1816 1893; baseline 0.004 -10"><span class='ocrx_word' id='word_1_591' title='bbox 1067 1856 1152 1884; x_wconf 76' lang='lat' dir='ltr'><strong>Eccli.</strong></span> <span class='ocrx_word' id='word_1_592' title='bbox 1183 1857 1312 1889; x_wconf 68' lang='lat' dir='ltr'><strong>v1,i.——</strong></span> <span class='ocrx_word' id='word_1_593' title='bbox 1331 1867 1340 1883; x_wconf 92' lang='lat'><strong>1</strong></span> <span class='ocrx_word' id='word_1_594' title='bbox 1364 1857 1460 1886; x_wconf 89' lang='lat' dir='ltr'><strong>Omnis</strong></span> <span class='ocrx_word' id='word_1_595' title='bbox 1488 1863 1620 1893; x_wconf 80' lang='lat' dir='ltr'><strong>peccator</strong></span> <span class='ocrx_word' id='word_1_596' title='bbox 1652 1859 1762 1887; x_wconf 80' lang='lat' dir='ltr'><strong>invidus</strong></span> <span class='ocrx_word' id='word_1_597' title='bbox 1789 1863 1816 1888; x_wconf 87' lang='lat' dir='ltr'><strong>et</strong></span> 
     </span>
    </p>
   </div>
   <div class='ocr_carea' id='block_1_91' title="bbox 1032 1902 1455 1937">
    <p class='ocr_par' dir='ltr' id='par_1_91' title="bbox 1032 1902 1455 1937">
     <span class='ocr_line' id='line_1_91' title="bbox 1032 1902 1455 1937; baseline 0.002 -7"><span class='ocrx_word' id='word_1_598' title='bbox 1032 1902 1162 1937; x_wconf 79' lang='lat' dir='ltr'><strong>bilinguis</strong></span> <span class='ocrx_word' id='word_1_599' title='bbox 1177 1903 1372 1930; x_wconf 85' lang='lat' dir='ltr'><strong>contumeliam</strong></span> <span class='ocrx_word' id='word_1_600' title='bbox 1391 1903 1455 1931; x_wconf 82' lang='lat' dir='ltr'><strong>fert.</strong></span> 
     </span>
    </p>
   </div>
   <div class='ocr_carea' id='block_1_92' title="bbox 1067 1957 1815 1990">
    <p class='ocr_par' dir='ltr' id='par_1_92' title="bbox 1067 1957 1815 1990">
     <span class='ocr_line' id='line_1_92' title="bbox 1067 1957 1815 1990; baseline 0.004 -6"><span class='ocrx_word' id='word_1_601' title='bbox 1067 1957 1151 1984; x_wconf 77' lang='lat' dir='ltr'><strong>Eccli.</strong></span> <span class='ocrx_word' id='word_1_602' title='bbox 1173 1964 1270 1989; x_wconf 66' lang='lat' dir='ltr'><strong>sum,</strong></span> <span class='ocrx_word' id='word_1_603' title='bbox 1288 1958 1332 1990; x_wconf 76' lang='grc' dir='ltr'><strong>Μ,</strong></span> <span class='ocrx_word' id='word_1_604' title='bbox 1353 1958 1396 1985; x_wconf 82' lang='lat' dir='ltr'><strong>l9.</strong></span> <span class='ocrx_word' id='word_1_605' title='bbox 1416 1973 1451 1979; x_wconf 94' lang='lat'><strong><em>—</em></strong></span> <span class='ocrx_word' id='word_1_606' title='bbox 1467 1968 1476 1985; x_wconf 91' lang='lat'><strong>1</strong></span> <span class='ocrx_word' id='word_1_607' title='bbox 1494 1959 1677 1988; x_wconf 89' lang='lat' dir='ltr'><strong>Susurronem</strong></span> <span class='ocrx_word' id='word_1_608' title='bbox 1694 1960 1815 1987; x_wconf 90' lang='lat' dir='ltr'><strong>ctbilin-</strong></span> 
     </span>
    </p>
   </div>
   <div class='ocr_carea' id='block_1_93' title="bbox 1032 2002 1815 2039">
    <p class='ocr_par' dir='ltr' id='par_1_93' title="bbox 1032 2002 1815 2039">
     <span class='ocr_line' id='line_1_93' title="bbox 1032 2002 1815 2039; baseline 0.004 -10"><span class='ocrx_word' id='word_1_609' title='bbox 1032 2010 1112 2038; x_wconf 77' lang='lat' dir='ltr'><strong>guem</strong></span> <span class='ocrx_word' id='word_1_610' title='bbox 1129 2002 1305 2030; x_wconf 88' lang='lat' dir='ltr'><strong>maledicite:</strong></span> <span class='ocrx_word' id='word_1_611' title='bbox 1323 2003 1424 2031; x_wconf 90' lang='lat' dir='ltr'><strong>multos</strong></span> <span class='ocrx_word' id='word_1_612' title='bbox 1439 2003 1511 2031; x_wconf 89' lang='lat' dir='ltr'><strong>enim</strong></span> <span class='ocrx_word' id='word_1_613' title='bbox 1530 2004 1652 2039; x_wconf 84' lang='lat' dir='ltr'><strong>perdidit</strong></span> <span class='ocrx_word' id='word_1_614' title='bbox 1679 2004 1815 2033; x_wconf 77' lang='lat' dir='ltr'><strong>habentes</strong></span> 
     </span>
    </p>
   </div>
   <div class='ocr_carea' id='block_1_94' title="bbox 1033 2048 1818 2086">
    <p class='ocr_par' dir='ltr' id='par_1_94' title="bbox 1033 2048 1818 2086">
     <span class='ocr_line' id='line_1_94' title="bbox 1033 2048 1818 2086; baseline 0.006 -12"><span class='ocrx_word' id='word_1_615' title='bbox 1033 2055 1138 2084; x_wconf 89' lang='lat' dir='ltr'><strong>pacem.</strong></span> <span class='ocrx_word' id='word_1_616' title='bbox 1154 2048 1258 2083; x_wconf 79' lang='lat' dir='ltr'><strong>Lingua</strong></span> <span class='ocrx_word' id='word_1_617' title='bbox 1273 2048 1372 2083; x_wconf 79' lang='lat' dir='ltr'><strong>duplex</strong></span> <span class='ocrx_word' id='word_1_618' title='bbox 1382 2049 1485 2077; x_wconf 88' lang='lat' dir='ltr'><strong>multos</strong></span> <span class='ocrx_word' id='word_1_619' title='bbox 1496 2050 1656 2084; x_wconf 89' lang='lat' dir='ltr'><strong>commovit,</strong></span> <span class='ocrx_word' id='word_1_620' title='bbox 1669 2055 1696 2078; x_wconf 87' lang='lat' dir='ltr'><strong>et</strong></span> <span class='ocrx_word' id='word_1_621' title='bbox 1708 2050 1818 2086; x_wconf 83' lang='lat' dir='ltr'><strong>disper-</strong></span> 
     </span>
    </p>
   </div>
   <div class='ocr_carea' id='block_1_95' title="bbox 1032 2093 1813 2130">
    <p class='ocr_par' dir='ltr' id='par_1_95' title="bbox 1032 2093 1813 2130">
     <span class='ocr_line' id='line_1_95' title="bbox 1032 2093 1813 2130; baseline 0.004 -10"><span class='ocrx_word' id='word_1_622' title='bbox 1032 2094 1069 2121; x_wconf 87' lang='lat' dir='ltr'><strong>sit</strong></span> <span class='ocrx_word' id='word_1_623' title='bbox 1086 2094 1149 2121; x_wconf 88' lang='lat' dir='ltr'><strong>illos</strong></span> <span class='ocrx_word' id='word_1_624' title='bbox 1167 2093 1201 2121; x_wconf 86' lang='lat' dir='ltr'><strong>de</strong></span> <span class='ocrx_word' id='word_1_625' title='bbox 1217 2098 1298 2129; x_wconf 76' lang='lat' dir='ltr'><strong>gente</strong></span> <span class='ocrx_word' id='word_1_626' title='bbox 1311 2094 1339 2121; x_wconf 93' lang='lat' dir='ltr'><strong>in</strong></span> <span class='ocrx_word' id='word_1_627' title='bbox 1348 2099 1456 2130; x_wconf 79' lang='lat' dir='ltr'><strong>gentem</strong></span> <span class='ocrx_word' id='word_1_628' title='bbox 1477 2104 1484 2122; x_wconf 90' lang='lat'>:</span> <span class='ocrx_word' id='word_1_629' title='bbox 1504 2099 1532 2123; x_wconf 89' lang='lat' dir='ltr'><strong>et</strong></span> <span class='ocrx_word' id='word_1_630' title='bbox 1546 2096 1675 2124; x_wconf 81' lang='lat' dir='ltr'><strong>civitates</strong></span> <span class='ocrx_word' id='word_1_631' title='bbox 1689 2100 1813 2124; x_wconf 81' lang='lat' dir='ltr'><strong>moratas</strong></span> 
     </span>
    </p>
   </div>
   <div class='ocr_carea' id='block_1_96' title="bbox 1030 2139 1819 2177">
    <p class='ocr_par' dir='ltr' id='par_1_96' title="bbox 1030 2139 1819 2177">
     <span class='ocr_line' id='line_1_96' title="bbox 1030 2139 1819 2177; baseline 0.001 -9"><span class='ocrx_word' id='word_1_632' title='bbox 1030 2140 1177 2173; x_wconf 84' lang='lat' dir='ltr'><strong>destruxit,</strong></span> <span class='ocrx_word' id='word_1_633' title='bbox 1204 2143 1232 2167; x_wconf 87' lang='lat' dir='ltr'><strong>et</strong></span> <span class='ocrx_word' id='word_1_634' title='bbox 1251 2139 1346 2167; x_wconf 86' lang='lat' dir='ltr'><strong>domos</strong></span> <span class='ocrx_word' id='word_1_635' title='bbox 1363 2144 1561 2175; x_wconf 74' lang='lat' dir='ltr'><strong>magnatorum</strong></span> <span class='ocrx_word' id='word_1_636' title='bbox 1587 2141 1689 2169; x_wconf 77' lang='lat' dir='ltr'><strong>effodit.</strong></span> <span class='ocrx_word' id='word_1_637' title='bbox 1714 2141 1819 2177; x_wconf 76' lang='lat' dir='ltr'><strong>Lingua</strong></span> 
     </span>
    </p>
   </div>
   <div class='ocr_carea' id='block_1_97' title="bbox 1030 2185 1820 2223">
    <p class='ocr_par' dir='ltr' id='par_1_97' title="bbox 1030 2185 1820 2223">
     <span class='ocr_line' id='line_1_97' title="bbox 1030 2185 1820 2223; baseline 0.003 -10"><span class='ocrx_word' id='word_1_638' title='bbox 1030 2185 1131 2220; x_wconf 81' lang='lat' dir='ltr'><strong>duplex</strong></span> <span class='ocrx_word' id='word_1_639' title='bbox 1164 2185 1294 2213; x_wconf 84' lang='lat' dir='ltr'><strong>mulieres</strong></span> <span class='ocrx_word' id='word_1_640' title='bbox 1327 2186 1431 2213; x_wconf 86' lang='lat' dir='ltr'><strong>viratas</strong></span> <span class='ocrx_word' id='word_1_641' title='bbox 1447 2185 1541 2221; x_wconf 79' lang='lat' dir='ltr'><strong>ejccit,</strong></span> <span class='ocrx_word' id='word_1_642' title='bbox 1556 2193 1584 2215; x_wconf 86' lang='lat' dir='ltr'><strong>et</strong></span> <span class='ocrx_word' id='word_1_643' title='bbox 1615 2188 1735 2223; x_wconf 78' lang='lat' dir='ltr'><strong>privavit</strong></span> <span class='ocrx_word' id='word_1_644' title='bbox 1757 2188 1820 2216; x_wconf 83' lang='lat' dir='ltr'><strong>illas</strong></span> 
     </span>
    </p>
   </div>
   <div class='ocr_carea' id='block_1_98' title="bbox 1030 2231 1820 2267">
    <p class='ocr_par' dir='ltr' id='par_1_98' title="bbox 1030 2231 1820 2267">
     <span class='ocr_line' id='line_1_98' title="bbox 1030 2231 1820 2267; baseline 0.001 -8"><span class='ocrx_word' id='word_1_645' title='bbox 1030 2231 1173 2259; x_wconf 85' lang='lat' dir='ltr'><strong>laboribus</strong></span> <span class='ocrx_word' id='word_1_646' title='bbox 1192 2231 1260 2259; x_wconf 88' lang='lat' dir='ltr'><strong>suis.</strong></span> <span class='ocrx_word' id='word_1_647' title='bbox 1278 2231 1331 2264; x_wconf 81' lang='lat' dir='ltr'><strong>Qui</strong></span> <span class='ocrx_word' id='word_1_648' title='bbox 1360 2232 1476 2267; x_wconf 88' lang='lat' dir='ltr'><strong>respicit</strong></span> <span class='ocrx_word' id='word_1_649' title='bbox 1509 2233 1597 2266; x_wconf 88' lang='lat' dir='ltr'><strong>illam,</strong></span> <span class='ocrx_word' id='word_1_650' title='bbox 1620 2241 1677 2262; x_wconf 88' lang='lat' dir='ltr'><strong>non</strong></span> <span class='ocrx_word' id='word_1_651' title='bbox 1705 2234 1820 2262; x_wconf 83' lang='lat' dir='ltr'><strong>habebit</strong></span> 
     </span>
    </p>
   </div>
   <div class='ocr_carea' id='block_1_99' title="bbox 1032 2269 1762 2313">
    <p class='ocr_par' dir='ltr' id='par_1_99' title="bbox 1032 2269 1762 2313">
     <span class='ocr_line' id='line_1_99' title="bbox 1032 2269 1762 2313; baseline -0.001 -8"><span class='ocrx_word' id='word_1_652' title='bbox 1032 2277 1164 2313; x_wconf 88' lang='lat' dir='ltr'><strong>requiem,</strong></span> <span class='ocrx_word' id='word_1_653' title='bbox 1183 2284 1235 2304; x_wconf 89' lang='lat' dir='ltr'><strong>nec</strong></span> <span class='ocrx_word' id='word_1_654' title='bbox 1252 2276 1389 2304; x_wconf 82' lang='lat' dir='ltr'><strong>habitabit</strong></span> <span class='ocrx_word' id='word_1_655' title='bbox 1407 2284 1470 2305; x_wconf 86' lang='lat' dir='ltr'><strong>cum</strong></span> <span class='ocrx_word' id='word_1_656' title='bbox 1483 2277 1606 2306; x_wconf 87' lang='lat' dir='ltr'><strong>silentio.</strong></span> <span class='ocrx_word' id='word_1_657' title='bbox 1625 2288 1634 2304; x_wconf 85' lang='lat' dir='ltr'><strong>I</strong></span> <span class='ocrx_word' id='word_1_658' title='bbox 1757 2269 1762 2273; x_wconf 60' lang='grc'>’</span> 
     </span>
    </p>
   </div>
   <div class='ocr_carea' id='block_1_100' title="bbox 1031 2337 1816 2382">
    <p class='ocr_par' dir='ltr' id='par_1_100' title="bbox 1031 2337 1816 2382">
     <span class='ocr_line' id='line_1_100' title="bbox 1031 2337 1816 2382; baseline 0.005 -11"><span class='ocrx_word' id='word_1_659' title='bbox 1031 2345 1098 2372; x_wconf 89' lang='lat' dir='ltr'><strong>TlT.</strong></span> <span class='ocrx_word' id='word_1_660' title='bbox 1117 2337 1262 2382; x_wconf 53' lang='lat' dir='ltr'><strong>XTllL—</strong></span> <span class='ocrx_word' id='word_1_661' title='bbox 1277 2345 1316 2372; x_wconf 87' lang='lat' dir='ltr'><strong>De</strong></span> <span class='ocrx_word' id='word_1_662' title='bbox 1331 2345 1469 2382; x_wconf 63' lang='lat' dir='ltr'><strong>judicibits</strong></span> <span class='ocrx_word' id='word_1_663' title='bbox 1482 2346 1651 2382; x_wconf 72' lang='lat' dir='ltr'><strong>incorruptis,</strong></span> <span class='ocrx_word' id='word_1_664' title='bbox 1667 2352 1692 2374; x_wconf 77' lang='lat' dir='ltr'><strong>et</strong></span> <span class='ocrx_word' id='word_1_665' title='bbox 1710 2348 1755 2382; x_wconf 85' lang='lat' dir='ltr'><strong>qui</strong></span> <span class='ocrx_word' id='word_1_666' title='bbox 1765 2356 1816 2382; x_wconf 79' lang='lat' dir='ltr'><strong>pu-</strong></span> 
     </span>
    </p>
   </div>
   <div class='ocr_carea' id='block_1_101' title="bbox 1119 2379 1831 2416">
    <p class='ocr_par' dir='ltr' id='par_1_101' title="bbox 1119 2379 1831 2416">
     <span class='ocr_line' id='line_1_101' title="bbox 1119 2379 1831 2416; baseline 0.006 -9"><span class='ocrx_word' id='word_1_667' title='bbox 1119 2388 1163 2407; x_wconf 76' lang='lat' dir='ltr'><strong>ras</strong></span> <span class='ocrx_word' id='word_1_668' title='bbox 1178 2379 1274 2407; x_wconf 82' lang='lat' dir='ltr'><strong>habent</strong></span> <span class='ocrx_word' id='word_1_669' title='bbox 1286 2387 1392 2413; x_wconf 69' lang='lat' dir='ltr'><strong>manus,</strong></span> <span class='ocrx_word' id='word_1_670' title='bbox 1405 2385 1430 2407; x_wconf 79' lang='lat' dir='ltr'><strong>et</strong></span> <span class='ocrx_word' id='word_1_671' title='bbox 1441 2380 1513 2415; x_wconf 67' lang='lat' dir='ltr'><strong>fuste</strong></span> <span class='ocrx_word' id='word_1_672' title='bbox 1527 2379 1730 2416; x_wconf 43' lang='lat' dir='ltr'><strong>jura&#39;redduni.</strong></span> <span class='ocrx_word' id='word_1_673' title='bbox 1765 2379 1770 2382; x_wconf 81' lang='grc'><em>’</em></span> <span class='ocrx_word' id='word_1_674' title='bbox 1827 2382 1831 2387; x_wconf 86' lang='grc'><em>”</em></span> 
     </span>
    </p>
   </div>
   <div class='ocr_carea' id='block_1_102' title="bbox 1068 2466 1815 2506">
    <p class='ocr_par' dir='ltr' id='par_1_102' title="bbox 1068 2466 1815 2506">
     <span class='ocr_line' id='line_1_102' title="bbox 1068 2466 1815 2506; baseline 0.007 -12"><span class='ocrx_word' id='word_1_675' title='bbox 1068 2466 1155 2495; x_wconf 63' lang='lat' dir='ltr'><strong>Exod.</strong></span> <span class='ocrx_word' id='word_1_676' title='bbox 1170 2473 1248 2501; x_wconf 78' lang='lat' dir='ltr'><strong>mn,</strong></span> <span class='ocrx_word' id='word_1_677' title='bbox 1261 2466 1288 2495; x_wconf 84' lang='lat' dir='ltr'><strong>‘l.</strong></span> <span class='ocrx_word' id='word_1_678' title='bbox 1303 2484 1338 2490; x_wconf 88' lang='lat'><strong>—</strong></span> <span class='ocrx_word' id='word_1_679' title='bbox 1354 2477 1364 2495; x_wconf 91' lang='lat'><strong>1</strong></span> <span class='ocrx_word' id='word_1_680' title='bbox 1380 2470 1523 2497; x_wconf 82' lang='lat' dir='ltr'><strong>Insontem</strong></span> <span class='ocrx_word' id='word_1_681' title='bbox 1534 2475 1561 2498; x_wconf 91' lang='lat' dir='ltr'><strong>et</strong></span> <span class='ocrx_word' id='word_1_682' title='bbox 1578 2471 1685 2506; x_wconf 86' lang='lat' dir='ltr'><strong>justum</strong></span> <span class='ocrx_word' id='word_1_683' title='bbox 1705 2478 1760 2499; x_wconf 92' lang='lat' dir='ltr'><strong>non</strong></span> <span class='ocrx_word' id='word_1_684' title='bbox 1772 2471 1815 2500; x_wconf 36' lang='lat' dir='ltr'><strong>ius</strong></span> 
     </span>
    </p>
   </div>
   <div class='ocr_carea' id='block_1_103' title="bbox 1032 2513 1591 2551">
    <p class='ocr_par' dir='ltr' id='par_1_103' title="bbox 1032 2513 1591 2551">
     <span class='ocr_line' id='line_1_103' title="bbox 1032 2513 1591 2551; baseline 0.005 -11"><span class='ocrx_word' id='word_1_685' title='bbox 1032 2513 1161 2547; x_wconf 67' lang='lat' dir='ltr'><strong>ti-rﬁcii-s,</strong></span> <span class='ocrx_word' id='word_1_686' title='bbox 1175 2521 1267 2550; x_wconf 85' lang='lat' dir='ltr'><strong>neque</strong></span> <span class='ocrx_word' id='word_1_687' title='bbox 1285 2514 1412 2543; x_wconf 83' lang='lat' dir='ltr'><strong>absolves</strong></span> <span class='ocrx_word' id='word_1_688' title='bbox 1430 2516 1556 2551; x_wconf 90' lang='lat' dir='ltr'><strong>impium.</strong></span> <span class='ocrx_word' id='word_1_689' title='bbox 1582 2525 1591 2542; x_wconf 85' lang='grc' dir='ltr'><strong>ι</strong></span> 
     </span>
    </p>
   </div>
   <div class='ocr_carea' id='block_1_104' title="bbox 1071 2570 1817 2610">
    <p class='ocr_par' dir='ltr' id='par_1_104' title="bbox 1071 2570 1817 2610">
     <span class='ocr_line' id='line_1_104' title="bbox 1071 2570 1817 2610; baseline 0.008 -13"><span class='ocrx_word' id='word_1_690' title='bbox 1071 2570 1158 2598; x_wconf 73' lang='lat' dir='ltr'><strong>Exod.</strong></span> <span class='ocrx_word' id='word_1_691' title='bbox 1177 2579 1245 2603; x_wconf 65' lang='grc' dir='ltr'>χχιι,</span> <span class='ocrx_word' id='word_1_692' title='bbox 1262 2571 1307 2600; x_wconf 70' lang='grc'>22.</span> <span class='ocrx_word' id='word_1_693' title='bbox 1322 2587 1357 2593; x_wconf 94' lang='lat'><strong>-—</strong></span> <span class='ocrx_word' id='word_1_694' title='bbox 1379 2581 1388 2599; x_wconf 93' lang='lat'><strong>1</strong></span> <span class='ocrx_word' id='word_1_695' title='bbox 1405 2572 1522 2601; x_wconf 83' lang='lat' dir='ltr'><strong>Omnem</strong></span> <span class='ocrx_word' id='word_1_696' title='bbox 1550 2573 1660 2602; x_wconf 87' lang='lat' dir='ltr'><strong>viduam</strong></span> <span class='ocrx_word' id='word_1_697' title='bbox 1676 2579 1704 2602; x_wconf 91' lang='lat' dir='ltr'><strong>et</strong></span> <span class='ocrx_word' id='word_1_698' title='bbox 1725 2575 1817 2610; x_wconf 88' lang='lat' dir='ltr'><strong>pupil-</strong></span> 
     </span>
    </p>
   </div>
   <div class='ocr_carea' id='block_1_105' title="bbox 1032 2617 1342 2653">
    <p class='ocr_par' dir='ltr' id='par_1_105' title="bbox 1032 2617 1342 2653">
     <span class='ocr_line' id='line_1_105' title="bbox 1032 2617 1342 2653; baseline 0.003 -9"><span class='ocrx_word' id='word_1_699' title='bbox 1032 2617 1088 2644; x_wconf 90' lang='lat' dir='ltr'><strong>lum</strong></span> <span class='ocrx_word' id='word_1_700' title='bbox 1106 2625 1160 2645; x_wconf 88' lang='lat' dir='ltr'><strong>non</strong></span> <span class='ocrx_word' id='word_1_701' title='bbox 1174 2618 1314 2653; x_wconf 78' lang='lat' dir='ltr'><strong>amigetis.</strong></span> <span class='ocrx_word' id='word_1_702' title='bbox 1333 2628 1342 2645; x_wconf 75' lang='grc' dir='ltr'><strong>ι</strong></span> 
     </span>
    </p>
   </div>
   <div class='ocr_carea' id='block_1_106' title="bbox 1069 2673 1820 2711">
    <p class='ocr_par' dir='ltr' id='par_1_106' title="bbox 1069 2673 1820 2711">
     <span class='ocr_line' id='line_1_106' title="bbox 1069 2673 1820 2711; baseline 0.007 -11"><span class='ocrx_word' id='word_1_703' title='bbox 1069 2673 1156 2701; x_wconf 76' lang='lat' dir='ltr'><strong>Exod.</strong></span> <span class='ocrx_word' id='word_1_704' title='bbox 1174 2674 1294 2707; x_wconf 72' lang='lat' dir='ltr'><strong>utu,‘2.</strong></span> <span class='ocrx_word' id='word_1_705' title='bbox 1310 2675 1387 2703; x_wconf 81' lang='lat'><strong>8.—</strong></span> <span class='ocrx_word' id='word_1_706' title='bbox 1405 2685 1415 2702; x_wconf 95' lang='lat'><strong>1</strong></span> <span class='ocrx_word' id='word_1_707' title='bbox 1437 2675 1496 2703; x_wconf 88' lang='lat' dir='ltr'><strong>Non</strong></span> <span class='ocrx_word' id='word_1_708' title='bbox 1520 2676 1635 2711; x_wconf 77' lang='lat' dir='ltr'><strong>adjicies</strong></span> <span class='ocrx_word' id='word_1_709' title='bbox 1661 2674 1723 2705; x_wconf 81' lang='lat' dir='ltr'><strong>cum</strong></span> <span class='ocrx_word' id='word_1_710' title='bbox 1749 2677 1820 2705; x_wconf 85' lang='lat' dir='ltr'><strong>mul-</strong></span> 
     </span>
    </p>
   </div>
   <div class='ocr_carea' id='block_1_107' title="bbox 1036 2720 1820 2758">
    <p class='ocr_par' dir='ltr' id='par_1_107' title="bbox 1036 2720 1820 2758">
     <span class='ocr_line' id='line_1_107' title="bbox 1036 2720 1820 2758; baseline 0.004 -11"><span class='ocrx_word' id='word_1_711' title='bbox 1036 2720 1155 2748; x_wconf 89' lang='lat' dir='ltr'><strong>titudine</strong></span> <span class='ocrx_word' id='word_1_712' title='bbox 1166 2720 1325 2749; x_wconf 86' lang='lat' dir='ltr'><strong>subvertere</strong></span> <span class='ocrx_word' id='word_1_713' title='bbox 1333 2721 1481 2756; x_wconf 85' lang='lat' dir='ltr'><strong>judicium.</strong></span> <span class='ocrx_word' id='word_1_714' title='bbox 1492 2721 1603 2756; x_wconf 68' lang='lat' dir='ltr'><strong>Munera</strong></span> <span class='ocrx_word' id='word_1_715' title='bbox 1618 2730 1672 2753; x_wconf 87' lang='lat' dir='ltr'><strong>non</strong></span> <span class='ocrx_word' id='word_1_716' title='bbox 1688 2723 1820 2758; x_wconf 75' lang='lat' dir='ltr'><strong>accipies.</strong></span> 
     </span>
    </p>
   </div>
   <div class='ocr_carea' id='block_1_108' title="bbox 1039 2766 1822 2801">
    <p class='ocr_par' dir='ltr' id='par_1_108' title="bbox 1039 2766 1822 2801">
     <span class='ocr_line' id='line_1_108' title="bbox 1039 2766 1822 2801; baseline 0.001 -7"><span class='ocrx_word' id='word_1_717' title='bbox 1039 2766 1153 2795; x_wconf 77' lang='lat' dir='ltr'><strong>Munera</strong></span> <span class='ocrx_word' id='word_1_718' title='bbox 1172 2767 1245 2795; x_wconf 88' lang='lat' dir='ltr'><strong>enim</strong></span> <span class='ocrx_word' id='word_1_719' title='bbox 1270 2772 1410 2796; x_wconf 69' lang='lat' dir='ltr'><strong>exczeant</strong></span> <span class='ocrx_word' id='word_1_720' title='bbox 1434 2769 1530 2798; x_wconf 86' lang='lat' dir='ltr'><strong>oculos</strong></span> <span class='ocrx_word' id='word_1_721' title='bbox 1542 2768 1706 2801; x_wconf 80' lang='lat' dir='ltr'><strong>videntium,</strong></span> <span class='ocrx_word' id='word_1_722' title='bbox 1717 2773 1745 2796; x_wconf 79' lang='lat' dir='ltr'><strong>et</strong></span> <span class='ocrx_word' id='word_1_723' title='bbox 1761 2775 1822 2795; x_wconf 80' lang='lat' dir='ltr'><strong>cor—</strong></span> 
     </span>
    </p>
   </div>
   <div class='ocr_carea' id='block_1_109' title="bbox 1038 2812 1396 2849">
    <p class='ocr_par' dir='ltr' id='par_1_109' title="bbox 1038 2812 1396 2849">
     <span class='ocr_line' id='line_1_109' title="bbox 1038 2812 1396 2849; baseline -0.003 -9"><span class='ocrx_word' id='word_1_724' title='bbox 1038 2816 1171 2848; x_wconf 86' lang='lat' dir='ltr'><strong>rumpunt</strong></span> <span class='ocrx_word' id='word_1_725' title='bbox 1183 2812 1266 2841; x_wconf 88' lang='lat' dir='ltr'><strong>verba</strong></span> <span class='ocrx_word' id='word_1_726' title='bbox 1282 2813 1366 2849; x_wconf 86' lang='lat' dir='ltr'><strong>justa.</strong></span> <span class='ocrx_word' id='word_1_727' title='bbox 1387 2823 1396 2839; x_wconf 80' lang='grc' dir='ltr'><strong>ι</strong></span> 
     </span>
    </p>
   </div>
   <div class='ocr_carea' id='block_1_110' title="bbox 1617 2859 1656 2892">
    <p class='ocr_par' dir='ltr' id='par_1_110' title="bbox 1617 2859 1656 2892">
     <span class='ocr_line' id='line_1_110' title="bbox 1617 2859 1656 2892; baseline 0.026 -1"><span class='ocrx_word' id='word_1_728' title='bbox 1617 2859 1656 2892; x_wconf 65' lang='lat' dir='ltr'><strong>ﬂ</strong></span> 
     </span>
    </p>
   </div>
  </div>
