2074 3115
268 132 279 164 1
285 135 334 166 387

863 135 892 163 8.
914 131 1075 164 JOANNIS
1092 132 1309 163 DAMASCENI

1828 138 1897 168 1393

301 190 387 218 Exod.
407 197 486 221 nm,
501 190 527 216 ὖ.
540 204 572 209 -
590 198 600 214 ι
632 189 766 224 Pauperis
784 196 839 216 non
871 191 1033 219 misereben

1085 213 1088 219 ,
1140 198 1150 214 ι
1169 190 1277 225 Πένητα
1293 191 1344 216 οὐκ
1359 190 1481 226 ἐλεήσεις
1497 192 1526 218 ὲν
1543 191 1643 226 κρίσει.
1669 190 1707 217 Οὐ
1724 189 1897 227 διαστρέψεις

261 238 289 265 in
303 238 417 274 judicio.
435 237 493 264 Non
505 240 644 272 pervertes
656 237 792 272 judicium
806 238 938 272 pauperis
959 237 986 264 in
1003 238 1049 265 lite

261 287 359 322 Ipsius.
376 295 385 312 ι

294 332 377 361 Leuit.
395 339 452 364 χιχ,
473 332 516 359 15.
539 347 574 352 -
595 330 674 367 44],
697 340 706 357 ‹
727 331 785 358 Νοιι
806 331 914 360 facietis
935 331 1049 366 injusti-

260 380 325 406 tiam
345 379 372 406 in
391 378 504 413 judicio.
524 377 583 405 Non
603 378 725 412 accipies
744 384 890 412 personam
905 377 1047 413 pauperis,

260 433 309 453 nec
324 424 460 460 suspicies
475 423 571 451 faciem
589 423 723 458 potentis.
740 422 769 450 In
786 423 894 458 justitia
908 423 1048 458 judicabis

258 472 412 507 proximum
428 474 516 498 tuum.
536 480 545 496 ι

296 516 377 543 Lavit.
393 523 466 548 xxiv,
481 515 526 542 22.
537 529 571 535 ——
587 524 596 541 ι
611 515 703 543 Unum
715 514 850 550 judicium
866 514 920 542 erit
936 514 1048 542 advena:

258 568 284 591 et
305 563 448 598 indigenae.
465 571 476 588 ι
528 598 533 602 1

296 609 378 635 Num.
394 616 476 641 xxxv,
490 607 534 634 51.
549 621 585 627 —-
604 615 613 632 ι
631 605 691 634 Non
712 605 858 641 accipietis
876 605 1046 640 redemptio-

258 651 320 682 nem
337 654 436 682 animae
450 660 500 688 pro
517 652 668 685 homicida,
684 652 731 687 qui
747 659 812 680 reus
826 650 924 679 mortis
937 650 1021 679 fuerit
1039 661 1045 678 :

257 701 331 727 hunc
347 704 434 726 morte
452 697 589 725 aﬂlcietis.
609 705 619 723 ι
763 714 768 717 -

294 744 370 772 Deut.
386 752 443 777 xvi,
457 743 503 771 20.
515 758 550 763 —
572 752 582 768 ι
599 742 680 772 Juste
698 742 771 776 quod
787 742 892 777 justum
912 746 965 776 est,
986 750 1048 777 per-

257 793 390 828 sequeris.
411 801 420 818 ι

291 837 371 866 Deut.
391 845 410 869 ι,
430 837 473 870 17,
489 836 531 864 18.
550 851 585 857 -
599 835 685 871 ¢_Non
705 842 840 871 agnosces
855 841 1002 870 personam
1019 835 1046 862 in

256 884 360 918 judicio
378 892 385 910 :
406 883 556 911 secundum
569 889 696 917 parvum,
710 885 738 909 ct
751 881 902 909 secundum
919 888 1046 916 magnum

254 929 394 964 judicabis
411 939 417 956 :
431 936 484 956 non
508 928 680 957 revercberis
699 935 847 963 personam
863 927 1046 963 cujusquam;

255 977 320 1013 quia
334 976 470 1010 judicium
492 975 537 1003 Dei
557 979 610 1003 est.
631 984 642 1001 ι
950 976 958 984 ⁸

290 1022 369 1049 Deut.
384 1029 459 1052 ntv,
473 1021 515 1048 17.
530 1035 565 1041 -
581 1029 591 1046 ‹
604 1020 666 1048 Non
681 1019 834 1048 declinabis
848 1019 984 1055 judicium
999 1019 1047 1046 ad-

199 1080 202 1084 -
254 1075 343 1100 vente,
371 1071 399 1095 ct
425 1066 544 1102 pupilli,
575 1071 603 1094 et
629 1065 719 1094 vidum
736 1075 743 1094 :
763 1073 814 1094 nec
849 1065 1046 1101 oppignerabis

254 1115 359 1139 vestem
374 1111 475 1139 vidum.
494 1111 517 1137 »ἓ

288 1158 368 1185 Deut.
382 1165 466 1191 xxvii,
482 1156 579 1190 19,24.
597 1172 634 1179 ο
654 1167 664 1184 ι
682 1156 845 1185 Maledictus
864 1157 911 1192 qui
931 1163 1045 1192 accepe-

254 1204 291 1231 rit
308 1211 421 1232 munera
432 1224 440 1236 ,
459 1207 490 1231 ιιι
510 1204 647 1239 percutiat
663 1204 782 1242 animam
798 1203 943 1239 sanguinis
963 1203 1044 1231 inno-

252 1249 355 1282 centis,
371 1254 397 1277 et
417 1249 492 1277 dicet
514 1250 606 1277 omnis
628 1249 757 1284 populus,
782 1249 853 1277 Fiat.
881 1248 1043 1277 Maledictus

252 1295 299 1330 qui
316 1295 448 1329 pervertit
464 1294 600 1330 judicium
619 1294 743 1328 advenae,
765 1299 792 1322 et
818 1294 926 1330 pupilli,
948 1297 975 1322 et
999 1294 1042 1321 vi-

251 1340 313 1368 duae
326 1349 333 1367 :
348 1345 376 1368 ct
391 1341 464 1368 dicet
480 1341 571 1368 omnis
590 1341 720 1375 populus,
733 1340 804 1368 Fiat.
826 1350 835 1367 ι

286 1385 337 1412 Job
349 1393 386 1418 vt,
402 1385 447 1413 29.
463 1400 497 1405 —-
516 1394 526 1411 ι
544 1385 652 1418 Sedete,
668 1389 696 1414 et
715 1393 769 1413 non
783 1386 821 1414 sit
835 1385 974 1420 injustitia
992 1395 998 1413 :
1015 1389 1043 1413 et

239 1439 314 1460 ecum
325 1432 403 1466 justo
418 1432 573 1459 convenite.
591 1441 600 1457 ι

284 1476 336 1503 Job
354 1483 420 1509 xvn,
436 1477 463 1504 9.
475 1491 509 1496 ——
521 1485 530 1502 (
548 1476 601 1509 Qui
626 1484 713 1511 purus
734 1481 777 1504 est
800 1477 939 1509 manibus,
961 1483 1040 1505 assu-

249 1527 307 1550 mat
322 1522 450 1550 ﬁduciam
465 1531 471 1549 :
489 1522 608 1557 iniustos
625 1526 652 1550 et
666 1523 776 1558 iniquos
789 1523 937 1551 deridebit.
957 1533 966 1550 ι

282 1568 334 1596 Job
355 1575 450 1602 χχιιι,
469 1568 514 1595 21.
539 1583 574 1588 -
597 1579 606 1594 ι
625 1567 770 1597 llominem
789 1576 843 1597 non
863 1570 1039 1602 erubescam,

248 1621 299 1641 nec
314 1614 460 1641 mortalem
484 1614 644 1641 revercbor.
664 1613 723 1642 Non
740 1614 814 1642 enim
831 1615 891 1642 scio
906 1615 1039 1643 admirari

248 1660 398 1688 hominem.
416 1659 464 1687 Sin
480 1667 571 1693 secus,
588 1661 670 1688 tineae
685 1667 728 1688 me
740 1660 882 1689 arrodant.
904 1671 913 1688 ο

282 1705 360 1732 Psal.
381 1713 436 1738 xw,
453 1705 480 1732 5.
496 1720 531 1725 --—
547 1714 556 1731 ι
575 1705 689 1734 Munera
706 1714 789 1742 super
805 1707 968 1735 innocentes
984 1715 1038 1735 non

247 1751 365 1786 accepit.
389 1750 442 1784 Qui
471 1751 537 1779 facit
554 1752 623 1785 haec,
645 1760 698 1780 non
719 1753 876 1781 movebitur
902 1754 928 1781 in
956 1759 1037 1782 teter-

246 1804 322 1824 num.
345 1806 355 1822 1

282 1843 357 1869 Paul.
370 1850 412 1874 cv,
434 1842 460 1869 5.
481 1857 516 1862 -—
533 1851 542 1868 ι
562 1841 637 1870 Beati
649 1842 695 1878 qni
712 1842 872 1870 custodiunt
887 1843 1034 1878 judicium,

245 1894 272 1916 ct
287 1888 393 1916 faciunt
407 1888 543 1923 justitiam
561 1889 635 1915 omni
654 1893 790 1924 tempore.
807 1897 817 1914 ι

280 1934 361 1962 Prov.
377 1942 452 1967 xui,
472 1934 499 1961 9.
516 1948 552 1954 -—
573 1943 582 1960 ι
601 1934 683 1969 Aperi
704 1941 735 1961 os
761 1937 840 1962 tuum
853 1955 861 1968 ,
887 1938 914 1962 et
942 1935 1035 1962 omnia

242 1980 317 2016 juste
335 1979 439 2014 judica.
458 1989 467 2005 ι

279 2024 359 2053 Prov.
372 2033 436 2057 xxv,
451 2023 486 2051 27
507 2031 563 2053 sec.
578 2023 659 2052 LXX.
678 2040 711 2044 -—
727 2033 736 2050 ι
757 2024 809 2057 Qui
833 2024 970 2051 donorum
988 2031 1034 2051 ac-

243 2071 386 2106 ceptiones
404 2071 474 2104 odit,
497 2071 591 2098 salvus
605 2071 668 2097 erit.
688 2079 697 2095 ι

283 2125 292 2141 ι
311 2115 437 2144 Pretiosa
455 2123 500 2143 res
519 2121 561 2143 est
582 2115 624 2142 vir
643 2120 741 2150 purus.
762 2124 771 2140 ι

277 2161 358 2189 Prov.
376 2169 454 2194 XVIII,
473 2162 500 2188 5.
521 2176 556 2182 -——
573 2170 582 2186 ι
599 2160 730 2188 Revereri
754 2160 850 2188 faciem
871 2160 898 2188 in
913 2161 1030 2195 judicio,

240 2213 296 2236 non
315 2211 357 2235 est
376 2207 490 2234 bonum.
512 2215 522 2232 ›

274 2253 374 2281 Jerem.
394 2261 432 2285 lx,
445 2253 490 2280 21.
502 2267 535 2273 —-
553 2262 562 2278 ι
584 2252 612 2280 In
634 2252 686 2280 hoc
702 2252 838 2287 glorietur
854 2253 900 2287 qui
923 2252 1027 2287 gloria-

241 2304 295 2331 tur,
309 2298 460 2332 intelligere
478 2303 504 2325 et
522 2305 605 2325 nesse
622 2298 782 2329 Dominum,
802 2301 829 2326 et
847 2298 939 2326 facere
955 2297 1028 2333 judi-

239 2345 312 2372 cium
326 2348 352 2372 et
362 2343 496 2380 justitiam
514 2343 540 2370 in
558 2343 647 2370 medio
663 2347 755 2371 terrm.
772 2352 782 2369 ι

274 2390 289 2416 1
305 2389 367 2425 lieg.
381 2397 429 2421 xu,
446 2389 509 2420 3,4.
523 2398 579 2415 σ-ι
597 2389 670 2416 Dixit
688 2388 799 2417 Samuel
817 2389 849 2416 ad
866 2389 1024 2417 universum

237 2436 322 2464 Israel
342 2434 520 2469 :l.oquimini
539 2435 572 2462 de
592 2443 635 2462 me
660 2441 753 2463 coram
781 2435 907 2468 Domino,
928 2435 1024 2462 bovem

235 2481 317 2516 cujus
338 2481 461 2513 tulerim,
487 2486 535 2508 aut
558 2481 676 2514 asinum,
695 2486 742 2509 aut
757 2481 943 2516 oppresserim
964 2489 1022 2509 vos.

236 2527 408 2562 ﬁespondete
424 2526 569 2554 adversum
586 2535 639 2554 me.
654 2526 686 2553 Et
701 2526 830 2554 dixerunt
844 2526 876 2554 ad
890 2526 1002 2554 Samuel
1016 2536 1022 2553 :

234 2573 293 2601 Non
307 2572 388 2601 nobis
401 2572 532 2606 iniuriam
550 2572 651 2604 fecisti,
670 2580 720 2600 nec
742 2572 874 2608 accepisti
889 2572 922 2601 de
941 2580 1022 2600 manu

234 2623 329 2647 nostra
343 2618 495 2653 quidpiam.
517 2628 526 2644 ι
709 2610 719 2618 “

273 2663 319 2690 III
334 2663 396 2699 Reg.
412 2671 453 2696 ιιι,
469 2662 511 2694 11,
531 2663 574 2691 12.
590 2678 625 2683 -
653 2672 663 2690 ‹
687 2663 762 2692 Dixit
792 2663 923 2692 Dominus
943 2664 1021 2693 Salo-

233 2709 309 2735 moni
325 2716 332 2735 :
346 2709 416 2742 Quia
437 2709 584 2744 postulasti
601 2716 616 2736 a
635 2716 679 2737 me
693 2710 806 2737 verbum
825 2710 889 2743 hoc,
909 2718 959 2738 nec
975 2719 1021 2746 pe-

234 2752 293 2779 tisti
315 2753 365 2780 tibi
379 2754 440 2782 dics
455 2754 573 2787 multos,
596 2762 648 2782 nec
676 2755 808 2787 divitias,
837 2763 889 2784 nec
913 2757 1020 2786 animus

235 2798 410 2826 inimicorum
429 2804 551 2833 tuorum,
568 2801 615 2828 sed
631 2802 776 2836 postulasti
792 2802 841 2829 tibi
855 2803 1018 2837 sapientiam

235 2843 268 2870 ad
281 2842 493 2874 discernendum
512 2847 665 2881 judicium;
686 2855 750 2876 ecce
765 2847 827 2875 dedi
845 2849 893 2876 tibi
914 2856 962 2877 cor
976 2849 1019 2877 in.

1103 237 1189 272 κρῖμα
1201 237 1315 272 πένητος
1330 237 1359 264 ἐν
1375 237 1466 272 κρίσει
1475 236 1571 264 αὑτοῦ.
1584 246 1594 262 ι

1137 332 1147 349 t
1166 323 1203 350 Οὐ
1219 324 1346 358 ποιήσετε
1357 324 1450 351 ἄδικον
1470 325 1499 350 ὲν
1513 324 1616 359 κρίσει.
1633 324 1671 350 οὺ
1696 323 1770 360 λήψῃ
1811 327 1897 361 πρόσ-

1100 378 1174 397 ωπον
1187 370 1308 404 πτωχοῦ,
1324 370 1379 396 οὐδ’
1393 370 1423 396 οὑ
1440 370 1479 406 μὴ
1493 370 1638 406 θαυμάσῃς
1652 371 1802 405 πρόσωπον
1816 371 1898 399 δυνά-

1100 423 1173 441 στου.
1199 414 1242 441 Ἐν
1253 415 1411 452 δικαιοσύνῃ
1425 416 1530 451 κρινεῖς
1552 416 1599 442 τὸν
1623 415 1738 451 πλησίον
1754 425 1812 444 σου.
1830 427 1839 443 ι

1137 514 1146 531 ι
1160 505 1304 537 Δικαίωσις
1319 505 1369 541 μια
1381 504 1458 532 ἔσται
1472 505 1511 541 τῷ
1524 505 1685 541 προσηλύτῳ
1697 505 1743 532 καὶ
1757 505 1796 540 τῷ
1811 505 1896 540 ὲγχω-

1118 549 1158 576 (to.
1174 558 1183 575 ι

1118 558 1158 576 ιω.
1174 558 1183 575 ι

1100 558 1115 584 ρ
1135 575 1198 622 λΟὐ
1220 595 1339 630 λήψεσθε
1369 595 1456 632 λύτρα
1484 595 1550 630 περὶ
1573 595 1624 630 τῆς
1639 595 1731 631 ψυχῆς
1753 595 1829 631 παρὰ
1847 595 1896 622 τοῦ

1099 641 1292 674 φονεύσαντος,
1306 641 1353 668 τοῦ
1371 642 1468 678 ὲνόχου
1491 642 1568 673 ὖντος
1590 641 1769 677 ἀναιρεθῆναι
1784 649 1791 657 ·
1814 640 1896 668 θανά-

1099 687 1137 722 τῷ
1153 688 1325 715 Θανατώσετε
1340 688 1434 716 αὐτόν.
1455 698 1466 716 ν

1137 742 1146 758 ι
1163 734 1281 766 Δικαίως
1297 734 1326 760 τὺ
1338 734 1444 762 δίκαιον
1457 733 1576 767 διώξεις,
1598 744 1607 761 ι

1138 832 1147 848 ι
1167 822 1223 849 Οὐκ
1237 822 1378 858 ὲπιγνώσῃ
1393 822 1539 858 πρόσωπον
1559 823 1588 849 ὲν
1612 822 1719 858 κρίσει·
1753 823 1824 850 κατὰ
1846 823 1894 850 τὴν

1065 861 1086 891 Β
1102 868 1211 904 μικρὸν,
1229 867 1358 894 καὶκατὰ
1375 868 1421 895 τὸν
1438 868 1526 903 μέγαν
1546 869 1649 904 κρινεῖς
1664 876 1671 882 ·
1697 868 1727 894 οὐ
1759 868 1796 903 μὴ
1825 869 1894 895 ὑπο-

1101 914 1194 951 στείλῃ
1205 914 1352 950 πρόσωπον
1366 913 1523 949 ἀνθρώπου,
1540 914 1581 941 ὅτι
1602 915 1618 950 ἡ
1645 913 1735 949 κρίσις
1754 913 1801 941 τοῦ
1822 913 1892 941 Θειῦ

1097 961 1181 988 ἐστιν.
1201 972 1211 988 ι

1135 1017 1145 1033 ι
1165 1006 1222 1035 Οὔκ
1239 1007 1372 1039 ἐκκλινεῖς
1386 1007 1476 1042 κρίσιν
1486 1008 1668 1044 προσηλύτου,
1681 1008 1729 1035 καὶ
1758 1007 1890 1043 ὀρφανοῦ,

1098 1054 1144 1080 καὶ¹
1160 1054 1259 1089 χήρας,
1276 1053 1322 1080 καὶ
1337 1054 1388 1080 οὐκ
1399 1054 1587 1089 ὲνεχυριάσεις
1598 1053 1706 1089 ἱμάτιον
1722 1052 1820 1089 χήρας.
1839 1062 1848 1078 ι

1134 1109 1143 1126 ‹
1165 1100 1431 1135 Ἐπικατάρατος,ὓς
1446 1100 1492 1127 ἐὰν
1508 1100 1580 1136 λάϐῃ
1595 1099 1681 1136 δῶρα,
1702 1100 1750 1126 καὶ¹
1779 1099 1891 1135 πατάξῃ

1095 1145 1184 1182 ψυχὴν
1215 1147 1330 1182 αἵματος
1344 1146 1451 1173 ἀθὼου·
1475 1147 1522 1173 καὶ
1546 1147 1605 1179 ὲρεί
1620 1147 1674 1178 πᾶς
1698 1146 1715 1172 ὁ
1743 1145 1815 1177 λαὸς,
1841 1145 1890 1172 Γέ-

1095 1201 1177 1219 νοιτο.
1204 1193 1420 1228 Ἐπικατάρατος
1442 1194 1496 1225 πᾶς
1529 1193 1559 1225 ὃς
1583 1192 1630 1220 ἐὰν
1660 1192 1773 1228 ὲκκλίνῃ
1797 1191 1890 1228 κρίσιν

1095 1239 1278 1275 προσηλύτου,
1292 1241 1340 1267 καὶ
1349 1240 1481 1276 ὀρφανοῦ,
1493 1240 1542 1267 καὶ
1554 1240 1641 1276 χήρας
1652 1248 1659 1254 ·
1680 1239 1728 1266 καὶ
1757 1239 1816 1273 ἐρεῖ
1831 1237 1888 1269 πᾶς

1093 1284 1108 1310 ό
1122 1284 1194 1318 λαὸς,
1212 1284 1328 1313 Γένοιτο.
1349 1295 1358 1311 ι

1131 1385 1140 1402 ι
1158 1376 1306 1409 Καθίσατε,
1339 1376 1385 1403 καὶ
1412 1376 1450 1412 μὴ
1465 1376 1507 1412 εἴη
1524 1376 1627 1408 ἄδικον,
1656 1375 1704 1402 καὶ
1722 1375 1762 1411 τῷ
1788 1375 1888 1410 δικαέῳ

1093 1422 1268 1458 συνέρχεσθε.
1292 1433 1301 1449 ι
1752 1442 1760 1449 .

1129 1477 1139 1492 ι
1157 1467 1284 1504 Καθαρὺς
1302 1468 1396 1504 χερσὶν
1419 1467 1549 1496 ἀναλάϐοι
1579 1467 1695 1503 Θάρσος·
1714 1467 1814 1494 ἀδίκων
1836 1467 1886 1493 καὶ

1092 1513 1200 1549 ἀνόμων
1216 1514 1409 1548 καταγελάσει.
1427 1523 1436 1540 ι

1129 1569 1139 1585 ι
1165 1560 1325 1596 ’Ἄνθρωπον
1351 1560 1381 1587 οὺ
1406 1560 1443 1596 μὴ
1468 1559 1616 1595 αἱσχυνθῶ,
1645 1559 1714 1586 ἀλλὰ
1741 1553 1794 1594 μῆν
1822 1558 1886 1586 οὐδὲ

1092 1604 1186 1640 βροτὸν
1201 1606 1232 1632 οὐ
1249 1606 1286 1641 μὴ
1300 1605 1436 1640 ὲντραπῶ.
1450 1606 1518 1632 Οὐδὲ
1535 1606 1590 1640 γὰρ
1606 1605 1757 1640 ἐπίσταμαι
1779 1605 1885 1639 θαυμά‹

1092 1659 1136 1678 σαι
1150 1651 1306 1685 πρόσωπον.
1322 1651 1353 1677 El
1369 1651 1396 1677 δὲ
1412 1652 1459 1686 μὴ,
1475 1651 1523 1677 καὶ
1536 1651 1586 1685 ἐμὲ
1597 1651 1678 1685 σῆτες
1690 1650 1805 1677 ἔδονται.
1817 1659 1827 1676 ι

1128 1706 1137 1722 ι
1158 1696 1238 1733 Δῶρα
1251 1697 1295 1723 ἐπ’
1308 1696 1407 1729 ἀθώοις
1421 1697 1471 1724 οὐκ
1488 1696 1595 1724 ἔλαϐεν.
1621 1697 1651 1723 '0
1675 1696 1761 1724 ποιῶν
1784 1696 1883 1729 ταῦτα,

1089 1742 1119 1769 οὗ
1137 1742 1332 1778 σαλευθήσεται
1345 1743 1385 1775 είς
1399 1743 1445 1770 τὸν
1459 1742 1557 1771 αἰῶνα.
1580 1753 1590 1769 ι

1126 1850 1136 1866 ι
1154 1841 1293 1877 Μακάριοι
1305 1842 1328 1868 oi
1344 1841 1530 1877 φυλάσσοντες
1551 1842 1653 1878 κρίσιν,
1679 1841 1726 1868 καὶ
1739 1840 1882 1872 ποιοῦντες

1086 1888 1260 1924 δικαιοσύνην
1274 1890 1302 1915 ὲν
1318 1889 1401 1916 παντὶ
1416 1888 1514 1924 καιρῷ.
1534 1898 1542 1914 ι

1125 1943 1134 1959 ι
1158 1934 1266 1968 Ἀνοιγε
1282 1935 1328 1961 σὺν
1340 1934 1440 1969 στόμα,
1457 1934 1504 1961 καὶ
1517 1934 1593 1969 κρίνε
1607 1934 1696 1961 πάντα
1719 1932 1842 1965 δικαίως.
1866 1943 1877 1959 ι

1123 2031 1131 2046 ι
1159 2021 1187 2048 '0
1202 2021 1289 2056 μισῶν
1304 2021 1399 2058 δώρων
1415 2022 1522 2059 λήψεις,
1538 2023 1666 2055 σώζεται.
1688 2033 1697 2050 ι

1123 2119 1132 2136 ε
1150 2111 1360 2146 Κτῆμαλτίμιον
1373 2111 1443 2147 ἀνὴρ
1453 2111 1583 2148 καθαρός.
1606 2121 1614 2137 ι

1124 2165 1133 2181 ι
1147 2156 1286 2183 Λὶδείσοαι
1302 2157 1450 2191 πρόσωπον
1464 2157 1493 2182 ὲν
1509 2156 1610 2192 κρίσει,
1627 2156 1657 2183 οὐ
1675 2156 1769 2184 καλόν.
1790 2166 1800 2182 ι

1121 2254 1130 2270 ‹
1153 2245 1196 2271 Ἐν
1210 2244 1302 2280 τούτῳ
1310 2245 1462 2280 καυχάσθω
1473 2245 1487 2271 ὀ
1499 2245 1688 2280 καυχώμενος,
1712 2245 1740 2271 ὲν
1753 2244 1792 2280 τῷ
1811 2253 1878 2271 συν-

1084 2290 1133 2317 ιεῖν
1143 2291 1190 2317 καὶ
1203 2290 1349 2324 γινώσκειν
1361 2291 1406 2317 τὸν
1420 2290 1533 2326 Κύριον,
1546 2291 1594 2318 καὶ
1609 2292 1696 2317 ποιεῖν
1709 2293 1796 2326 χρῖμα
1824 2292 1874 2318 καὶ

1080 2335 1255 2371 δικαιοσύνην
1274 2337 1302 2362 ὲν
1315 2336 1391 2372 μέσῳ
1401 2337 1453 2371 τῆς
1465 2337 1528 2372 γῆς.
1547 2346 1556 2362 ι

1118 2391 1127 2408 ι
1151 2380 1218 2409 Εἴπε
1232 2383 1358 2418 Σαμουὴλ
1370 2384 1439 2418 πρὸς
1456 2383 1544 2409 πάντα
1555 2382 1675 2418 Ἰσραήλ·
1689 2383 1866 2419 ’Δποκρίοησσ

1079 2427 1219 2463 κατ’ὲμοῦ
1235 2428 1350 2455 ὲνώπιον
1359 2429 1463 2464 Κυρίου
1480 2437 1487 2444 ·
1505 2428 1606 2464 μόσχον
1624 2429 1696 2460 τίνος
1720 2429 1830 2464 εἴληφα,
1846 2429 1863 2464 ἢ

1079 2474 1150 2506 ὄνον,
1168 2474 1184 2510 ἢ
1199 2474 1454 2506 καταδυναστεύσας
1480 2474 1563 2509 ὑμᾶς.
1597 2474 1777 2509 Ἀποκρίοητε
1803 2473 1866 2501 κιτ¹

1078 2520 1156 2555 ἐμοῦ.
1165 2521 1220 2547 Καὶ
1232 2517 1312 2547 εἶπαν
1323 2520 1392 2556 πρὸς
1406 2520 1533 2555 Σαμουήλ
1548 2528 1555 2535 '
1567 2520 1623 2546 Οὐκ
1637 2520 1769 2556 ἠδίκησας
1779 2521 1863 2556 ήμίτ,

1077 2566 1135 2592 οὐδὲ
1149 2565 1265 2601 εἴληφας
1283 2566 1314 2593 ὲκ
1327 2566 1418 2602 χειρὸς
1434 2566 1513 2602 ὴμῶν
1522 2565 1609 2593 οὐδέν.
1627 2576 1637 2593 ι

1112 2673 1122 2689 ι
1145 2661 1213 2690 Ε’ίπε
1233 2664 1337 2700 Κύριος
1366 2664 1435 2700 πρὸς
1463 2664 1608 2699 Σολομῶν·
1627 2664 1697 2691 ’Λνθ¹
1712 2660 1751 2691 ὧν
1771 2664 1866 2699 ᾐτήσω

1075 2710 1141 2745 παρ’
1170 2710 1237 2746 ἐμοῦ
1265 2711 1295 2737 τὸ
1317 2711 1393 2746 ῥῆμα
1416 2712 1505 2744 τοῦτο,
1528 2712 1576 2738 καὶ
1597 2711 1647 2737 οὐκ
1667 2711 1762 2747 ⁴ᾐτήσω
1775 2711 1866 2746 ἑαυτῷ
1908 2719 1917 2724 δ

1073 2758 1181 2793 ἡμέρας
1201 2758 1317 2789 πολλὰς,
1343 2758 1404 2785 οὐδὲ
1420 2757 1546 2791 πλοῦτον,
1566 2758 1628 2785 οὐδὲ
1652 2757 1742 2793 ψυχὰς
1758 2756 1867 2793 ἐχθρῶν

1073 2812 1131 2836 σου,
1141 2804 1297 2841 ἀλλ’ῂτήσω
1313 2805 1402 2841 ἑαυτῷ
1416 2805 1523 2832 σύνεσιν
1531 2805 1577 2832 τοῦ
1586 2805 1740 2832 εἰσακούειν
1758 2806 1847 2840 κρῖμα
1859 2813 1867 2822 ·

1075 2849 1129 2876 ίδοὺ
1145 2849 1248 2878 δέδωκά
1261 2858 1301 2878 σοι
1317 2851 1429 2886 καρδὶαν
1455 2853 1590 2886 φρονίμην
1624 2851 1671 2879 διαὶ
1701 2851 1798 2886 σοφήν.
1822 2850 1868 2883 Ὧς
