2074 3115
195 160 264 194 1389
290 139 305 151 ’

822 159 941 190 SACRA
961 159 1194 190 PARALLELA-

1719 151 1722 154 '
1760 161 1829 193 1390

194 217 226 242 σὺ
256 215 286 242 οὺ
315 206 604 249 γέγονεν-ἔμπροσθέν
628 220 687 246 σου,
710 212 757 238 καὶ
783 212 854 247 μετὰ
883 213 912 239 σὲ
937 213 987 241 οὐκ

1041 212 1167 248 ιειιὶιςοιιε
1179 217 1206 239 et
1228 212 1351 247 sapiens,
1375 212 1402 240 in
1425 218 1544 248 tantum,
1563 218 1592 241 ut
1608 215 1703 243 nuilus
1723 220 1788 244 ante
1803 221 1832 245 te

193 262 280 289 ἔσται.
302 270 312 286 1

231 317 242 334 1
259 306 327 335 Εἴπε
343 308 402 338 ταῖς
413 306 536 341 γυναιξὶν
551 307 565 333 6
579 305 706 341 βασιλεὺς
729 305 856 341 Σολομῶν
868 314 875 322 ·
891 305 929 332 Σὺ
940 299 985 332 λέ-

193 363 254 389 γεις
276 355 318 381 ὅτι
334 354 348 380 6
373 353 430 385 υἱός
451 361 499 379 σου
524 353 538 379 6
565 352 629 385 ζῶν,
647 352 694 379 καὶ
707 351 811 387 ταύτης
823 352 838 378 6
853 351 910 383 υἱὸς
922 352 936 378 6
947 360 988 377 τε·

194 400 303 436 Θνηκῶς
312 400 382 433 ,Καὶ
395 397 472 427 εἶπεν
484 400 498 426 6
510 398 638 434 βασιλεὺς
647 406 655 414 '
667 398 771 426 Λάϐετέ
780 406 826 433 μοι
839 398 984 433 μάχαιραν.

194 446 250 474 Καὶ
257 446 447 482 προσήνεγκαν
455 445 571 472 ἐνώπιον
578 445 626 472 τοῦ
635 444 768 480 βασιλέως
777 443 924 479 μάχαιραν.
932 443 987 470 Καὶ

194 491 272 520 εἶπεν
285 493 299 519 6
310 491 568 528 βασιλεύς-Διέλετε
578 491 610 518 τὸ
631 490 737 518 παιδίον
761 489 792 516 τὸ
808 489 862 522 ζῶν
879 489 919 520 εἰς
929 487 986 522 δύο,

195 539 243 566 καὶ
255 538 314 565 δότε
325 538 355 565 τὺ
365 539 453 573 ἥμισυ
470 536 553 564 αὑτοῦ
573 536 659 572 ταύτῃ
668 557 674 569 ,
690 536 739 563 καὶ
753 535 784 562 τὸ
797 535 886 570 ἥμισυ
901 533 985 560 αὑτοῦ

195 584 297 620 ἐκείνῃ.
310 584 367 611 Καὶ
378 582 517 619 ἀπεκρίθη
529 580 665 618 ήγυνὴῆς
680 580 714 618 ἦν
726 583 741 608 6
751 581 807 614 υἱὸς
821 581 836 607 6
849 580 915 614 ζῶν,
939 579 987 607 καὶ

195 627 258 657 εἷπε
271 629 340 665 πρὸς
357 629 402 655 τὸν
420 629 543 664 βασιλέα,
564 629 605 655 ὅτι
619 627 755 663 ἐταράχθη
780 627 797 663 ἡ
827 627 920 663 μήτρα
931 626 986 653 ⁷αὺ-

196 675 246 710 τῆς
256 684 264 692 ·
278 675 430 710 Μηδαμῶς,
447 674 537 710 κύριε,
553 673 598 705 δὸς
611 674 678 709 αὐτῇ
696 673 727 699 τὸ
741 672 856 704 παιδίον,
875 672 922 699 καὶ
937 671 988 698 θα-

196 721 269 756 νάτῳ
287 720 324 756 μὴ
340 719 516 755 θανατώσητε
547 719 623 746 αὑτό.
639 719 696 746 Καὶ
716 718 785 754 αὕτη
803 714 865 744 εῐπε
878 726 887 743 ε
907 717 986 753 Μήτε

196 766 273 802 ὲμὺν,
302 767 372 802 μήτε
396 766 482 802 αὐτῆς
509 765 597 792 ἐστωυ
620 765 723 792 διέλετε
754 763 830 791 αὐτό,
852 763 908 791 Καὶ
931 764 986 790 ἀπ-

196 812 295 848 εκρίθη
310 813 325 838 6
341 811 477 848 βασιλεύς·
497 812 561 838 Δότε
573 811 603 838 τὺ
614 811 719 838 παιδίον
734 811 768 846 τῇ
789 810 873 846 μητρὶ
889 811 923 845 τῇ
948 809 987 836 εἰ·

197 858 297 894 πούσῃ,
312 858 376 885 Δότε
392 859 462 894 αὐτῇ
479 857 568 889 τοῦτο,
589 858 637 883 καὶ
667 856 776 892 θανάτῳ
802 855 840 891 μὴ
865 854 987 882 θανατὼ-

199 912 265 938 σητε
279 903 354 936 αὐτὸ,
373 904 413 930 ὃτι
424 902 494 938 αὕτη
509 903 525 938 ή
541 902 635 938 μήτηρ
646 901 739 928 αὐτοῦ.
764 910 773 926 1

235 959 245 975 1
263 948 468 984 Κρϊμαδίκαιον
484 947 602 984 κρίνετε.
614 947 720 982 Χήραν,
737 946 784 973 καὶ
798 945 925 981 ὀρφανὸν,
943 944 991 971 καὶ

198 995 376 1031 προσήλυτον,
387 994 434 1020 καὶ
453 993 557 1029 πένητα
578 992 616 1029 μὴ
632 991 892 1019 καταδυναστεύετε.
908 999 918 1016 1

238 1093 248 1108 1
271 1083 342 1110 Τάδε
357 1083 432 1118 λέγει
449 1081 571 1118 Κύριος·
592 1081 750 1115 Φυλάξασοε
766 1080 868 1115 κρίσιν,
889 1080 992 1106 ποιεῖτε

197 1129 244 1156 καὶ
259 1129 442 1163 δικαιοσύνην.
462 1128 605 1164 Μακάριος
618 1128 633 1154 6
648 1127 732 1154 ποιῶν
749 1125 845 1157 ταῦτα,
861 1125 908 1152 καὶ
924 1125 992 1151 ἀντ-

197 1175 327 1210 εχόμενος
359 1174 448 1201 αὐτῶν
478 1175 525 1200 καὶ
553 1172 688 1209 διατηρῶν
719 1172 769 1204 τὰς
794 1172 887 1207 χεῖρας
909 1170 991 1197 αὑτοῦ

203 1220 243 1256 μὴ
259 1221 347 1246 ποιεῖν
365 1219 457 1247 ἀδικσ.
477 1229 486 1245 1

236 1275 246 1291 1
269 1265 453 1301 Ἐκξητήσατε
465 1265 566 1301 κρίσιν,
580 1264 700 1300 ῥύσασθε
719 1264 906 1300 ἀδικούμενον,
928 1264 990 1299 κρί-

198 1318 261 1337 νατε
287 1309 417 1344 ὀρφανὸν,
433 1310 480 1336 καὶ
507 1309 672 1336 δικαιώσατε
700 1309 808 1345 χήραν,
833 1309 879 1336 καὶ
901 1308 989 1342 δεῦτε,

197 1357 246 1384 καὶ
262 1355 457 1392 διαλεχθῶμεν,
476 1356 549 1390 λέγει
565 1355 677 1391 Κύριος.
691 1364 701 1380 1

237 1459 246 1476 1
265 1449 438 1484 Ἐνεπλήσθη
465 1447 536 1475 Σιὼν
567 1447 686 1483 κρίσεως
719 1446 767 1473 καὶ
796 1444 988 1479 δικαιοσύνης*

197 1497 258 1523 ἐκεῖ
274 1495 355 1530 σοφία
369 1495 417 1522 καὶ
432 1494 560 1520 εὐσέϐεια
576 1492 644 1528 πρὸς
660 1491 727 1518 Θεὸν
739 1499 746 1506 ·
771 1488 845 1518 οὗτοι
869 1490 922 1517 εἰσι
940 1490 989 1525 θη-

200 1541 295 1576 σαυροὶ
305 1539 491 1575 δικαιοσύνης.
513 1549 522 1565 1

238 1596 248 1612 1
265 1585 415 1620 Εὑλογήσει
427 1593 457 1611 σε
472 1585 486 1610 6
503 1584 567 1615 λαὸς
583 1583 596 1609 6
615 1582 733 1617 πτωχὸς,
751 1582 799 1608 καὶ
823 1581 916 1613 πόλεις
944 1581 990 1608 ἁν-

199 1632 317 1668 θρώπων
329 1629 514 1664 ἀδικουμένων
530 1628 708 1664 εὐλογήσουσί
734 1635 774 1654 σε.
797 1627 907 1661 Ἐγένου
936 1627 990 1662 γὰρ

201 1679 275 1713 πάσῃ
295 1677 371 1704 πόλει
386 1677 501 1711 ταπεινῇ
519 1675 626 1710 βοηθὸς,
642 1675 689 1701 καὶ
703 1675 758 1706 τοῖς
774 1674 933 1710 ἀθυμήσασι
957 1673 990 1699 δι’

205 1724 309 1751 ἔνδειαν
326 1722 416 1757 σκέπη
429 1730 436 1737 ·
449 1721 503 1748 ἀπὺ
518 1721 671 1756 ἀνθρώπων
693 1719 818 1755 πονηρῶν
843 1719 924 1756 ῥῦσαι
940 1719 989 1746 αὺ-

200 1770 273 1801 τούς.
290 1769 383 1804 Σκέπη
393 1768 532 1803 διψώντων
546 1767 594 1794 καὶ
620 1767 730 1802 πνεῦμα
752 1765 905 1802 ἀνθρώπων
932 1765 990 1792 ἁδι-

201 1816 352 1851 κουμένων,
368 1813 547 1850 εὐλογήσουσι
563 1822 602 1839 σε.
624 1822 633 1838 1

239 1914 248 1930 1
271 1903 341 1931 Τάδε
353 1903 427 1938 λέγει
444 1902 546 1938 Κύριος
559 1911 566 1918 ·
587 1901 705 1937 Κρίνατε
729 1899 812 1936 πρωῒ,
832 1901 880 1928 καὶ
910 1900 990 1927 εὐθύ-

201 1959 276 1982 νατε,
308 1949 355 1977 καὶ
382 1949 506 1981 ἑξέλεσοε
532 1947 738 1983 διηρπασμένων
760 1947 793 1973 ὲκ
813 1946 905 1982 χειρὸς
933 1947 990 1973 ἀδι-

202 1996 314 2028 κοῦντος
326 1995 407 2022 αὐτόν
420 1995 508 2026 ’ὅπως
523 1994 560 2029 μὴ
575 1993 682 2028 ἁναφθῇ
697 1993 734 2024 ὡς
747 1992 830 2027 πῦρὴ
843 1992 911 2027 ὀργή
927 2001 988 2027 μου,

202 2043 247 2070 καὶ
256 2042 432 2077 καυθήσεται,
446 2041 493 2067 καὶ
508 2041 559 2067 οὐκ
573 2039 649 2067 ἔσται
663 2039 677 2065 6
693 2038 798 2072 σώζων.
818 2048 828 2064 ι

239 2140 250 2157 1
262 2130 445 2166 Προσήλοτον,
465 2130 512 2156 καὶ
525 2129 654 2165 ὀρφανὸν,
672 2130 720 2157 καὶ
738 2130 827 2165 χήραν
843 2129 882 2164 μὴ
905 2137 990 2156 κατα-

199 2176 388 2209 δυναστεύετε,
402 2175 501 2212 καὶμὴ
522 2175 656 2208 ἀσεϐεῖτε,
681 2175 728 2202 καὶ
753 2172 823 2210 αἷμα.
845 2173 935 2201 ἀθῶον
951 2174 988 2209 μὴ

200 2223 320 2258 ἐκχέετε.
342 2232 351 2248 1

239 2278 248 2295 1
270 2268 388 2295 Ἀδικίαν
399 2269 446 2295 καὶ
458 2267 649 2302 ταλαιπωρίαν
660 2267 805 2302 ἀφέλεσθε,
835 2267 923 2302 κρῖμα
940 2267 988 2293 καὶ

199 2315 373 2350 δικαιοσύνην
395 2315 498 2341 ποιεῖτε
518 2322 524 2329 ·
542 2313 646 2346 ὲξέλετε
673 2312 905 2340 καταδυναστείαν
933 2312 987 2338 ἀπὸ

200 2360 247 2387 τοῦ
259 2360 324 2387 λαοῦ
339 2368 399 2396 μου,
414 2359 487 2394 λέγει
500 2359 614 2394 Κύριος.
632 2368 641 2385 1

238 2415 247 2432 1
270 2406 370 2433 Ἀοώον
388 2406 434 2434 καὶ
447 2405 550 2432 δίκαιον
563 2405 613 2431 οὐκ
628 2405 800 2436 ἀποκτενεῖς.
811 2414 821 2430 1

191 2489 194 2491 ’
237 2499 245 2516 ι
260 2491 318 2517 Οὐκ
336 2490 394 2518 ἐστι
407 2492 485 2528 παρὰ
501 2493 534 2528 τῇ
546 2491 662 2528 ἀληθείᾳ
677 2492 902 2528 προσωποληψίοι.
918 2503 927 2518 1

237 2589 247 2606 1
264 2581 438 2616 ’Δγαπήσατε
451 2583 624 2618 δικαιοσύνην
644 2583 669 2610 οί
687 2583 827 2619 κρίνοντες
838 2583 887 2619 τὴν
905 2583 982 2618 γῆν.»

235 2678 247 2696 1
265 2670 388 2706 Δήψεται
404 2672 555 2699 πανοπλίαν
570 2673 616 2699 τὸν
635 2673 715 2708 ζῆλον
729 2673 811 2700 αὑτοῦ
821 2681 829 2688 ·
847 2672 986 2701 ἐνδύσεται

198 2716 312 2752 θώρακα
327 2716 511 2752 δικαιοσύνην.
526 2719 574 2745 καὶ
589 2718 771 2754 περιθήσεται
793 2719 897 2754 κόρυθα
923 2719 984 2753 κρί-

199 2771 241 2790 σιν
259 2762 452 2797 ἀνυπόκριτον.
488 2763 611 2798 Λήψεται
638 2765 740 2791 ἀσπίδα
768 2765 984 2800 ἀκαταμάχητον

197 2809 334 2843 ὁσιότητα.
350 2817 361 2835 1

234 2862 246 2881 1
266 2854 318 2888 Mi],
332 2853 418 2888 λάδης
437 2854 583 2889 πρόσωπον
599 2855 746 2892 δυνάστου.
772 2856 845 2888 Ἕως
869 2856 983 2886 θανάτου

1038 258 1138 286 similis
1157 257 1195 285 tui
1210 257 1304 290 fuerit,
1317 265 1368 285 nec
1385 263 1447 294 post
1463 263 1489 286 te
1503 259 1614 287 futurus
1632 260 1678 288 sit.
1701 270 1710 287 1

1074 303 1120 331 lh
1140 302 1248 338 Reg.1u,
1263 303 1360 330 25-27.
1375 318 1411 325 ——-
1425 313 1434 329 1
1453 303 1527 331 Dixit
1542 305 1704 334 mulieribus
1718 314 1764 335 rex
1775 301 1838 335 Sas'

1039 347 1131 376 iomon
1145 357 1151 375 :
1169 349 1210 376 Tu
1226 348 1311 381 dicis,
1331 348 1405 384 quod
1421 348 1493 377 filius
1505 355 1569 377 tuus
1585 350 1662 383 vivit,
1677 351 1751 380 illius
1762 359 1828 380 vero

1038 393 1111 421 filius
1124 394 1148 422 is
1163 398 1207 422 est
1225 394 1272 430 qui
1287 398 1414 424 mortuus
1429 392 1494 423 est?
1515 394 1547 421 Et
1563 394 1633 423 dixit
1649 404 1696 424 rex
1708 405 1716 425 :
1728 397 1831 426 Alferte

1037 442 1105 469 mihi
1117 442 1250 477 gladium.
1261 441 1292 469 Et
1302 442 1454 470 attulerunt
1467 442 1586 478 gladium
1602 451 1696 471 coram
1710 452 1784 480 rege.
1797 444 1832 472 Ει

1037 488 1108 516 dixit
1120 495 1168 517 rex
1183 497 1190 516 :
1209 487 1328 516 Dividite
1344 488 1477 515 infantem
1492 488 1585 516 vivum
1598 489 1626 516 in
1645 490 1713 518 duas
1725 495 1830 525 partes,

1037 540 1064 562 et
1076 534 1139 562 date
1151 534 1295 562 dimidiam
1313 539 1419 569 partem
1438 534 1498 567 uni,
1518 539 1545 562 et
1564 535 1709 563 dimidiam
1725 542 1831 571 partem

1038 579 1128 607 alteri.
1145 579 1177 607 Et
1196 580 1341 615 respondit
1354 581 1464 612 mulier,
1479 581 1560 616 cujus
1573 584 1635 609 erat
1652 581 1725 610 Illius
1737 582 1830 615 vivus.

1038 625 1072 652 ad
1091 633 1184 661 regem
1205 626 1249 661 (eo
1262 626 1335 661 quod
1353 631 1491 654 commota
1504 631 1599 654 essent
1611 627 1721 655 viscera
1736 627 1808 663 ejus)
1822 636 1830 654 :

1037 671 1227 707 Nequaquam,
1251 671 1378 705 domine;
1403 672 1438 699 da
1470 671 1509 699 illi
1527 671 1660 700 infantem
1677 672 1781 707 vivum,
1805 678 1834 700 et

1038 716 1123 744 nolite
1142 716 1300 744 interﬁcere
1313 724 1388 744 eum.
1400 716 1448 744 illa
1464 725 1529 745 vero
1544 717 1636 745 aiebat
1653 726 1660 744 :
1676 717 1733 746 Nec
1749 719 1829 750 mihi,

1037 769 1089 790 nec
1103 761 1152 789 tibi
1166 762 1214 794 sil,
1228 761 1344 790 dividite
1358 770 1431 790 eum.
1452 761 1486 790 Et
1505 763 1648 797 respondit
1664 770 1712 790 rex
1730 772 1737 790 :
1759 762 1826 790 Date

1039 807 1170 836 infantem
1188 808 1271 835 matri
1295 815 1357 843 quae
1373 808 1463 841 dixit,
1494 808 1560 836 Date
1580 816 1640 836 eum
1668 808 1750 844 ΜΞ
1768 809 1822 840 illi,

1039 860 1090 881 nec
1107 857 1196 881 morte
1223 854 1396 882 interﬁcietis
1410 861 1483 882 eum.
1506 854 1568 889 Ipsa
1583 855 1657 882 enim
1676 858 1719 882 est
1738 861 1826 882 mater

1041 899 1126 927 illius.
1147 909 1156 925 1

1076 944 1159 972 Zach.
1182 952 1239 976 vII,
1259 946 1287 973 9.
1309 961 1344 965 —
1369 955 1378 971 1
1396 945 1508 973 iustum
1533 945 1669 981 judicium
1697 945 1831 981 judicate.

1040 990 1177 1022 Viduam,
1201 995 1227 1017 et
1243 990 1391 1025 pupillum,
1417 994 1444 1018 et
1464 991 1617 1025 advenam,
1638 996 1664 1019 et
1684 999 1832 1028 pauperem

1041 1045 1075 1065 ne
1090 1037 1264 1072 opprimatis.
1287 1045 1296 1063 1

1076 1083 1133 1110 11a.
1150 1079 1209 1116 ινί,
1224 1083 1249 1110 1.
1265 1097 1299 1103 —
1316 1092 1326 1108 1
1345 1082 1407 1111 Haec
1421 1083 1490 1111 dicit
1505 1083 1641 1112 Dominus
1659 1093 1666 1111 :
1682 1084 1831 1113 Custodite

1039 1128 1184 1164 judicium,
1202 1132 1230 1156 et
1245 1128 1330 1156 facite
1343 1129 1492 1164 justitiam.
1504 1129 1603 1157 Beatus
1617 1129 1665 1165 qui
1683 1130 1750 1159 facit
1763 1130 1831 1161 hzcc.

1040 1178 1068 1201 et
1082 1173 1129 1208 qui
1144 1173 1245 1200 retinet
1258 1173 1322 1205 ista,
1339 1178 1366 1201 et
1381 1177 1476 1202 servat
1491 1181 1591 1202 manus
1603 1181 1681 1209 suas,
1698 1175 1834 1203 nefaciat

1041 1219 1226 1254 iniquitatem.
1243 1228 1253 1244 1

1077 1263 1134 1292 11a.
1153 1273 1173 1297 ι,
1196 1264 1240 1291 17.
1257 1279 1292 1286 --
1308 1273 1318 1290 1
1336 1265 1458 1298 Quaerite
1474 1264 1607 1300 judicium
1620 1285 1627 1298 ,
1644 1265 1746 1301 eripite
1769 1274 1832 1294 eum

1041 1310 1087 1345 qui
1102 1310 1233 1346 injuriam
1252 1310 1369 1345 patitur,
1382 1310 1503 1346 judicate
1515 1311 1661 1346 pupillum,
1680 1312 1834 1347 justiﬁrate

1041 1356 1151 1384 viduam
1169 1365 1176 1383 :
1195 1360 1222 1385 et
1238 1357 1341 1390 venite,
1355 1360 1384 1384 et
1403 1356 1609 1393 disceptemus,
1641 1357 1712 1386 dicit
1741 1359 1834 1387 Domi-

1041 1410 1103 1431 nus.
1122 1412 1132 1429 ι

1076 1446 1134 1474 Isa.
1153 1455 1250 1481 xxxm,
1272 1447 1298 1474 5.
1312 1462 1348 1467 —
1367 1456 1376 1473 1
1396 1446 1510 1482 Repieta
1531 1451 1575 1475 est
1594 1447 1661 1476 Sion
1684 1448 1792 1483 judicio
1803 1455 1833 1478 et

1039 1491 1147 1526 justitia
1165 1500 1172 1518 :
1190 1492 1246 1519 illic
1265 1492 1401 1527 sapientia
1423 1496 1450 1520 et
1462 1493 1550 1527 pietas
1567 1493 1640 1528 apud
1659 1493 1755 1524 Deum.
1784 1495 1832 1524 Isti

1041 1541 1106 1564 sunt
1130 1537 1254 1565 thesauri
1267 1537 1393 1572 justitiae.
1413 1546 1422 1562 1

1080 1582 1137 1610 lca.
1166 1590 1229 1614 xxv,
1247 1583 1275 1614 5,
1290 1583 1317 1609 Δ.
1334 1597 1370 1603 -—
1386 1591 1396 1608 1
1413 1582 1563 1612 Bcncdicet
1579 1588 1605 1611 te
1625 1585 1745 1621 populus
1763 1593 1831 1621 pau-

1044 1635 1105 1663 per,
1126 1631 1155 1654 et
1175 1627 1298 1655 civitates
1315 1628 1459 1656 hominum
1488 1629 1661 1665 iniquitatem
1687 1631 1831 1659 sustinen-

1044 1674 1113 1702 tium
1127 1673 1291 1701 henedicent
1303 1678 1338 1701 te.
1356 1673 1445 1702 Fuisti
1465 1675 1540 1703 enim
1556 1676 1631 1703 omni
1653 1676 1760 1705 civitati
1779 1678 1831 1705 lm-

1044 1719 1103 1747 mili
1119 1719 1280 1753 auxiliator,
1304 1724 1332 1747 et
1348 1719 1476 1748 tristibus
1496 1726 1609 1756 propter
1628 1722 1748 1758 impiam
1767 1731 1832 1759 pro-

1044 1765 1128 1793 tectio
1144 1774 1151 1792 :
1167 1765 1201 1793 ab
1215 1766 1375 1794 hominibus
1393 1767 1521 1800 pessimis
1538 1767 1623 1795 libera
1638 1775 1696 1796 eos.
1714 1768 1833 1797 Umbra-

1043 1811 1136 1839 cuium
1150 1811 1313 1845 sitientium,
1327 1815 1355 1839 et
1369 1812 1482 1847 spiritus
1494 1812 1637 1840 hominum
1656 1814 1831 1850 iniquitatem

1044 1856 1241 1885 sustinentium
1256 1856 1420 1885 benedicth
1438 1861 1474 1884 te.
1494 1867 1503 1883 1

1077 1902 1177 1930 Jerem.
1191 1910 1249 1934 xxi,
1272 1903 1316 1929 i2.
1332 1917 1366 1924 —-
1382 1912 1391 1928 1
1410 1904 1472 1931 Haec
1492 1902 1560 1930 dicit
1577 1903 1711 1932 Dominus
1725 1913 1732 1930 :
1751 1904 1831 1932 Judi-

1043 1950 1103 1973 cate
1120 1952 1211 1978 mane,
1234 1949 1262 1973 et
1279 1950 1355 1974 recte
1383 1946 1484 1978 facite,
1501 1951 1528 1974 et
1544 1947 1644 1981 eripite
1667 1952 1776 1982 raptum
1796 1950 1831 1977 de

1043 1998 1127 2018 manu
1141 1990 1350 2018 calumniatoris
1366 2000 1372 2018 ι
1390 1996 1420 2019 ιιι
1445 2000 1499 2019 non
1515 1993 1683 2020 accendatur
1704 1997 1733 2020 ut
1758 1994 1831 2029 ignis

1043 2035 1086 2062 ira
1102 2043 1173 2067 mea,
1189 2038 1216 2063 et
1232 2035 1368 2069 ardescat,
1397 2041 1424 2063 et
1447 2045 1501 2064 non
1527 2037 1579 2065 erit
1595 2038 1641 2073 qui
1665 2039 1771 2066 salvum
1791 2039 1830 2066 fa-

1042 2080 1106 2108 ciat.
1127 2089 1136 2106 1

1077 2125 1176 2154 lenm.
1200 2135 1267 2160 χιιι,
1284 2127 1310 2154 5.
1327 2142 1361 2147 --
1381 2137 1391 2153 1
1411 2128 1561 2161 Adveuam,
1578 2133 1606 2157 et
1630 2129 1775 2164 pupillum,
1803 2136 1831 2158 et

1043 2171 1152 2199 viduam
1167 2171 1252 2198 nolite
1266 2172 1433 2206 opprimere,
1459 2180 1546 2208 neque
1575 2174 1659 2209 impie
1681 2175 1781 2209 agatis,
1803 2180 1831 2202 ct

1005 2225 1027 2253 υ
1042 2217 1202 2251 sanguinem
1223 2217 1397 2245 innocentem
1415 2225 1448 2246 ne
1463 2218 1622 2246 cﬂ'undatis.
1640 2229 1650 2244 1

1075 2261 1172 2290 Eua/1.
1191 2271 1252 2296 ην,
1272 2263 1299 2291 9.
1315 2278 1350 2283 ——-
1363 2273 1373 2289 1
1393 2263 1557 2298 lnjustitiam
1570 2270 1597 2293 et
1612 2273 1764 2293 aerumnam
1782 2274 1830 2293 au-

1039 2310 1118 2343 ferte,
1135 2311 1269 2346 judicium
1289 2311 1461 2346 etjustitiam
1473 2311 1568 2343 facite,
1585 2312 1692 2340 auferte
1711 2320 1828 2348 oppres-

1038 2355 1145 2383 sionem
1160 2363 1175 2382 a
1192 2355 1293 2390 populo
1309 2363 1381 2388 meo,
1392 2355 1459 2383 dicit
1475 2356 1620 2383 Dominus.
1636 2366 1646 2383 1

1075 2399 1146 2428 Dan.
1170 2407 1228 2432 xm,
1253 2400 1297 2427 55.
1308 2415 1343 2420 ——
1357 2409 1366 2425 1
1383 2400 1521 2429 lnsontem
1541 2406 1568 2429 et
1585 2401 1691 2436 justum
1705 2411 1759 2430 non
1779 2410 1826 2431 oc-

1039 2445 1122 2472 cides.
1142 2455 1151 2470 1

1075 2488 1123 2515 III
1137 2488 1217 2516 Esdr.
1238 2497 1275 2520 ιν,
1297 2489 1342 2517 59.
1358 2504 1390 2509 —-—
1412 2499 1421 2515 1
1438 2489 1496 2517 Non
1521 2495 1564 2518 est
1584 2492 1656 2526 apud
1684 2494 1826 2521 veritatem

1039 2535 1164 2570 acceptio
1179 2543 1367 2570 personarum.
1382 2545 1392 2561 1

1075 2580 1140 2614 Sap.
1155 2589 1174 2614 1,
1197 2583 1268 2608 |.—-
1289 2591 1297 2607 1
1314 2581 1423 2618 Diligitc
1448 2582 1594 2617 justitiam,
1622 2584 1669 2618 qui
1692 2584 1824 2618 judicatis
1851 2620 1855 2623 ι

1037 2631 1149 2654 terram.
1173 2636 1182 2653 1

1074 2673 1138 2707 Sap.
1166 2681 1198 2706 v,
1229 2673 1273 2700 i8.
1295 2688 1330 2694 —-
1357 2683 1365 2699 1
1384 2673 1508 2708 Accipiet
1538 2679 1705 2702 armaturam
1736 2675 1823 2703 zelum

1039 2727 1140 2747 suum:
1162 2715 1255 2747 induet
1280 2727 1329 2754 pro
1348 2719 1463 2747 thorace
1487 2720 1637 2755 justitiam,
1661 2724 1689 2748 et
1706 2722 1824 2757 accipiet

1037 2773 1087 2800 pro
1114 2765 1191 2800 galea
1213 2765 1349 2800 judicium
1374 2769 1493 2793 certum.
1522 2764 1619 2793 Sumet
1638 2770 1748 2794 scutum
1781 2767 1823 2794 in-

1037 2811 1220 2847 expugnabile
1235 2811 1401 2845 :equilatem.
1426 2820 1436 2838 1

1074 2857 1156 2885 Ecrli.
1169 2866 1205 2893 Iv,
1217 2857 1388 2894 27.—1_Noii
1398 2857 1525 2892 accipere
1533 2865 1678 2892 personam
1690 2857 1819 2893 potentis.
