2074 3115
236 145 306 179 1391

824 143 853 172 S.
873 141 1036 173 JOA‘NNIS
1059 142 1277 173 DAMASCENI

1804 138 1875 172 i392

238 203 330 238 Usque
345 201 377 230 ad
400 204 516 229 mortem
534 201 609 227 certa
631 206 685 234 pro
700 197 818 233 justitia‘,
848 203 874 225 et
892 197 1024 225 Dominus
1040 222 1042 228 λ

1096 198 1210 233 γώνισαι
1221 199 1291 234 ὑπὲρ
1306 199 1355 234 τῆς
1370 198 1508 235 ἀληθείας,
1522 198 1570 226 καὶ
1583 198 1685 235 Κῦριος
1703 199 1717 227 δ
1737 198 1804 232 Θεὸς
1821 209 1873 228 πο-

239 248 376 285 pugnabit
397 255 447 282 pro
463 250 502 273 te.
523 255 532 272 ›

274 293 357 320 Eccli.
376 299 454 325 xvm,
472 291 554 319 l5.—
569 299 579 316 ι
595 291 624 318 In
642 289 888 323 innoeentibusne
904 289 952 317 des
962 296 1030 325 que-

239 340 336 367 relam.
355 347 364 364 ι

277 384 358 411 Εεειὶ.
374 391 410 416 ιν,
429 382 474 410 26.
488 396 524 404 —
546 391 555 408 ι
571 381 611 410 Ne
632 381 753 416 accipias
764 388 914 417 personam
930 381 1029 409 adver-

239 437 289 457 sus
305 429 425 456 animam
443 431 530 455 tuam.
547 435 557 453 ι
911 427 913 429 ·

277 473 362 501 Eccli.
382 480 444 505 vni,
459 472 505 499 26.
523 486 558 492 —
575 481 584 498 ι
600 471 639 499 Ne
655 475 713 500 stes
727 474 824 499 contra
844 470 944 499 faciem
965 477 1030 498 con-

240 519 391 547 tumeliosi.
412 528 422 545 ι

277 565 362 592 Euli.
381 573 420 597 tv,
435 563 461 593 9.
477 579 511 584 ——
531 573 540 589 ι
557 563 656 590 Libera
673 569 735 590 eum
752 562 800 598 qui
816 562 945 597 injuriam
960 562 1032 597 pati-

239 618 286 638 tur
296 611 329 638 de
343 617 426 637 manu
441 608 638 637 calumniantis
656 617 662 636 :
679 612 707 636 et
727 615 760 636 ne
778 600 954 643 despondeas
969 608 1032 635 ani~

235 664 315 684 auum
333 656 398 683 dum
418 654 598 690 judicaveris.
620 662 630 680 ι

279 702 362 729 Eccli.
378 709 415 733 ιιι,
432 701 457 727 7.
470 715 506 720 -
523 710 532 726 ι
551 700 713 736 Priusquam
728 699 894 734 interroges,
908 706 941 726 ne
955 699 1032 726 vitu-

242 755 333 784 pet-es.
347 747 472 782 Intelligo
489 747 618 782 primum,
637 750 664 773 et
681 750 746 773 tunc
761 745 910 780 corripe.)

276 791 360 819 Eceli.
382 799 479 826 nun,
505 792 550 820 '54.
567 807 601 813 -
623 800 633 817 ι
651 791 717 819 Sine
742 791 870 819 examine
895 790 964 817 nihil
991 790 1031 817 fa-

243 846 311 867 ειεε.
331 847 340 864 ι

1082 245 1195 281 λεμήσει.
1209 245 1279 281 ὑπὲρ
1295 245 1354 272 σοῦ.
1374 255 1384 271 ι

1119 300 1128 316 ι
1147 291 1194 318 Ἐν
1206 290 1306 322 ἀθώοις
1326 291 1365 326 μὴ
1381 291 1426 323 δὺς
1443 291 1548 326 μῶμον.
1563 299 1573 318 ι

1119 390 1130 406 ι
1149 380 1195 416 Μὴ
1209 380 1294 416 λάϐῃς
1307 381 1452 417 πρόσωπον
1467 381 1540 409 κατὰ
1550 382 1599 418 τῆς
1614 382 1705 418 ψυχῆς
1715 391 1773 410 σου.

1121 481 1130 497 ι
1140 472 1185 507 Μὴ
1200 472 1353 508 ὲξαναστῇς
1366 472 1421 500 ἀπὸ
1439 472 1586 508 προσώπου
1596 473 1737 508 ὑϐριστοῦ.
1752 482 1762 500 ι

1120 570 1129 586 ι
1146 561 1256 594 Ἐξελοῦ
1268 561 1447 597 ἀδικούμενον
1467 561 1500 588 ὲκ
1513 562 1603 598 χειρὸς
1627 563 1796 596 ἀδικοῦντος,
1826 565 1876 591 καὶ

1084 605 1121 640 μὴ
1134 605 1337 644 ῥλιγοψυχήσῃς
1350 606 1379 633 ὲν
1393 606 1431 641 τῷ
1443 606 1548 642 κρίνειν
1560 616 1600 634 σε.
1621 617 1630 634 ι

1121 702 1132 719 ι
1149 694 1218 729 Πρὶν
1235 693 1250 728 ἢ
1265 693 1408 729 ὲξετάσῃς,
1431 694 1469 730 μὴ
1491 694 1598 730 μέμψῃ.
1626 695 1732 730 Νόησον
1755 695 1876 731 πρῶτον,

1083 738 1130 764 καὶ
1147 737 1209 764 τότε
1221 738 1352 773 ὲπιτίμα.
1371 748 1381 764 ι

1120 791 1128 807 ι
1143 782 1225 809 *Λνευ
1237 782 1357 818 κρίσεως
1370 782 1407 819 μὴ
1425 784 1545 820 ποιήσεις
1555 784 1648 820 μηδέν.
1668 794 1679 811 ι

281 884 363 911 Eccli.
379 893 466 918 xxxii,
484 885 510 912 1.
533 899 568 903 -
586 892 595 909 ι
622 884 768 912 Rectorem
801 889 828 911 te
862 882 1034 918 posuerunt?

1122 882 1131 898 ιι
1156 871 1323 908 Ἥγούμενόν
1337 882 1367 900 σε
1384 873 1575 910 κατέστησανς
1590 874 1627 909 μὴ
1642 875 1770 911 ὲπαίρου.
1799 876 1878 904 Γίνου

244 929 301 957 noli
313 930 423 957 extolli.
441 929 507 957 Esto
522 929 549 956 in
572 929 626 956 illis
642 928 722 962 quasi
738 935 808 955 unus
823 935 854 955 ex
869 928 947 963 ipsis.
970 938 979 954 ι

279 975 356 1003 Rom.
372 976 469 1008 xin,5.
489 990 524 995 —-
546 983 555 1000 ι
573 973 699 1001 Vis.non
730 974 826 1001 limere
853 973 1036 1009 potestatem?

248 1021 354 1049 Bonum
374 1021 428 1054 fac,
442 1024 468 1047 et
483 1019 598 1047 habebis
615 1019 722 1046 laudent
738 1027 771 1046 ex
793 1019 849 1048 illa.
870 1029 880 1045 ›

283 1069 297 1096 1
309 1064 391 1097 Jortn.
405 1076 446 1099 ut,
463 1068 533 1094 7.—
548 1077 556 1092 ι
571 1067 622 1100 Qui
637 1066 864 1100 lacitjustitiam,
880 1066 973 1100 justus
984 1070 1036 1099 cst,

245 1114 477 1151 quemadmodum
500 1118 527 1141 et
545 1113 591 1140 ille
605 1113 698 1148 justus
723 1117 775 1140 est.
802 1111 898 1140 Omnis
918 1113 965 1147 qui
983 1120 1038 1140 non

246 1160 479 1195 facitjustitiam,
497 1167 553 1187 non
572 1164 615 1186 est
632 1167 665 1186 ex
681 1158 745 1186 Deo.
762 1168 771 1184 ι

281 1207 311 1235 S.
329 1206 416 1233 Basil.
433 1205 511 1232 Orat.
535 1204 567 1232 de
585 1205 668 1232 invid.
683 1219 689 1222 —
727 1204 756 1231 Si
778 1204 873 1239 gloriae
889 1204 1039 1240 cupiditate

242 1253 358 1288 .tlagras,
373 1252 471 1286 visque
485 1257 575 1285 supra
593 1251 694 1285 vulgus
715 1250 819 1282 lucere,
838 1255 865 1276 et
891 1249 919 1276 in
945 1249 1039 1276 nntndi

247 1297 367 1332 negotiis
384 1296 561 1330 splendorem
581 1295 705 1330 assequi,
727 1294 824 1329 justus
841 1298 911 1326 esto,
935 1298 1039 1328 tempe-

248 1350 323 1375 rans,
339 1341 471 1376 prudens,
486 1345 514 1368 et
537 1340 629 1370 fortis,
645 1343 727 1374 teque
747 1347 800 1373 pro
823 1339 924 1374 pietate
945 1339 1039 1366 decer-

247 1388 342 1420 tando,
361 1387 523 1414 tolerantem
535 1385 635 1420 prtebe.
650 1385 731 1421 M3
745 1384 791 1412 Sic
801 1385 872 1412 enim
882 1389 909 1412 et
920 1384 1038 1420 teipsum

244 1435 354 1462 salvum
371 1433 467 1465 facies,
479 1437 506 1460 et
519 1432 553 1459 ob
570 1431 675 1466 majora
691 1432 764 1460 bona
780 1430 934 1458 claritatem
954 1430 1040 1465 majo«

243 1488 306 1508 {cm
320 1479 496 1514 adipisceris.

286 1526 383 1560 Ejusd.
399 1526 425 1551 in
439 1525 523 1558 princ.
542 1523 623 1550 Prov.
639 1537 675 1543 —-
688 1521 777 1550 Iusta:
788 1521 873 1549 animi
887 1520 1040 1549 affectionis
1055 1538 1076 1567 ο

243 1575 443 1607 argumentum
454 1575 496 1598 est
511 1569 655 1604 integritas
671 1569 696 1595 in
709 1568 908 1602 juoicamlo.—
920 1567 961 1593 Ad
974 1567 1037 1599 hoc,

246 1623 280 1646 ut
299 1625 390 1646 veram
416 1617 553 1652 justitiam
569 1615 706 1650 quispiam
735 1615 881 1650 intelligat,
907 1620 1038 1649 magnum

250 1671 318 1692 sane
335 1664 486 1698 ingenium,
500 1666 526 1689 et
543 1668 651 1688 summa
678 1661 778 1688 utentis
794 1660 927 1695 perfectio
945 1660 1037 1694 requi-

251 1709 332 1736 ritur.
348 1707 441 1742 Neque
453 1707 525 1734 enim
542 1706 600 1733 ﬁeri
614 1709 703 1741 potest
717 1711 745 1732 ut
770 1706 916 1741 quisquam
929 1706 962 1733 de
972 1713 1039 1733 con-

239 1753 395 1781 .troversiis
415 1757 490 1780 recte
508 1757 535 1780 et
555 1752 661 1786 integre
678 1752 847 1787 pronuntiet,
865 1751 918 1778 nisi
935 1751 1039 1778 doctri-

248 1807 315 1828 nam
332 1799 404 1834 juris
420 1802 483 1826 ante
509 1797 670 1833 perceperit.
689 1797 755 1824 Nam
774 1797 821 1832 qui
841 1805 932 1824 veram
956 1796 1040 1831 justi-

251 1846 317 1873 tiam
333 1845 423 1877 callet,
442 1852 474 1871 ac
492 1852 539 1879 per
556 1851 616 1871 eam
635 1850 716 1870 suum
732 1843 832 1878 cuique
858 1841 980 1869 tribuere
995 1842 1039 1868 di-

250 1892 329 1925 dicit,
344 1892 368 1919 is
381 1892 493 1918 demum
507 1890 625 1925 dirigere
638 1889 773 1925 judicium
787 1892 887 1924 potest.
901 1887 1038 1921 Quemad-

249 1937 364 1965 modum
376 1937 448 1965 enim
465 1937 627 1972 sagittarius
642 1936 727 1964 telum
747 1935 785 1962 ad
800 1935 908 1970 signum
923 1933 1038 1968 dirigit,

252 1983 293 2010 sic
308 1990 418 2018 queque
429 1981 513 2017 judex
531 1981 564 2009 ad
579 1982 605 2008 id
620 1980 808 2016 quodjustum
826 1984 869 2007 est
899 1979 1038 2010 collineat,

252 2036 315 2055 eum
342 2028 476 2055 rationem
497 2034 678 2062 personarum
709 2033 764 2053 non
791 2025 889 2056 habet,
910 2031 961 2051 nec
991 2031 1041 2058 per

253 2073 336 2100 animi
351 2073 562 2108 propensionem
579 2072 730 2107 quidquam
757 2070 832 2102 facit,
853 2070 900 2097 sed
925 2073 1000 2096 recta
1012 2073 1041 2096 et

252 2120 359 2154 integra
371 2118 476 2154 judicia
495 2118 668 2153 pronuntiat.
690 2117 773 2151 Atqui
794 2116 902 2143 duobus
917 2114 990 2150 apud
1006 2114 1040 2141 il-

251 2164 310 2191 lum
327 2171 439 2191 causam
462 2163 628 2195 dicentibus,
650 2169 769 2198 quorum
785 2161 854 2187 alter
876 2161 937 2195 plus
950 2167 1039 2195 aequo,

254 2209 324 2236 alter
341 2209 434 2236 minus
456 2208 568 2240 habeat,
592 2212 647 2235 stat
668 2207 751 2242 judex
780 2212 828 2233 eos
853 2205 925 2232 inter
941 2212 970 2233 se
993 2212 1041 2232 ex-
1058 2213 1080 2241 ι)

252 2262 378 2289 zequans,
395 2258 556 2288 tantumque
573 2254 597 2280 ei
614 2253 659 2287 qui
676 2252 819 2283 exuberat,
837 2250 944 2282 adimit,
953 2258 1042 2284 quan-

256 2305 314 2328 lum
327 2300 367 2328 illi
383 2299 428 2335 qui
444 2300 547 2334 injuria
566 2299 693 2328 adicitur,
715 2297 813 2324 deesse
827 2297 1004 2331 compererit.

291 2345 387 2380 Ejusd.
400 2345 471 2372 Imm.
492 2344 554 2371 Imb.
572 2345 598 2370 in
616 2343 737 2378 Lacyzis.
753 2357 789 2362 —
803 2341 855 2375 Qui
874 2342 964 2369 cernit
984 2341 1043 2376 pla-

256 2401 301 2424 na.
320 2390 539 2420 miscricordiam
568 2393 766 2424 consequetur.
797 2387 867 2421 Quid
897 2387 992 2422 igitur,
1020 2386 1043 2414 si

256 2446 335 2467 terrae
352 2441 478 2465 naturam
506 2437 619 2463 minime
638 2436 747 2471 planam
765 2439 793 2462 et
819 2433 982 2468 mquabilem
1007 2431 1044 2458 vi-

255 2484 322 2512 dero
339 2483 440 2519 (qualis
460 2482 533 2510 enim
558 2482 618 2516 ipsa
635 2485 689 2515 est,
704 2481 768 2507 talis
786 2486 897 2515 quoque
913 2480 1044 2505 cérnatur

256 2537 368 2559 necesse
380 2529 444 2564 est),
464 2529 515 2556 hoc
532 2529 644 2556 nomine
659 2526 886 2555 condemnabor?
901 2525 935 2552 At
951 2529 979 2552 tu
995 2531 1044 2552 su-

255 2577 369 2606 blimius
384 2576 465 2604 velim
485 2575 629 2610 respicias.
658 2573 756 2601 Astant
780 2573 846 2600 mihi
863 2572 973 2600 diversa
992 2571 1044 2598 ira-

255 2629 328 2651 trum
340 2629 439 2659 genera
456 2631 463 2649 :
483 2629 555 2649 unus
576 2629 682 2657 pauper
697 2626 749 2653 est,
775 2620 854 2647 dives
875 2618 954 2649 alter,
971 2624 1046 2644 unus

255 2669 436 2703 peregrinus,
466 2668 536 2695 alter
567 2667 724 2699 familiaris,
753 2666 801 2701 qui
831 2665 873 2692 vel
901 2669 926 2692 te
952 2662 1044 2698 judice

255 2713 434 2748 disceptaturi
447 2714 511 2746 sint,
525 2714 570 2742 vel
586 2713 751 2741 liberalitate
764 2716 811 2739 tua
828 2718 897 2745 opus
910 2708 1043 2736 habituri.

256 2757 285 2784 Si
306 2766 356 2793 pro
382 2758 512 2787 tribunali
550 2759 665 2791 sedeas.
693 2766 727 2785 ne
760 2755 935 2784 commiseris
955 2758 984 2781 ut
1003 2754 1044 2781 vel

257 2802 402 2836 inaequalia
422 2809 539 2839 spectes,
565 2804 616 2831 hoc
634 2808 675 2832 est
702 2803 816 2830 divitem
844 2800 993 2832 excelsum,
1017 2804 1044 2826 et

255 2855 403 2883 pauperem
418 2849 564 2883 abiectum.
581 2850 622 2882 Si
637 2850 744 2878 foribus
757 2849 811 2877 tuis
833 2851 903 2876 astet
929 2845 1040 2880 aliquis,

1086 919 1114 945 ὲν
1131 919 1224 950 αὐτοῖς
1233 918 1272 951 ὡς
1289 917 1330 951 εἷς
1345 919 1375 952 ἐξ
1392 919 1492 947 αὐτῶν.
1511 930 1520 946 ι

1124 973 1133 990 ι
1152 964 1246 996 Θέλεις
1264 965 1302 1000 μὴ
1324 965 1468 999 φοϐεῖσθαι
1494 966 1635 1000 ἐξουσίαν;
1665 968 1778 1002 Ἀγαθὸν
1795 968 1879 1001 ποίει,

1087 1010 1134 1036 καὶ
1149 1009 1221 1042 ἕξεις
1234 1010 1348 1037 ἔπαινον
1363 1011 1392 1044 ἐξ
1404 1011 1499 1047 αὐτῆς.
1520 1021 1529 1038 ι

1125 1065 1134 1081 ι
1156 1055 1184 1082 '0
1202 1055 1287 1082 ποιῶν
1304 1056 1353 1092 τὴν
1369 1057 1555 1093 δικαιοσύνην,
1573 1058 1678 1091 δίκαιός
1696 1060 1766 1091 ἐστι,
1786 1059 1879 1092 καθὼς

1089 1102 1134 1128 καὶ
1149 1101 1251 1134 ἐκεῖνος
1266 1102 1370 1134 δίκαιός
1383 1103 1452 1130 ἐστι.
1469 1104 1527 1136 Πᾶς
1545 1105 1559 1131 ό
1575 1105 1612 1140 μὴ
1629 1106 1714 1133 ποιῶν
1739 1106 1880 1133 δικαιοσύ-

1089 1156 1148 1182 νην,
1160 1147 1212 1174 οὐκ
1222 1147 1298 1175 ἔστιν
1309 1148 1341 1174 ἐκ
1357 1148 1404 1175 τοῦ
1421 1148 1501 1176 Θεοῦ.
1526 1160 1536 1175 ι

1124 1193 1155 1219 Et
1166 1193 1246 1229 δόξης
1263 1192 1416 1228 ἐπιθυμεῖς,
1429 1195 1477 1221 καὶ
1488 1194 1578 1229 βούλει
1589 1195 1643 1223 τῶν
1662 1196 1770 1223 πολλῶν
1795 1196 1881 1232 ὑπερ-

1090 1237 1245 1272 φαίνεσϐαι.
1267 1238 1313 1265 καὶ
1326 1238 1470 1273 εὐδόκιμος
1493 1241 1521 1266 ὲν
1535 1242 1592 1272 τοῖς
1619 1243 1760 1276 κοσμικοῖς
1790 1242 1881 1277 πρὰγη

1091 1292 1158 1319 μασι
1170 1283 1304 1318 γίνεσθαι,
1320 1283 1365 1311 ἔσο
1378 1285 1492 1319 δίκαιος,
1509 1285 1636 1321 σώφρων,
1659 1287 1801 1323 φρόνιμος,
1830 1289 1882 1315 ἁν-

1090 1330 1189 1366 δρεῐος,
1207 1331 1408 1366 ὑπομονητικὸς
1420 1333 1449 1358 ὲν
1464 1333 1521 1363 τοῖς
1542 1333 1612 1368 ὑπὲρ
1632 1333 1773 1364 εὐσεὸεῐας
1804 1333 1881 1367 ἀγῶ-

1093 1384 1144 1402 σιν.
1168 1376 1246 1403 Οὖτω
1261 1378 1316 1412 γὰρ
1341 1377 1454 1404 σεαυτὸν
1480 1377 1589 1410 σώσεις,
1616 1379 1661 1405 καὶ¹
1682 1380 1728 1405 ἐπὶ
1759 1378 1882 1415 μείζοσιν

1088 1420 1204 1455 ἀγαθοῖς
1221 1421 1333 1456 μείζονα
1342 1422 1414 1455 ἔξεις
1427 1423 1477 1458 τὴν
1489 1423 1680 1458 περιφάνειαν.

1129 1511 1261 1547 Ἔλεγχος
1273 1512 1322 1548 τῆς
1335 1511 1382 1539 τοῦ
1397 1512 1503 1539 δικαίου
1513 1512 1660 1545 διαθέσεως
1672 1514 1688 1548 ἡ
1698 1513 1762 1547 περὶ
1777 1513 1806 1539 τὸ
1820 1513 1879 1548 κρί-

1092 1566 1147 1584 νειν
1161 1557 1286 1593 ὀρθότης.
1304 1558 1385 1584 -Τὺ
1403 1558 1498 1593 νοῆσαι
1521 1558 1570 1593 τὴν
1593 1558 1681 1594 ἀληθῆ
1707 1558 1882 1593 δικαιοσύνην

1094 1602 1216 1638 μεγάλης
1229 1602 1313 1634 ὅντως
1325 1602 1456 1634 διανοίας,
1470 1603 1518 1629 καὶ
1533 1603 1631 1638 φρενὸς
1646 1603 1820 1638 τελειοτάτης
1827 1603 1881 1629 δεῖ-

1093 1655 1146 1673 ται.
1169 1646 1323 1682 Ἀμήχανον
1337 1647 1393 1683 χάρ
1405 1648 1442 1683 μὴ
1456 1648 1692 1683 προπαιδευθέντα
1709 1648 1773 1684 περὶ
1785 1648 1831 1675 τοῦ
1842 1649 1882 1675 δι.-

1093 1692 1170 1720 καίου
1186 1692 1315 1719 δύνασθαι
1327 1693 1375 1725 τὰς
1383 1693 1606 1729 ἀμφισϐητήσεις
1616 1694 1703 1729 ὀρθῶς
1718 1695 1882 1729 διακρίνειν.

1099 1738 1127 1764 '0
1143 1738 1196 1773 γὰρ
1211 1739 1288 1771 είδὼς
1302 1738 1351 1774 τὴν
1367 1739 1454 1775 ἀληθῆ
1477 1740 1664 1776 δικαιοσύνην,
1681 1741 1728 1768 καὶ
1747 1741 1781 1767 δι’
1796 1741 1882 1776 αὐτῆς

1092 1783 1228 1819 διδαχθεὶς
1243 1785 1273 1811 τὸ
1285 1785 1385 1812 οἰκεῖον
1401 1785 1548 1821 ἀπονεῖμαι
1569 1787 1691 1822 ἑκάστῳ,
1707 1783 1785 1819 οὗτος
1803 1787 1882 1815 δύνα-

1092 1838 1138 1856 ται
1165 1829 1328 1857 κατευθῦναι
1352 1831 1448 1866 κρῖμα.
1471 1831 1577 1866 Ὥσπερ
1595 1832 1609 1858 ὁ
1621 1832 1731 1868 τοξότης
1746 1831 1815 1868 πρὸς
1835 1831 1883 1858 τὸν

1095 1877 1195 1904 σκοπὸν
1211 1877 1354 1905 ἐπευθύνει
1367 1878 1398 1904 τὸ
1410 1878 1497 1913 βέλος,
1517 1879 1604 1912 οὕτως
1627 1881 1642 1907 ὁ
1656 1881 1751 1916 κριτὴς
1770 1880 1816 1907 τοῦ
1840 1881 1882 1907 δι-

1094 1923 1171 1950 καίου
1198 1923 1453 1959 καταστοχάζεται,
1481 1924 1543 1952 οὔτε
1570 1926 1705 1961 πρόσωπα
1724 1926 1882 1962 λαμϐάνων,

1094 1968 1155 1996 οὔτε
1172 1968 1258 1996 ποιῶν
1275 1969 1348 1996 κατὰ
1360 1970 1533 2005 πρόσκλισιν,
1546 1971 1604 1997 ἀλλ’
1615 1971 1726 2003 εὐθείας
1740 1972 1787 1999 καὶ
1805 1972 1884 1998 ἀδια-

1095 2014 1228 2049 στρόφους
1242 2014 1367 2049 ὲκφέρων
1379 2014 1430 2046 τὰς
1442 2014 1558 2050 κρίσεις.
1582 2016 1637 2043 Kal.
1652 2016 1699 2043 δύο
1713 2016 1883 2051 κρινομένων

1095 2060 1161 2095 παρ’
1175 2059 1250 2095 αὐτῷ
1260 2081 1267 2093 ,
1283 2059 1331 2086 τοῦ
1344 2069 1374 2086 τε
1389 2060 1627 2093 πλεονεκτοῦντος,
1643 2062 1690 2088 καὶ
1706 2062 1754 2088 τοῦ
1770 2061 1883 2088 ἔλαττον

1095 2105 1201 2140 ἔχοντος
1217 2106 1332 2141 ἕστηκεν
1356 2107 1370 2132 ὁ
1395 2106 1503 2142 κριτὴς,
1527 2107 1665 2134 ὲπανισῶν
1691 2107 1791 2139 αὐτοὺς
1813 2107 1882 2143 πρὸς

1095 2151 1233 2187 ἀλλήλους,
1252 2153 1300 2179 καὶ
1319 2152 1448 2180 τοσοῦτον
1470 2153 1596 2189 ἀφαιρῶν
1618 2153 1665 2180 τοῦ
1689 2154 1882 2190 ὑπερέχοντος,

1095 2197 1157 2224 ὅσον
1170 2197 1365 2234 ἐλαττούμενον
1376 2197 1498 2234 εὑρίσκει
1513 2198 1559 2225 τὸν
1574 2199 1764 2235 ἀδικούμενον.

1134 2344 1163 2371 '0
1181 2343 1286 2378 βλέπων
1305 2343 1373 2375 λεῖα,
1386 2343 1579 2378 ὲλεηθήσετοιιτ
1597 2341 1648 2368 ἐὰν
1666 2340 1713 2368 ἴδω
1739 2340 1788 2376 τὴν
1799 2339 1883 2374 φύσει

1094 2389 1142 2424 τῆς
1154 2389 1204 2424 γῆς
1220 2388 1371 2423 ἀνωμάλως
1384 2388 1497 2423 ἔχουσαν
1514 2387 1617 2423 (ἐπειδὴ
1630 2387 1685 2423 γὰρ
1701 2386 1745 2413 οἶα
1757 2385 1883 2421 ἐκτίσθη,

1094 2433 1206 2468 τοιαύτη
1228 2433 1347 2467 δρᾶται),
1373 2432 1420 2458 ἐπὶ
1439 2431 1543 2463 τούτοις
1563 2431 1619 2466 ἐγὼ
1645 2430 1883 2465 καταδικάζομαι;

1102 2479 1181 2506 Ἀλλὰ
1201 2478 1257 2506 νάει
1286 2485 1331 2512 μοι
1348 2477 1469 2512 ὑψηλῶς.
1489 2475 1681 2512 Παρεστήκασί
1695 2483 1741 2511 μοι
1757 2474 1885 2509 ἀδελφῶν
1900 2501 1927 2512 β

1094 2524 1220 2561 διαφοραί
1231 2532 1237 2539 ”
1250 2524 1264 2551 δ
1285 2509 1334 2559 μὲν
1351 2509 1447 2558 πένης,
1460 2524 1474 2549 ὁ
1494 2522 1522 2549 δὲ
1534 2509 1665 2554 σιλούσιος
1675 2530 1682 2538 ·
1729 2521 1779 2557 μὲν
1795 2520 1882 2554 ξένος,

1095 2572 1109 2599 ὁ
1123 2559 1152 2598 es
1167 2559 1281 2602 οἰκεῖος·
1305 2569 1322 2604 ἢ
1349 2568 1485 2600 δικάζοντί
1499 2576 1540 2594 σοι
1561 2567 1728 2603 κρινόμενοι,
1745 2566 1761 2602 ἢ
1774 2559 1901 2602 μεταδι-Ι

1094 2617 1166 2644 δόντι
1196 2624 1237 2642 σοι
1266 2614 1421 2650 χρῄζοντες,
1432 2613 1495 2640 Ἐὰν
1509 2613 1581 2649 κάθῃ
1604 2613 1716 2648 κρίνων,
1741 2612 1778 2647 μὴ
1797 2611 1884 2646 βλέπε

1095 2662 1237 2698 ἀνώμαλα,
1253 2661 1320 2697 μηδὲ
1335 2660 1380 2687 τὸν
1398 2660 1531 2687 πλούσιον
1547 2658 1660 2693 ὑψηλὸν,
1670 2658 1719 2685 τὸν
1729 2657 1758 2684 δὲ
1779 2657 1885 2690 πένητα
1903 2657 1909 2661 ”

1095 2709 1233 2737 ταπεινόν.
1252 2707 1315 2734 Ἐὰν
1326 2706 1489 2743 παραυ-ταθῇ
1504 2707 1537 2741 τῇ
1552 2704 1624 2741 θύρᾳ.
1635 2713 1682 2731 σου
1697 2705 1711 2731 ὁ
1722 2703 1772 2739 τὴν
1787 2702 1888 2738 χρείαν

1095 2755 1179 2783 αὐτοῦ
1199 2751 1424 2788 ἐπανορθωθῆναι
1440 2750 1540 2786 ζητῶν,
1565 2750 1634 2786 μηδὲ
1653 2749 1740 2780 οὕτως
1749 2747 1885 2783 ἀνώμαλα

1096 2801 1164 2836 ἴδῃς,
1182 2800 1221 2836 μὴ
1237 2799 1318 2835 εἴπῃς
1329 2807 1335 2814 ·
1352 2794 1438 2829 Οὗτος
1453 2796 1540 2831 φίλος,
1551 2791 1630 2827 οὗτος
1647 2793 1794 2829 συγγενὴς,
1805 2790 1887 2836 οὗτος

1097 2835 1253 2879 εὗεργέτης,
1264 2844 1367 2875 ἐκεῖνος
1379 2842 1464 2876 ξένος,
1475 2840 1787 2874 ἀλλάτριος,ἄγνωστος.
1796 2835 1906 2884 ’Δνᾶιτλ

1375 2988 1380 3003 I
