  <div class='ocr_page' id='page_1' title='image "/cluster/home/n/w/nwhite01/storage/ocr_20150623/95/njp.32101077772844/706.png"; bbox 0 0 2074 3115; ppageno 0'>
   <div class='ocr_carea' id='block_1_1' title="bbox 175 140 244 175">
    <p class='ocr_par' dir='ltr' id='par_1_1' title="bbox 175 140 244 175">
     <span class='ocr_line' id='line_1_1' title="bbox 175 140 244 175; baseline -0.014 0"><span class='ocrx_word' id='word_1_1' title='bbox 175 140 244 175; x_wconf 77' lang='lat' dir='ltr'><strong>I393</strong></span> 
     </span>
    </p>
   </div>
   <div class='ocr_carea' id='block_1_2' title="bbox 806 139 1176 172">
    <p class='ocr_par' dir='ltr' id='par_1_2' title="bbox 806 139 1176 172">
     <span class='ocr_line' id='line_1_2' title="bbox 806 139 1176 172; baseline 0 0"><span class='ocrx_word' id='word_1_2' title='bbox 806 139 927 172; x_wconf 61' lang='lat' dir='ltr'><strong>SACRA</strong></span> <span class='ocrx_word' id='word_1_3' title='bbox 944 141 1176 172; x_wconf 70' lang='lat' dir='ltr'><strong>PARALLEL‘A.</strong></span> 
     </span>
    </p>
   </div>
   <div class='ocr_carea' id='block_1_3' title="bbox 1740 142 1822 176">
    <p class='ocr_par' dir='ltr' id='par_1_3' title="bbox 1740 142 1822 176">
     <span class='ocr_line' id='line_1_3' title="bbox 1740 142 1822 176; baseline 0 0"><span class='ocrx_word' id='word_1_4' title='bbox 1740 142 1810 176; x_wconf 59' lang='lat'><strong>139$</strong></span> <span class='ocrx_word' id='word_1_5' title='bbox 1819 148 1822 150; x_wconf 70' lang='lat'><strong>&#39;</strong></span> 
     </span>
    </p>
   </div>
   <div class='ocr_carea' id='block_1_4' title="bbox 175 196 969 235">
    <p class='ocr_par' dir='ltr' id='par_1_4' title="bbox 175 196 965 235">
     <span class='ocr_line' id='line_1_4' title="bbox 175 196 965 235; baseline -0.003 -9"><span class='ocrx_word' id='word_1_6' title='bbox 175 199 249 234; x_wconf 86' lang='grc' dir='ltr'>μαλα</span> <span class='ocrx_word' id='word_1_7' title='bbox 265 198 373 235; x_wconf 75' lang='grc' dir='ltr'>βλέπων</span> <span class='ocrx_word' id='word_1_8' title='bbox 387 198 438 225; x_wconf 77' lang='grc' dir='ltr'>οὐκ</span> <span class='ocrx_word' id='word_1_9' title='bbox 452 197 598 234; x_wconf 71' lang='grc' dir='ltr'>ὲλεηθήσῃ.</span> <span class='ocrx_word' id='word_1_10' title='bbox 614 197 681 225; x_wconf 72' lang='lat' dir='ltr'><strong>Asia.</strong></span> <span class='ocrx_word' id='word_1_11' title='bbox 695 196 776 232; x_wconf 84' lang='grc' dir='ltr'>βλέπε</span> <span class='ocrx_word' id='word_1_12' title='bbox 789 205 796 212; x_wconf 83' lang='grc'><strong>·</strong></span> <span class='ocrx_word' id='word_1_13' title='bbox 812 197 894 232; x_wconf 83' lang='grc' dir='ltr'>φύσις</span> <span class='ocrx_word' id='word_1_14' title='bbox 906 197 965 232; x_wconf 90' lang='grc' dir='ltr'>μία,</span> 
     </span>
    </p>
   </div>
   <div class='ocr_carea' id='block_1_5' title="bbox 1020 196 1810 235">
    <p class='ocr_par' dir='ltr' id='par_1_5' title="bbox 1020 196 1810 233">
     <span class='ocr_line' id='line_1_5' title="bbox 1020 196 1810 233; baseline 0.008 -9"><span class='ocrx_word' id='word_1_15' title='bbox 1020 201 1112 225; x_wconf 87' lang='lat' dir='ltr'><strong>tecum</strong></span> <span class='ocrx_word' id='word_1_16' title='bbox 1125 204 1211 233; x_wconf 84' lang='lat' dir='ltr'><strong>agens</strong></span> <span class='ocrx_word' id='word_1_17' title='bbox 1226 200 1258 224; x_wconf 78' lang='lat' dir='ltr'><strong>ut</strong></span> <span class='ocrx_word' id='word_1_18' title='bbox 1269 196 1483 226; x_wconf 71' lang='lat' dir='ltr'><strong>necessitatibus</strong></span> <span class='ocrx_word' id='word_1_19' title='bbox 1497 197 1585 233; x_wconf 77' lang='lat' dir='ltr'><strong>ipsius</strong></span> <span class='ocrx_word' id='word_1_20' title='bbox 1598 199 1760 233; x_wconf 84' lang='lat' dir='ltr'><strong>subvenias,</strong></span> <span class='ocrx_word' id='word_1_21' title='bbox 1774 209 1810 230; x_wconf 81' lang='lat' dir='ltr'><strong>ne</strong></span> 
     </span>
    </p>
   </div>
   <div class='ocr_carea' id='block_1_6' title="bbox 173 243 966 279">
    <p class='ocr_par' dir='ltr' id='par_1_6' title="bbox 173 243 966 279">
     <span class='ocr_line' id='line_1_6' title="bbox 173 243 966 279; baseline -0.001 -8"><span class='ocrx_word' id='word_1_22' title='bbox 173 244 264 272; x_wconf 58' lang='grc' dir='ltr'>ἔνδεια</span> <span class='ocrx_word' id='word_1_23' title='bbox 278 244 308 271; x_wconf 83' lang='grc' dir='ltr'>ὲν</span> <span class='ocrx_word' id='word_1_24' title='bbox 319 244 485 279; x_wconf 73' lang='grc' dir='ltr'><strong>ἀμφοτέροις</strong></span> <span class='ocrx_word' id='word_1_25' title='bbox 497 244 513 279; x_wconf 85' lang='grc' dir='ltr'>ἡ</span> <span class='ocrx_word' id='word_1_26' title='bbox 528 243 610 279; x_wconf 80' lang='grc' dir='ltr'>αὐτή.</span> <span class='ocrx_word' id='word_1_27' title='bbox 624 244 674 276; x_wconf 72' lang='grc' dir='ltr'><strong>Δὸς</strong></span> <span class='ocrx_word' id='word_1_28' title='bbox 689 243 729 278; x_wconf 81' lang='grc' dir='ltr'>τῷ</span> <span class='ocrx_word' id='word_1_29' title='bbox 742 243 850 279; x_wconf 87' lang='grc' dir='ltr'>ἀδελφῷ</span> <span class='ocrx_word' id='word_1_30' title='bbox 866 244 914 271; x_wconf 77' lang='grc' dir='ltr'>καὶ</span> <span class='ocrx_word' id='word_1_31' title='bbox 928 243 966 279; x_wconf 87' lang='grc' dir='ltr'>τῷ</span> 
     </span>
    </p>
   </div>
   <div class='ocr_carea' id='block_1_7' title="bbox 173 289 967 326">
    <p class='ocr_par' dir='ltr' id='par_1_7' title="bbox 173 289 967 326">
     <span class='ocr_line' id='line_1_7' title="bbox 173 289 967 326; baseline 0.001 -10"><span class='ocrx_word' id='word_1_32' title='bbox 173 290 253 325; x_wconf 78' lang='grc' dir='ltr'>ξένῳ,</span> <span class='ocrx_word' id='word_1_33' title='bbox 273 290 344 326; x_wconf 73' lang='grc' dir='ltr'>μήτε</span> <span class='ocrx_word' id='word_1_34' title='bbox 359 289 406 316; x_wconf 80' lang='grc' dir='ltr'>τὸν</span> <span class='ocrx_word' id='word_1_35' title='bbox 421 289 536 325; x_wconf 80' lang='grc' dir='ltr'>ἀδελφὺν</span> <span class='ocrx_word' id='word_1_36' title='bbox 550 290 732 325; x_wconf 80' lang='grc' dir='ltr'><strong>ἀποστραφῇς</strong></span> <span class='ocrx_word' id='word_1_37' title='bbox 742 309 750 322; x_wconf 96' lang='grc'><strong>,</strong></span> <span class='ocrx_word' id='word_1_38' title='bbox 767 290 814 317; x_wconf 83' lang='grc' dir='ltr'>καὶ</span> <span class='ocrx_word' id='word_1_39' title='bbox 829 290 876 317; x_wconf 85' lang='grc' dir='ltr'>τὸν</span> <span class='ocrx_word' id='word_1_40' title='bbox 892 289 967 322; x_wconf 78' lang='grc' dir='ltr'>ξένον</span> 
     </span>
    </p>
   </div>
   <div class='ocr_carea' id='block_1_8' title="bbox 130 336 968 373">
    <p class='ocr_par' dir='ltr' id='par_1_8' title="bbox 130 336 968 373">
     <span class='ocr_line' id='line_1_8' title="bbox 130 336 968 373; baseline -0.002 -7"><span class='ocrx_word' id='word_1_41' title='bbox 130 351 132 354; x_wconf 58' lang='grc' dir='ltr'><strong>ν</strong></span> <span class='ocrx_word' id='word_1_42' title='bbox 172 338 289 372; x_wconf 81' lang='grc' dir='ltr'>ἀδελφὺν</span> <span class='ocrx_word' id='word_1_43' title='bbox 302 338 403 365; x_wconf 77' lang='grc' dir='ltr'>οἰκεῖον</span> <span class='ocrx_word' id='word_1_44' title='bbox 415 337 541 373; x_wconf 86' lang='grc' dir='ltr'>ποιησαι.</span> <span class='ocrx_word' id='word_1_45' title='bbox 557 336 604 373; x_wconf 83' lang='grc' dir='ltr'><strong>Μὴ</strong></span> <span class='ocrx_word' id='word_1_46' title='bbox 617 337 749 373; x_wconf 85' lang='grc' dir='ltr'>πρόκρινε</span> <span class='ocrx_word' id='word_1_47' title='bbox 763 336 810 364; x_wconf 85' lang='grc' dir='ltr'><strong>τδν</strong></span> <span class='ocrx_word' id='word_1_48' title='bbox 822 337 902 372; x_wconf 89' lang='grc' dir='ltr'>φίλον</span> <span class='ocrx_word' id='word_1_49' title='bbox 913 337 968 364; x_wconf 71' lang='grc' dir='ltr'>ἀπὸ</span> 
     </span>
    </p>
   </div>
   <div class='ocr_carea' id='block_1_9' title="bbox 173 383 965 420">
    <p class='ocr_par' dir='ltr' id='par_1_9' title="bbox 173 383 965 420">
     <span class='ocr_line' id='line_1_9' title="bbox 173 383 965 420; baseline 0.001 -9"><span class='ocrx_word' id='word_1_50' title='bbox 173 384 220 411; x_wconf 79' lang='grc' dir='ltr'>τοῦ</span> <span class='ocrx_word' id='word_1_51' title='bbox 238 384 398 420; x_wconf 83' lang='grc' dir='ltr'>ἀλλοτρίου,</span> <span class='ocrx_word' id='word_1_52' title='bbox 423 383 473 419; x_wconf 78' lang='grc' dir='ltr'>τὴν</span> <span class='ocrx_word' id='word_1_53' title='bbox 490 384 586 420; x_wconf 84' lang='grc' dir='ltr'>χρείαν</span> <span class='ocrx_word' id='word_1_54' title='bbox 611 383 694 412; x_wconf 83' lang='grc' dir='ltr'><strong>αὐτοῦ</strong></span> <span class='ocrx_word' id='word_1_55' title='bbox 719 383 965 420; x_wconf 69' lang='grc' dir='ltr'>ἐπανορθούμενος.</span> 
     </span>
    </p>
   </div>
   <div class='ocr_carea' id='block_1_10' title="bbox 173 426 966 465">
    <p class='ocr_par' dir='ltr' id='par_1_10' title="bbox 173 426 966 465">
     <span class='ocr_line' id='line_1_10' title="bbox 173 426 966 465; baseline 0.001 -11"><span class='ocrx_word' id='word_1_56' title='bbox 173 428 304 455; x_wconf 86' lang='grc' dir='ltr'>Βούλεταί</span> <span class='ocrx_word' id='word_1_57' title='bbox 321 437 350 455; x_wconf 84' lang='grc' dir='ltr'><strong>σε</strong></span> <span class='ocrx_word' id='word_1_58' title='bbox 362 428 592 465; x_wconf 79' lang='grc' dir='ltr'>παραμυθητικὸν</span> <span class='ocrx_word' id='word_1_59' title='bbox 605 426 677 456; x_wconf 69' lang='grc' dir='ltr'>εἶναι</span> <span class='ocrx_word' id='word_1_60' title='bbox 694 429 749 456; x_wconf 80' lang='grc' dir='ltr'><strong>τῶν</strong></span> <span class='ocrx_word' id='word_1_61' title='bbox 763 428 912 464; x_wconf 79' lang='grc' dir='ltr'><strong>δεομένων,</strong></span> <span class='ocrx_word' id='word_1_62' title='bbox 936 429 966 455; x_wconf 73' lang='grc' dir='ltr'><strong>οὐ</strong></span> 
     </span>
    </p>
   </div>
   <div class='ocr_carea' id='block_1_11' title="bbox 174 474 968 511">
    <p class='ocr_par' dir='ltr' id='par_1_11' title="bbox 174 474 968 511">
     <span class='ocr_line' id='line_1_11' title="bbox 174 474 968 511; baseline 0 -10"><span class='ocrx_word' id='word_1_63' title='bbox 174 475 414 511; x_wconf 83' lang='grc' dir='ltr'>προσωπολήπτην</span> <span class='ocrx_word' id='word_1_64' title='bbox 426 493 434 506; x_wconf 82' lang='grc'><strong>,</strong></span> <span class='ocrx_word' id='word_1_65' title='bbox 449 474 481 501; x_wconf 79' lang='grc' dir='ltr'>οὐ</span> <span class='ocrx_word' id='word_1_66' title='bbox 498 474 538 510; x_wconf 84' lang='grc' dir='ltr'>τῷ</span> <span class='ocrx_word' id='word_1_67' title='bbox 552 476 681 510; x_wconf 85' lang='grc' dir='ltr'><strong>συγγενεῖ</strong></span> <span class='ocrx_word' id='word_1_68' title='bbox 698 474 819 507; x_wconf 85' lang='grc' dir='ltr'>διδόντα,</span> <span class='ocrx_word' id='word_1_69' title='bbox 830 474 876 501; x_wconf 81' lang='grc' dir='ltr'>τὸν</span> <span class='ocrx_word' id='word_1_70' title='bbox 892 474 968 507; x_wconf 78' lang='grc' dir='ltr'>ξένον</span> 
     </span>
    </p>
   </div>
   <div class='ocr_carea' id='block_1_12' title="bbox 173 521 967 556">
    <p class='ocr_par' dir='ltr' id='par_1_12' title="bbox 173 521 967 556">
     <span class='ocr_line' id='line_1_12' title="bbox 173 521 967 556; baseline 0 -9"><span class='ocrx_word' id='word_1_71' title='bbox 173 521 382 555; x_wconf 78' lang='grc' dir='ltr'>ἀπωθούμενον.</span> <span class='ocrx_word' id='word_1_72' title='bbox 406 521 511 553; x_wconf 84' lang='grc' dir='ltr'><strong>Πάντες</strong></span> <span class='ocrx_word' id='word_1_73' title='bbox 539 522 694 556; x_wconf 85' lang='grc' dir='ltr'>συγγενεῖς,</span> <span class='ocrx_word' id='word_1_74' title='bbox 717 522 818 554; x_wconf 76' lang='grc' dir='ltr'>πάντες</span> <span class='ocrx_word' id='word_1_75' title='bbox 845 521 967 556; x_wconf 78' lang='grc' dir='ltr'>ἀδελφοὶ,</span> 
     </span>
    </p>
   </div>
   <div class='ocr_carea' id='block_1_13' title="bbox 173 566 967 603">
    <p class='ocr_par' dir='ltr' id='par_1_13' title="bbox 173 566 967 603">
     <span class='ocr_line' id='line_1_13' title="bbox 173 566 967 603; baseline 0.003 -11"><span class='ocrx_word' id='word_1_76' title='bbox 173 567 233 598; x_wconf 71' lang='grc' dir='ltr'>ἐνὸς</span> <span class='ocrx_word' id='word_1_77' title='bbox 252 567 356 602; x_wconf 76' lang='grc' dir='ltr'>πατρὸς</span> <span class='ocrx_word' id='word_1_78' title='bbox 372 566 480 601; x_wconf 76' lang='grc' dir='ltr'>ἔγγονοι</span> <span class='ocrx_word' id='word_1_79' title='bbox 498 567 611 599; x_wconf 83' lang='grc' dir='ltr'>πάντες,</span> <span class='ocrx_word' id='word_1_80' title='bbox 637 568 700 594; x_wconf 74' lang='grc' dir='ltr'>Ἐὰν</span> <span class='ocrx_word' id='word_1_81' title='bbox 719 568 765 595; x_wconf 79' lang='grc' dir='ltr'>τὸν</span> <span class='ocrx_word' id='word_1_82' title='bbox 780 567 967 603; x_wconf 78' lang='grc' dir='ltr'>πνευματικὸν</span> 
     </span>
    </p>
   </div>
   <div class='ocr_carea' id='block_1_14' title="bbox 174 613 968 650">
    <p class='ocr_par' dir='ltr' id='par_1_14' title="bbox 174 613 968 650">
     <span class='ocr_line' id='line_1_14' title="bbox 174 613 968 650; baseline 0.003 -11"><span class='ocrx_word' id='word_1_83' title='bbox 174 613 255 648; x_wconf 77' lang='grc' dir='ltr'>εἴπῃς</span> <span class='ocrx_word' id='word_1_84' title='bbox 268 613 386 649; x_wconf 79' lang='grc' dir='ltr'>πατέρα,</span> <span class='ocrx_word' id='word_1_85' title='bbox 398 615 412 641; x_wconf 99' lang='lat'><strong>6</strong></span> <span class='ocrx_word' id='word_1_86' title='bbox 427 614 569 649; x_wconf 80' lang='grc' dir='ltr'>οὐράνιος·</span> <span class='ocrx_word' id='word_1_87' title='bbox 586 614 634 642; x_wconf 74' lang='grc' dir='ltr'>ἐὰν</span> <span class='ocrx_word' id='word_1_88' title='bbox 651 615 686 641; x_wconf 89' lang='grc' dir='ltr'><strong>τά</strong></span> <span class='ocrx_word' id='word_1_89' title='bbox 698 615 780 650; x_wconf 83' lang='grc' dir='ltr'>γήϊνα</span> <span class='ocrx_word' id='word_1_90' title='bbox 800 615 896 650; x_wconf 79' lang='grc' dir='ltr'>ζητῇς,</span> <span class='ocrx_word' id='word_1_91' title='bbox 916 616 968 650; x_wconf 82' lang='grc' dir='ltr'><strong>μή-</strong></span> 
     </span>
    </p>
   </div>
   <div class='ocr_carea' id='block_1_15' title="bbox 174 658 968 694">
    <p class='ocr_par' dir='ltr' id='par_1_15' title="bbox 174 658 968 694">
     <span class='ocr_line' id='line_1_15' title="bbox 174 658 968 694; baseline 0.001 -10"><span class='ocrx_word' id='word_1_92' title='bbox 174 667 226 694; x_wconf 81' lang='grc' dir='ltr'><strong>τηρ</strong></span> <span class='ocrx_word' id='word_1_93' title='bbox 239 659 256 694; x_wconf 83' lang='grc' dir='ltr'>ἠ</span> <span class='ocrx_word' id='word_1_94' title='bbox 276 660 324 694; x_wconf 83' lang='grc' dir='ltr'>γῆ,</span> <span class='ocrx_word' id='word_1_95' title='bbox 342 659 390 686; x_wconf 80' lang='grc' dir='ltr'>καὶ</span> <span class='ocrx_word' id='word_1_96' title='bbox 404 658 460 685; x_wconf 81' lang='grc' dir='ltr'><strong>ἀπὸ</strong></span> <span class='ocrx_word' id='word_1_97' title='bbox 487 658 536 685; x_wconf 81' lang='grc' dir='ltr'>τοῦ</span> <span class='ocrx_word' id='word_1_98' title='bbox 564 658 648 686; x_wconf 81' lang='grc' dir='ltr'>αὐτοῦ</span> <span class='ocrx_word' id='word_1_99' title='bbox 670 658 758 694; x_wconf 78' lang='grc' dir='ltr'>πηλοῦ</span> <span class='ocrx_word' id='word_1_100' title='bbox 783 658 968 694; x_wconf 82' lang='grc' dir='ltr'>διηρτίσμεοα</span> 
     </span>
    </p>
   </div>
   <div class='ocr_carea' id='block_1_16' title="bbox 175 705 968 741">
    <p class='ocr_par' dir='ltr' id='par_1_16' title="bbox 175 705 968 741">
     <span class='ocr_line' id='line_1_16' title="bbox 175 705 968 741; baseline -0.001 -9"><span class='ocrx_word' id='word_1_101' title='bbox 175 705 287 737; x_wconf 79' lang='grc' dir='ltr'>πάντες.</span> <span class='ocrx_word' id='word_1_102' title='bbox 304 705 386 732; x_wconf 81' lang='grc' dir='ltr'>’Ὥστε</span> <span class='ocrx_word' id='word_1_103' title='bbox 399 705 502 741; x_wconf 84' lang='grc' dir='ltr'>ἀδελφὴ</span> <span class='ocrx_word' id='word_1_104' title='bbox 524 706 541 741; x_wconf 80' lang='grc' dir='ltr'>ἡ</span> <span class='ocrx_word' id='word_1_105' title='bbox 559 705 641 740; x_wconf 84' lang='grc' dir='ltr'><strong>φύσις</strong></span> <span class='ocrx_word' id='word_1_106' title='bbox 655 705 726 732; x_wconf 82' lang='grc' dir='ltr'><strong>κατά</strong></span> <span class='ocrx_word' id='word_1_107' title='bbox 743 705 844 741; x_wconf 80' lang='grc' dir='ltr'>σάρκα,</span> <span class='ocrx_word' id='word_1_108' title='bbox 866 705 968 741; x_wconf 72' lang='grc' dir='ltr'>ἀδελφὴ</span> 
     </span>
    </p>
   </div>
   <div class='ocr_carea' id='block_1_17' title="bbox 175 749 970 786">
    <p class='ocr_par' dir='ltr' id='par_1_17' title="bbox 175 749 970 786">
     <span class='ocr_line' id='line_1_17' title="bbox 175 749 970 786; baseline 0.003 -10"><span class='ocrx_word' id='word_1_109' title='bbox 175 751 192 785; x_wconf 74' lang='grc' dir='ltr'>ὴ</span> <span class='ocrx_word' id='word_1_110' title='bbox 204 751 311 784; x_wconf 80' lang='grc' dir='ltr'>γένεσις</span> <span class='ocrx_word' id='word_1_111' title='bbox 334 751 351 786; x_wconf 84' lang='grc' dir='ltr'>ὴ</span> <span class='ocrx_word' id='word_1_112' title='bbox 366 750 438 778; x_wconf 86' lang='grc' dir='ltr'><strong>κατά</strong></span> <span class='ocrx_word' id='word_1_113' title='bbox 461 750 581 786; x_wconf 78' lang='grc' dir='ltr'>πνεῦμα.</span> <span class='ocrx_word' id='word_1_114' title='bbox 597 751 634 778; x_wconf 85' lang='grc' dir='ltr'><strong>Τὸ</strong></span> <span class='ocrx_word' id='word_1_115' title='bbox 653 752 720 778; x_wconf 75' lang='grc' dir='ltr'>αὑτό</span> <span class='ocrx_word' id='word_1_116' title='bbox 736 760 778 778; x_wconf 87' lang='grc' dir='ltr'><strong>σοι</strong></span> <span class='ocrx_word' id='word_1_117' title='bbox 799 749 870 786; x_wconf 77' lang='grc' dir='ltr'>αἷμα</span> <span class='ocrx_word' id='word_1_118' title='bbox 890 751 970 786; x_wconf 84' lang='grc' dir='ltr'>φορεῖ</span> 
     </span>
    </p>
   </div>
   <div class='ocr_carea' id='block_1_18' title="bbox 175 796 969 833">
    <p class='ocr_par' dir='ltr' id='par_1_18' title="bbox 175 796 969 833">
     <span class='ocr_line' id='line_1_18' title="bbox 175 796 969 833; baseline 0.001 -11"><span class='ocrx_word' id='word_1_119' title='bbox 175 796 229 823; x_wconf 80' lang='grc' dir='ltr'><strong>ἀπὸ</strong></span> <span class='ocrx_word' id='word_1_120' title='bbox 244 796 292 823; x_wconf 76' lang='grc' dir='ltr'>τοῦ</span> <span class='ocrx_word' id='word_1_121' title='bbox 311 796 420 832; x_wconf 86' lang='grc' dir='ltr'>πρώτου</span> <span class='ocrx_word' id='word_1_122' title='bbox 443 797 607 833; x_wconf 85' lang='grc' dir='ltr'>ἀνθρώπου·</span> <span class='ocrx_word' id='word_1_123' title='bbox 636 797 687 832; x_wconf 87' lang='grc' dir='ltr'><strong>τὴν</strong></span> <span class='ocrx_word' id='word_1_124' title='bbox 710 797 796 832; x_wconf 82' lang='grc' dir='ltr'>αὑτήν</span> <span class='ocrx_word' id='word_1_125' title='bbox 824 805 865 823; x_wconf 87' lang='grc' dir='ltr'><strong>σοι</strong></span> <span class='ocrx_word' id='word_1_126' title='bbox 889 797 969 832; x_wconf 80' lang='grc' dir='ltr'>χάριν</span> 
     </span>
    </p>
   </div>
   <div class='ocr_carea' id='block_1_19' title="bbox 175 841 969 879">
    <p class='ocr_par' dir='ltr' id='par_1_19' title="bbox 175 841 969 879">
     <span class='ocr_line' id='line_1_19' title="bbox 175 841 969 879; baseline 0.001 -10"><span class='ocrx_word' id='word_1_127' title='bbox 175 843 255 870; x_wconf 77' lang='grc' dir='ltr'>ἔλασε</span> <span class='ocrx_word' id='word_1_128' title='bbox 269 843 346 879; x_wconf 84' lang='grc' dir='ltr'><strong>παρά</strong></span> <span class='ocrx_word' id='word_1_129' title='bbox 361 843 408 870; x_wconf 82' lang='grc' dir='ltr'>τοῦ</span> <span class='ocrx_word' id='word_1_130' title='bbox 426 844 574 871; x_wconf 79' lang='grc' dir='ltr'>Δεσπότου.</span> <span class='ocrx_word' id='word_1_131' title='bbox 587 844 676 871; x_wconf 78' lang='grc' dir='ltr'>Βλέπε</span> <span class='ocrx_word' id='word_1_132' title='bbox 686 841 734 871; x_wconf 85' lang='grc' dir='ltr'>οὖν</span> <span class='ocrx_word' id='word_1_133' title='bbox 749 843 819 876; x_wconf 86' lang='grc' dir='ltr'>λεῖα,</span> <span class='ocrx_word' id='word_1_134' title='bbox 836 844 881 871; x_wconf 83' lang='grc' dir='ltr'><strong>ίνα</strong></span> <span class='ocrx_word' id='word_1_135' title='bbox 892 844 969 879; x_wconf 80' lang='grc' dir='ltr'>ἐλεη-</span> 
     </span>
    </p>
   </div>
   <div class='ocr_carea' id='block_1_20' title="bbox 176 888 968 926">
    <p class='ocr_par' dir='ltr' id='par_1_20' title="bbox 176 888 968 926">
     <span class='ocr_line' id='line_1_20' title="bbox 176 888 968 926; baseline 0 -10"><span class='ocrx_word' id='word_1_136' title='bbox 176 889 236 924; x_wconf 77' lang='grc' dir='ltr'>θῇς.</span> <span class='ocrx_word' id='word_1_137' title='bbox 255 890 301 925; x_wconf 85' lang='grc' dir='ltr'><strong>Μὴ</strong></span> <span class='ocrx_word' id='word_1_138' title='bbox 322 890 420 925; x_wconf 72' lang='grc' dir='ltr'>εἴπῃς·</span> <span class='ocrx_word' id='word_1_139' title='bbox 441 888 528 922; x_wconf 76' lang='grc' dir='ltr'>Οὗτος</span> <span class='ocrx_word' id='word_1_140' title='bbox 555 890 684 922; x_wconf 86' lang='grc' dir='ltr'>πλούσιος</span> <span class='ocrx_word' id='word_1_141' title='bbox 713 892 762 917; x_wconf 75' lang='grc' dir='ltr'><strong>καὶ</strong></span> <span class='ocrx_word' id='word_1_142' title='bbox 777 890 862 926; x_wconf 83' lang='grc' dir='ltr'>τιμῆς</span> <span class='ocrx_word' id='word_1_143' title='bbox 881 889 968 923; x_wconf 77' lang='grc' dir='ltr'>ἄξιος,</span> 
     </span>
    </p>
   </div>
   <div class='ocr_carea' id='block_1_21' title="bbox 175 935 969 972">
    <p class='ocr_par' dir='ltr' id='par_1_21' title="bbox 175 935 969 972">
     <span class='ocr_line' id='line_1_21' title="bbox 175 935 969 972; baseline 0 -10"><span class='ocrx_word' id='word_1_144' title='bbox 175 937 281 967; x_wconf 71' lang='grc' dir='ltr'>ἐκεῖνος</span> <span class='ocrx_word' id='word_1_145' title='bbox 295 935 390 971; x_wconf 87' lang='grc' dir='ltr'>πένης,</span> <span class='ocrx_word' id='word_1_146' title='bbox 409 936 458 963; x_wconf 77' lang='grc' dir='ltr'>καὶ</span> <span class='ocrx_word' id='word_1_147' title='bbox 473 935 613 970; x_wconf 74' lang='grc' dir='ltr'>φαυλίζων</span> <span class='ocrx_word' id='word_1_148' title='bbox 627 936 674 963; x_wconf 87' lang='grc' dir='ltr'><strong>τὺν</strong></span> <span class='ocrx_word' id='word_1_149' title='bbox 688 935 793 972; x_wconf 78' lang='grc' dir='ltr'>πένητα</span> <span class='ocrx_word' id='word_1_150' title='bbox 802 956 810 969; x_wconf 83' lang='grc'><strong>,</strong></span> <span class='ocrx_word' id='word_1_151' title='bbox 829 936 898 972; x_wconf 82' lang='grc' dir='ltr'>μηδὲ</span> <span class='ocrx_word' id='word_1_152' title='bbox 910 937 969 968; x_wconf 84' lang='grc' dir='ltr'>ταῖς</span> 
     </span>
    </p>
   </div>
   <div class='ocr_carea' id='block_1_22' title="bbox 176 981 968 1018">
    <p class='ocr_par' dir='ltr' id='par_1_22' title="bbox 176 981 968 1018">
     <span class='ocr_line' id='line_1_22' title="bbox 176 981 968 1018; baseline 0.001 -10"><span class='ocrx_word' id='word_1_153' title='bbox 176 982 327 1017; x_wconf 83' lang='grc' dir='ltr'><strong>ὑπεροχαῖς</strong></span> <span class='ocrx_word' id='word_1_154' title='bbox 354 981 469 1014; x_wconf 81' lang='grc' dir='ltr'><strong>ταύταις</strong></span> <span class='ocrx_word' id='word_1_155' title='bbox 497 982 651 1018; x_wconf 79' lang='grc' dir='ltr'>ἀνωμάλως</span> <span class='ocrx_word' id='word_1_156' title='bbox 673 982 785 1018; x_wconf 83' lang='grc' dir='ltr'>διάνεμε</span> <span class='ocrx_word' id='word_1_157' title='bbox 808 982 859 1014; x_wconf 74' lang='grc' dir='ltr'>τὰς</span> <span class='ocrx_word' id='word_1_158' title='bbox 872 982 968 1017; x_wconf 83' lang='grc' dir='ltr'>τιμάς.</span> 
     </span>
    </p>
   </div>
   <div class='ocr_carea' id='block_1_23' title="bbox 178 1027 971 1065">
    <p class='ocr_par' dir='ltr' id='par_1_23' title="bbox 178 1027 971 1065">
     <span class='ocr_line' id='line_1_23' title="bbox 178 1027 971 1065; baseline 0.003 -12"><span class='ocrx_word' id='word_1_159' title='bbox 178 1027 256 1054; x_wconf 84' lang='grc' dir='ltr'><strong>Ἔστι</strong></span> <span class='ocrx_word' id='word_1_160' title='bbox 277 1027 332 1062; x_wconf 81' lang='grc' dir='ltr'>γὰρ</span> <span class='ocrx_word' id='word_1_161' title='bbox 342 1029 356 1054; x_wconf 88' lang='lat'><strong>6</strong></span> <span class='ocrx_word' id='word_1_162' title='bbox 375 1027 504 1060; x_wconf 82' lang='grc' dir='ltr'>πλούσιος</span> <span class='ocrx_word' id='word_1_163' title='bbox 518 1028 651 1064; x_wconf 76' lang='grc' dir='ltr'><strong>ψεύστης,</strong></span> <span class='ocrx_word' id='word_1_164' title='bbox 667 1030 681 1055; x_wconf 93' lang='lat'><strong>6</strong></span> <span class='ocrx_word' id='word_1_165' title='bbox 696 1029 825 1060; x_wconf 88' lang='grc' dir='ltr'>πλούσιος</span> <span class='ocrx_word' id='word_1_166' title='bbox 840 1028 943 1065; x_wconf 74' lang='grc' dir='ltr'>ᾷρπαξ,</span> <span class='ocrx_word' id='word_1_167' title='bbox 955 1029 971 1055; x_wconf 85' lang='lat'><strong>6</strong></span> 
     </span>
    </p>
   </div>
   <div class='ocr_carea' id='block_1_24' title="bbox 175 1070 970 1109">
    <p class='ocr_par' dir='ltr' id='par_1_24' title="bbox 175 1070 970 1109">
     <span class='ocr_line' id='line_1_24' title="bbox 175 1070 970 1109; baseline 0.005 -13"><span class='ocrx_word' id='word_1_168' title='bbox 175 1070 306 1103; x_wconf 75' lang='grc' dir='ltr'>πλούσιος</span> <span class='ocrx_word' id='word_1_169' title='bbox 337 1072 449 1108; x_wconf 76' lang='grc' dir='ltr'>πόρνος,</span> <span class='ocrx_word' id='word_1_170' title='bbox 477 1074 492 1100; x_wconf 86' lang='grc' dir='ltr'>ὁ</span> <span class='ocrx_word' id='word_1_171' title='bbox 510 1074 595 1108; x_wconf 79' lang='grc' dir='ltr'>πένης</span> <span class='ocrx_word' id='word_1_172' title='bbox 609 1074 725 1105; x_wconf 83' lang='grc' dir='ltr'>δίκαιος.</span> <span class='ocrx_word' id='word_1_173' title='bbox 753 1073 799 1109; x_wconf 85' lang='grc' dir='ltr'><strong>Μὴ</strong></span> <span class='ocrx_word' id='word_1_174' title='bbox 822 1073 914 1100; x_wconf 81' lang='grc' dir='ltr'>τοίνυν</span> <span class='ocrx_word' id='word_1_175' title='bbox 935 1074 970 1109; x_wconf 82' lang='grc' dir='ltr'>τῇ</span> 
     </span>
    </p>
   </div>
   <div class='ocr_carea' id='block_1_25' title="bbox 173 1116 970 1155">
    <p class='ocr_par' dir='ltr' id='par_1_25' title="bbox 173 1116 970 1155">
     <span class='ocr_line' id='line_1_25' title="bbox 173 1116 970 1155; baseline 0.004 -12"><span class='ocrx_word' id='word_1_176' title='bbox 173 1116 276 1151; x_wconf 78' lang='grc' dir='ltr'>ἔξωθεν</span> <span class='ocrx_word' id='word_1_177' title='bbox 291 1119 440 1155; x_wconf 72' lang='grc' dir='ltr'>ἐπιφανείᾳ</span> <span class='ocrx_word' id='word_1_178' title='bbox 452 1120 581 1155; x_wconf 83' lang='grc' dir='ltr'><strong>πρόσεχε,</strong></span> <span class='ocrx_word' id='word_1_179' title='bbox 601 1120 658 1146; x_wconf 80' lang='grc' dir='ltr'>ἀλλ’</span> <span class='ocrx_word' id='word_1_180' title='bbox 671 1121 711 1151; x_wconf 86' lang='grc' dir='ltr'><strong>είς</strong></span> <span class='ocrx_word' id='word_1_181' title='bbox 727 1120 758 1146; x_wconf 80' lang='grc' dir='ltr'>τὸ</span> <span class='ocrx_word' id='word_1_182' title='bbox 773 1120 896 1155; x_wconf 73' lang='grc' dir='ltr'>κρυπτὸν</span> <span class='ocrx_word' id='word_1_183' title='bbox 913 1121 970 1146; x_wconf 83' lang='grc' dir='ltr'>εἱσ-</span> 
     </span>
    </p>
   </div>
   <div class='ocr_carea' id='block_1_26' title="bbox 175 1165 970 1202">
    <p class='ocr_par' dir='ltr' id='par_1_26' title="bbox 175 1165 970 1202">
     <span class='ocr_line' id='line_1_26' title="bbox 175 1165 970 1202; baseline 0.003 -12"><span class='ocrx_word' id='word_1_184' title='bbox 175 1165 334 1200; x_wconf 82' lang='grc' dir='ltr'>ερχόμενος,</span> <span class='ocrx_word' id='word_1_185' title='bbox 359 1167 419 1193; x_wconf 77' lang='grc' dir='ltr'>ἐκεῖ</span> <span class='ocrx_word' id='word_1_186' title='bbox 432 1166 482 1198; x_wconf 84' lang='grc' dir='ltr'><strong>τὰς</strong></span> <span class='ocrx_word' id='word_1_187' title='bbox 496 1167 626 1202; x_wconf 74' lang='grc' dir='ltr'>διαφορὰς</span> <span class='ocrx_word' id='word_1_188' title='bbox 642 1167 764 1202; x_wconf 79' lang='grc' dir='ltr'>διάνεμε.</span> <span class='ocrx_word' id='word_1_189' title='bbox 784 1166 857 1201; x_wconf 84' lang='grc' dir='ltr'>Τίμα</span> <span class='ocrx_word' id='word_1_190' title='bbox 876 1165 922 1192; x_wconf 71' lang='grc' dir='ltr'><strong>τὸν</strong></span> <span class='ocrx_word' id='word_1_191' title='bbox 936 1166 970 1192; x_wconf 69' lang='grc' dir='ltr'><strong>τὰ</strong></span> 
     </span>
    </p>
   </div>
   <div class='ocr_carea' id='block_1_27' title="bbox 176 1210 970 1248">
    <p class='ocr_par' dir='ltr' id='par_1_27' title="bbox 176 1210 970 1248">
     <span class='ocr_line' id='line_1_27' title="bbox 176 1210 970 1248; baseline 0.001 -12"><span class='ocrx_word' id='word_1_192' title='bbox 176 1210 254 1245; x_wconf 76' lang='grc' dir='ltr'>τίμια</span> <span class='ocrx_word' id='word_1_193' title='bbox 266 1212 446 1246; x_wconf 82' lang='grc' dir='ltr'>κεκτημένον.</span> <span class='ocrx_word' id='word_1_194' title='bbox 460 1213 492 1239; x_wconf 87' lang='grc' dir='ltr'>Τί</span> <span class='ocrx_word' id='word_1_195' title='bbox 506 1212 690 1248; x_wconf 54' lang='grc' dir='ltr'>τιμιώτεροη</span> <span class='ocrx_word' id='word_1_196' title='bbox 704 1212 789 1248; x_wconf 85' lang='grc' dir='ltr'>ἀρετὴ</span> <span class='ocrx_word' id='word_1_197' title='bbox 803 1211 950 1247; x_wconf 83' lang='grc' dir='ltr'>ἢ·πλοῦτος</span> <span class='ocrx_word' id='word_1_198' title='bbox 962 1219 970 1242; x_wconf 80' lang='grc'>;</span> 
     </span>
    </p>
   </div>
   <div class='ocr_carea' id='block_1_28' title="bbox 175 1256 970 1293">
    <p class='ocr_par' dir='ltr' id='par_1_28' title="bbox 175 1256 970 1293">
     <span class='ocr_line' id='line_1_28' title="bbox 175 1256 970 1293; baseline 0 -11"><span class='ocrx_word' id='word_1_199' title='bbox 175 1256 202 1282; x_wconf 88' lang='grc' dir='ltr'><strong>τί</strong></span> <span class='ocrx_word' id='word_1_200' title='bbox 216 1257 248 1283; x_wconf 77' lang='grc' dir='ltr'>ὲκ</span> <span class='ocrx_word' id='word_1_201' title='bbox 265 1257 320 1284; x_wconf 84' lang='grc' dir='ltr'>τῶν</span> <span class='ocrx_word' id='word_1_202' title='bbox 335 1257 435 1290; x_wconf 79' lang='grc' dir='ltr'>ἔξωθεν</span> <span class='ocrx_word' id='word_1_203' title='bbox 452 1258 613 1293; x_wconf 78' lang='grc' dir='ltr'>δοκιμάζεις</span> <span class='ocrx_word' id='word_1_204' title='bbox 640 1258 677 1285; x_wconf 68' lang='grc' dir='ltr'><strong>τὰ</strong></span> <span class='ocrx_word' id='word_1_205' title='bbox 695 1257 800 1293; x_wconf 85' lang='grc' dir='ltr'>κρύφια</span> <span class='ocrx_word' id='word_1_206' title='bbox 825 1256 970 1291; x_wconf 83' lang='grc' dir='ltr'>διερευνώ-</span> 
     </span>
    </p>
   </div>
   <div class='ocr_carea' id='block_1_29' title="bbox 177 1301 970 1339">
    <p class='ocr_par' dir='ltr' id='par_1_29' title="bbox 177 1301 970 1339">
     <span class='ocr_line' id='line_1_29' title="bbox 177 1301 970 1339; baseline -0.001 -10"><span class='ocrx_word' id='word_1_207' title='bbox 177 1310 276 1336; x_wconf 85' lang='grc' dir='ltr'>μενος;</span> <span class='ocrx_word' id='word_1_208' title='bbox 298 1303 380 1338; x_wconf 80' lang='grc' dir='ltr'>Ὁρᾷς</span> <span class='ocrx_word' id='word_1_209' title='bbox 407 1304 448 1331; x_wconf 85' lang='grc' dir='ltr'>ὄτι</span> <span class='ocrx_word' id='word_1_210' title='bbox 475 1305 490 1332; x_wconf 87' lang='lat'><strong>6</strong></span> <span class='ocrx_word' id='word_1_211' title='bbox 509 1304 574 1339; x_wconf 76' lang='grc' dir='ltr'>Βὴλ,</span> <span class='ocrx_word' id='word_1_212' title='bbox 595 1303 695 1336; x_wconf 75' lang='grc' dir='ltr'>ἔξωθεν</span> <span class='ocrx_word' id='word_1_213' title='bbox 712 1302 761 1338; x_wconf 79' lang='grc' dir='ltr'>μὲν</span> <span class='ocrx_word' id='word_1_214' title='bbox 779 1301 837 1337; x_wconf 77' lang='grc' dir='ltr'>ἔχει</span> <span class='ocrx_word' id='word_1_215' title='bbox 859 1302 970 1336; x_wconf 76' lang='grc' dir='ltr'>χαλκὸν,</span> 
     </span>
    </p>
   </div>
   <div class='ocr_carea' id='block_1_30' title="bbox 176 1348 970 1386">
    <p class='ocr_par' dir='ltr' id='par_1_30' title="bbox 176 1348 970 1386">
     <span class='ocr_line' id='line_1_30' title="bbox 176 1348 970 1386; baseline 0 -12"><span class='ocrx_word' id='word_1_216' title='bbox 176 1348 282 1376; x_wconf 79' lang='grc' dir='ltr'>ἔνδοθεν</span> <span class='ocrx_word' id='word_1_217' title='bbox 298 1349 327 1376; x_wconf 82' lang='grc' dir='ltr'>δὲ</span> <span class='ocrx_word' id='word_1_218' title='bbox 344 1349 441 1385; x_wconf 80' lang='grc' dir='ltr'>πηλὸν,</span> <span class='ocrx_word' id='word_1_219' title='bbox 457 1349 497 1385; x_wconf 85' lang='grc' dir='ltr'>τῷ</span> <span class='ocrx_word' id='word_1_220' title='bbox 518 1349 770 1386; x_wconf 84' lang='grc' dir='ltr'>περιαστράπτοντι</span> <span class='ocrx_word' id='word_1_221' title='bbox 795 1348 889 1384; x_wconf 86' lang='grc' dir='ltr'>χαλκῷ</span> <span class='ocrx_word' id='word_1_222' title='bbox 904 1348 970 1374; x_wconf 83' lang='grc' dir='ltr'>ὐπο-</span> 
     </span>
    </p>
   </div>
   <div class='ocr_carea' id='block_1_31' title="bbox 176 1394 969 1432">
    <p class='ocr_par' dir='ltr' id='par_1_31' title="bbox 176 1394 969 1432">
     <span class='ocr_line' id='line_1_31' title="bbox 176 1394 969 1432; baseline -0.003 -11"><span class='ocrx_word' id='word_1_223' title='bbox 176 1395 380 1430; x_wconf 73' lang='grc' dir='ltr'>κρυπτόμενονς</span> <span class='ocrx_word' id='word_1_224' title='bbox 403 1395 465 1423; x_wconf 81' lang='grc' dir='ltr'><strong>Ἐὰν</strong></span> <span class='ocrx_word' id='word_1_225' title='bbox 482 1396 540 1432; x_wconf 84' lang='grc' dir='ltr'>ίδῃς</span> <span class='ocrx_word' id='word_1_226' title='bbox 553 1396 617 1428; x_wconf 72' lang='grc' dir='ltr'>τοὺς</span> <span class='ocrx_word' id='word_1_227' title='bbox 633 1397 662 1422; x_wconf 80' lang='grc' dir='ltr'>ὲν</span> <span class='ocrx_word' id='word_1_228' title='bbox 677 1395 716 1431; x_wconf 81' lang='grc' dir='ltr'><strong>τῷ</strong></span> <span class='ocrx_word' id='word_1_229' title='bbox 733 1394 782 1430; x_wconf 86' lang='grc' dir='ltr'>βίῳ</span> <span class='ocrx_word' id='word_1_230' title='bbox 797 1395 969 1429; x_wconf 72' lang='grc' dir='ltr'>περιφανεῖς,</span> 
     </span>
    </p>
   </div>
   <div class='ocr_carea' id='block_1_32' title="bbox 176 1438 970 1476">
    <p class='ocr_par' dir='ltr' id='par_1_32' title="bbox 176 1438 970 1476">
     <span class='ocr_line' id='line_1_32' title="bbox 176 1438 970 1476; baseline -0.001 -10"><span class='ocrx_word' id='word_1_231' title='bbox 176 1440 295 1474; x_wconf 75' lang='grc' dir='ltr'>γίνωσκε</span> <span class='ocrx_word' id='word_1_232' title='bbox 306 1441 347 1467; x_wconf 84' lang='grc' dir='ltr'>ὄτι</span> <span class='ocrx_word' id='word_1_233' title='bbox 362 1441 376 1467; x_wconf 85' lang='lat'><strong>6</strong></span> <span class='ocrx_word' id='word_1_234' title='bbox 391 1440 492 1475; x_wconf 78' lang='grc' dir='ltr'>χαλκὸς</span> <span class='ocrx_word' id='word_1_235' title='bbox 510 1441 602 1472; x_wconf 76' lang='grc' dir='ltr'>αὐτοῖς</span> <span class='ocrx_word' id='word_1_236' title='bbox 616 1440 798 1476; x_wconf 78' lang='grc' dir='ltr'>περιλάμπει,</span> <span class='ocrx_word' id='word_1_237' title='bbox 810 1439 917 1466; x_wconf 72' lang='grc' dir='ltr'>ἔνδοθεν</span> <span class='ocrx_word' id='word_1_238' title='bbox 942 1438 970 1465; x_wconf 83' lang='grc' dir='ltr'>δὲ</span> 
     </span>
    </p>
   </div>
   <div class='ocr_carea' id='block_1_33' title="bbox 176 1485 970 1522">
    <p class='ocr_par' dir='ltr' id='par_1_33' title="bbox 176 1485 970 1522">
     <span class='ocr_line' id='line_1_33' title="bbox 176 1485 970 1522; baseline 0 -10"><span class='ocrx_word' id='word_1_239' title='bbox 176 1485 262 1520; x_wconf 81' lang='grc' dir='ltr'>πηλός</span> <span class='ocrx_word' id='word_1_240' title='bbox 279 1486 359 1514; x_wconf 85' lang='grc' dir='ltr'>είσιν.</span> <span class='ocrx_word' id='word_1_241' title='bbox 369 1486 468 1513; x_wconf 74' lang='grc' dir='ltr'>Πολλοὶ</span> <span class='ocrx_word' id='word_1_242' title='bbox 480 1486 529 1521; x_wconf 69' lang='grc' dir='ltr'>μὲν</span> <span class='ocrx_word' id='word_1_243' title='bbox 540 1486 642 1522; x_wconf 79' lang='grc' dir='ltr'>χρυσὸν</span> <span class='ocrx_word' id='word_1_244' title='bbox 656 1486 764 1521; x_wconf 78' lang='grc' dir='ltr'>ἔχουσιν</span> <span class='ocrx_word' id='word_1_245' title='bbox 777 1486 862 1517; x_wconf 78' lang='grc' dir='ltr'>ἔνδον,</span> <span class='ocrx_word' id='word_1_246' title='bbox 870 1485 970 1521; x_wconf 73' lang='grc' dir='ltr'>δστρα-</span> 
     </span>
    </p>
   </div>
   <div class='ocr_carea' id='block_1_34' title="bbox 175 1529 1005 1580">
    <p class='ocr_par' dir='ltr' id='par_1_34' title="bbox 175 1529 1005 1580">
     <span class='ocr_line' id='line_1_34' title="bbox 175 1529 1005 1580; baseline 0.001 -22"><span class='ocrx_word' id='word_1_247' title='bbox 175 1539 223 1558; x_wconf 87' lang='grc' dir='ltr'><strong>κον</strong></span> <span class='ocrx_word' id='word_1_248' title='bbox 238 1532 266 1558; x_wconf 82' lang='grc' dir='ltr'>δὲ</span> <span class='ocrx_word' id='word_1_249' title='bbox 279 1531 380 1565; x_wconf 79' lang='grc' dir='ltr'>ἔξωθεν</span> <span class='ocrx_word' id='word_1_250' title='bbox 396 1533 598 1568; x_wconf 81' lang='grc' dir='ltr'>περικείμενον.</span> <span class='ocrx_word' id='word_1_251' title='bbox 619 1529 703 1564; x_wconf 72' lang='grc' dir='ltr'>Οὗτος</span> <span class='ocrx_word' id='word_1_252' title='bbox 718 1533 865 1568; x_wconf 80' lang='grc' dir='ltr'>σωφρονεῖ,</span> <span class='ocrx_word' id='word_1_253' title='bbox 878 1532 971 1559; x_wconf 86' lang='grc' dir='ltr'>κάκεῖ·</span> <span class='ocrx_word' id='word_1_254' title='bbox 983 1551 1005 1580; x_wconf 73' lang='lat' dir='ltr'>c</span> 
     </span>
    </p>
   </div>
   <div class='ocr_carea' id='block_1_35' title="bbox 174 1577 969 1614">
    <p class='ocr_par' dir='ltr' id='par_1_35' title="bbox 174 1577 969 1614">
     <span class='ocr_line' id='line_1_35' title="bbox 174 1577 969 1614; baseline 0.003 -11"><span class='ocrx_word' id='word_1_255' title='bbox 174 1585 220 1608; x_wconf 80' lang='grc' dir='ltr'><strong>νος</strong></span> <span class='ocrx_word' id='word_1_256' title='bbox 232 1577 370 1612; x_wconf 80' lang='grc' dir='ltr'>πορνεύει.</span> <span class='ocrx_word' id='word_1_257' title='bbox 389 1578 437 1609; x_wconf 85' lang='grc' dir='ltr'>Τίς</span> <span class='ocrx_word' id='word_1_258' title='bbox 452 1578 670 1614; x_wconf 82' lang='grc' dir='ltr'>πλουσιώτερος;</span> <span class='ocrx_word' id='word_1_259' title='bbox 685 1579 699 1605; x_wconf 95' lang='lat'><strong>6</strong></span> <span class='ocrx_word' id='word_1_260' title='bbox 716 1578 766 1614; x_wconf 80' lang='grc' dir='ltr'>τὴν</span> <span class='ocrx_word' id='word_1_261' title='bbox 789 1579 969 1613; x_wconf 76' lang='grc' dir='ltr'>σωφροσύνην</span> 
     </span>
    </p>
   </div>
   <div class='ocr_carea' id='block_1_36' title="bbox 175 1623 970 1659">
    <p class='ocr_par' dir='ltr' id='par_1_36' title="bbox 175 1623 970 1659">
     <span class='ocr_line' id='line_1_36' title="bbox 175 1623 970 1659; baseline 0.004 -11"><span class='ocrx_word' id='word_1_262' title='bbox 175 1623 256 1658; x_wconf 83' lang='grc' dir='ltr'>ἔχων,</span> <span class='ocrx_word' id='word_1_263' title='bbox 283 1624 299 1658; x_wconf 81' lang='grc' dir='ltr'><strong>ἢ</strong></span> <span class='ocrx_word' id='word_1_264' title='bbox 321 1624 335 1650; x_wconf 88' lang='lat'><strong>6</strong></span> <span class='ocrx_word' id='word_1_265' title='bbox 357 1623 391 1650; x_wconf 76' lang='grc' dir='ltr'><strong>τὰ</strong></span> <span class='ocrx_word' id='word_1_266' title='bbox 413 1624 544 1659; x_wconf 88' lang='grc' dir='ltr'>χρήματα</span> <span class='ocrx_word' id='word_1_267' title='bbox 561 1624 591 1657; x_wconf 69' lang='grc' dir='ltr'><strong>ἐξ</strong></span> <span class='ocrx_word' id='word_1_268' title='bbox 620 1623 727 1655; x_wconf 80' lang='grc' dir='ltr'>ἀδικίας</span> <span class='ocrx_word' id='word_1_269' title='bbox 754 1624 970 1659; x_wconf 79' lang='grc' dir='ltr'>συνειλεγμένα;</span> 
     </span>
    </p>
   </div>
   <div class='ocr_carea' id='block_1_37' title="bbox 173 1669 970 1706">
    <p class='ocr_par' dir='ltr' id='par_1_37' title="bbox 173 1669 970 1706">
     <span class='ocr_line' id='line_1_37' title="bbox 173 1669 970 1706; baseline 0 -10"><span class='ocrx_word' id='word_1_270' title='bbox 173 1669 254 1697; x_wconf 78' lang='grc' dir='ltr'>τοῦτο</span> <span class='ocrx_word' id='word_1_271' title='bbox 266 1670 297 1697; x_wconf 85' lang='grc' dir='ltr'>τὸ</span> <span class='ocrx_word' id='word_1_272' title='bbox 310 1671 483 1705; x_wconf 81' lang='grc' dir='ltr'>μνημόσυνον</span> <span class='ocrx_word' id='word_1_273' title='bbox 494 1670 688 1706; x_wconf 79' lang='grc' dir='ltr'>ἀναφαίρετον,</span> <span class='ocrx_word' id='word_1_274' title='bbox 703 1671 808 1702; x_wconf 78' lang='grc' dir='ltr'>ἐκεῖνος</span> <span class='ocrx_word' id='word_1_275' title='bbox 823 1671 838 1697; x_wconf 85' lang='grc' dir='ltr'>ὁ</span> <span class='ocrx_word' id='word_1_276' title='bbox 853 1670 970 1702; x_wconf 79' lang='grc' dir='ltr'>πλοῦτος</span> 
     </span>
    </p>
   </div>
   <div class='ocr_carea' id='block_1_38' title="bbox 176 1714 970 1751">
    <p class='ocr_par' dir='ltr' id='par_1_38' title="bbox 176 1714 970 1751">
     <span class='ocr_line' id='line_1_38' title="bbox 176 1714 970 1751; baseline 0.001 -10"><span class='ocrx_word' id='word_1_277' title='bbox 176 1714 355 1750; x_wconf 82' lang='grc' dir='ltr'>πρόσκαιρος.</span> <span class='ocrx_word' id='word_1_278' title='bbox 381 1715 482 1742; x_wconf 89' lang='grc' dir='ltr'>Τοῦτον</span> <span class='ocrx_word' id='word_1_279' title='bbox 508 1715 631 1751; x_wconf 72' lang='grc' dir='ltr'>κλέπτης</span> <span class='ocrx_word' id='word_1_280' title='bbox 650 1715 681 1742; x_wconf 83' lang='grc' dir='ltr'>οὐ</span> <span class='ocrx_word' id='word_1_281' title='bbox 697 1715 848 1750; x_wconf 84' lang='grc' dir='ltr'>διορύσσει,</span> <span class='ocrx_word' id='word_1_282' title='bbox 863 1715 970 1748; x_wconf 82' lang='grc' dir='ltr'>ἐκεῖνος</span> 
     </span>
    </p>
   </div>
   <div class='ocr_carea' id='block_1_39' title="bbox 177 1761 967 1797">
    <p class='ocr_par' dir='ltr' id='par_1_39' title="bbox 177 1761 967 1797">
     <span class='ocr_line' id='line_1_39' title="bbox 177 1761 967 1797; baseline 0.001 -10"><span class='ocrx_word' id='word_1_283' title='bbox 177 1761 298 1796; x_wconf 82' lang='grc' dir='ltr'>σήμερον</span> <span class='ocrx_word' id='word_1_284' title='bbox 318 1761 412 1794; x_wconf 57' lang='grc' dir='ltr'>ἀνθεῖ,</span> <span class='ocrx_word' id='word_1_285' title='bbox 444 1761 540 1797; x_wconf 79' lang='grc' dir='ltr'>αὔριον</span> <span class='ocrx_word' id='word_1_286' title='bbox 573 1762 602 1789; x_wconf 82' lang='grc' dir='ltr'>δὲ</span> <span class='ocrx_word' id='word_1_287' title='bbox 626 1761 857 1797; x_wconf 83' lang='grc' dir='ltr'>ἀπομαραίνεται.</span> <span class='ocrx_word' id='word_1_288' title='bbox 885 1761 967 1788; x_wconf 85' lang='grc' dir='ltr'>Ὥστε</span> 
     </span>
    </p>
   </div>
   <div class='ocr_carea' id='block_1_40' title="bbox 178 1805 967 1841">
    <p class='ocr_par' dir='ltr' id='par_1_40' title="bbox 178 1805 967 1841">
     <span class='ocr_line' id='line_1_40' title="bbox 178 1805 967 1841; baseline 0.003 -10"><span class='ocrx_word' id='word_1_289' title='bbox 178 1805 261 1840; x_wconf 80' lang='grc' dir='ltr'>βλέπε</span> <span class='ocrx_word' id='word_1_290' title='bbox 277 1806 347 1838; x_wconf 86' lang='grc' dir='ltr'>λεῖα,</span> <span class='ocrx_word' id='word_1_291' title='bbox 357 1806 498 1841; x_wconf 80' lang='grc' dir='ltr'>ὁμοτίμως</span> <span class='ocrx_word' id='word_1_292' title='bbox 510 1806 582 1833; x_wconf 81' lang='grc' dir='ltr'><strong>κατά</strong></span> <span class='ocrx_word' id='word_1_293' title='bbox 594 1806 624 1832; x_wconf 80' lang='grc' dir='ltr'><strong>τὸ</strong></span> <span class='ocrx_word' id='word_1_294' title='bbox 633 1806 700 1832; x_wconf 82' lang='grc' dir='ltr'>αὑτό</span> <span class='ocrx_word' id='word_1_295' title='bbox 709 1814 716 1821; x_wconf 88' lang='grc'><strong>·</strong></span> <span class='ocrx_word' id='word_1_296' title='bbox 734 1805 785 1841; x_wconf 79' lang='grc' dir='ltr'>τὴν</span> <span class='ocrx_word' id='word_1_297' title='bbox 802 1806 894 1841; x_wconf 81' lang='grc' dir='ltr'>μέντοι</span> <span class='ocrx_word' id='word_1_298' title='bbox 907 1806 967 1833; x_wconf 83' lang='grc' dir='ltr'>διά-</span> 
     </span>
    </p>
   </div>
   <div class='ocr_carea' id='block_1_41' title="bbox 175 1850 962 1889">
    <p class='ocr_par' dir='ltr' id='par_1_41' title="bbox 175 1850 962 1889">
     <span class='ocr_line' id='line_1_41' title="bbox 175 1850 962 1889; baseline 0 -9"><span class='ocrx_word' id='word_1_299' title='bbox 175 1861 268 1886; x_wconf 83' lang='grc' dir='ltr'>κρισιν</span> <span class='ocrx_word' id='word_1_300' title='bbox 288 1853 343 1879; x_wconf 82' lang='grc' dir='ltr'>τῶν</span> <span class='ocrx_word' id='word_1_301' title='bbox 360 1853 461 1888; x_wconf 80' lang='grc' dir='ltr'>τιμίων</span> <span class='ocrx_word' id='word_1_302' title='bbox 480 1853 518 1888; x_wconf 84' lang='grc' dir='ltr'>μὴ</span> <span class='ocrx_word' id='word_1_303' title='bbox 537 1853 684 1888; x_wconf 84' lang='grc' dir='ltr'>ἀφανίσῃς,</span> <span class='ocrx_word' id='word_1_304' title='bbox 699 1853 742 1880; x_wconf 78' lang='grc' dir='ltr'><strong>ίνα</strong></span> <span class='ocrx_word' id='word_1_305' title='bbox 757 1850 790 1889; x_wconf 81' lang='grc' dir='ltr'>ᾗς</span> <span class='ocrx_word' id='word_1_306' title='bbox 805 1852 962 1888; x_wconf 81' lang='grc' dir='ltr'>ὲλεημένος.</span> 
     </span>
    </p>
   </div>
   <div class='ocr_carea' id='block_1_42' title="bbox 1018 243 1808 281">
    <p class='ocr_par' dir='ltr' id='par_1_42' title="bbox 1018 243 1808 281">
     <span class='ocr_line' id='line_1_42' title="bbox 1018 243 1808 281; baseline 0.005 -10"><span class='ocrx_word' id='word_1_307' title='bbox 1018 244 1060 272; x_wconf 85' lang='lat' dir='ltr'><strong>sic</strong></span> <span class='ocrx_word' id='word_1_308' title='bbox 1077 250 1188 280; x_wconf 88' lang='lat' dir='ltr'><strong>quoque</strong></span> <span class='ocrx_word' id='word_1_309' title='bbox 1209 243 1356 279; x_wconf 67' lang='lat' dir='ltr'><strong>inaequalia</strong></span> <span class='ocrx_word' id='word_1_310' title='bbox 1378 244 1544 281; x_wconf 84' lang='lat' dir='ltr'><strong>prospicias,</strong></span> <span class='ocrx_word' id='word_1_311' title='bbox 1575 253 1608 274; x_wconf 90' lang='lat' dir='ltr'><strong>ac</strong></span> <span class='ocrx_word' id='word_1_312' title='bbox 1631 246 1732 274; x_wconf 82' lang='lat' dir='ltr'><strong>dicas:</strong></span> <span class='ocrx_word' id='word_1_313' title='bbox 1757 247 1808 276; x_wconf 87' lang='lat' dir='ltr'><strong>Hic</strong></span> 
     </span>
    </p>
   </div>
   <div class='ocr_carea' id='block_1_43' title="bbox 1018 289 1808 328">
    <p class='ocr_par' dir='ltr' id='par_1_43' title="bbox 1018 289 1808 328">
     <span class='ocr_line' id='line_1_43' title="bbox 1018 289 1808 328; baseline 0.005 -11"><span class='ocrx_word' id='word_1_314' title='bbox 1018 290 1136 322; x_wconf 83' lang='lat' dir='ltr'><strong>amicus,</strong></span> <span class='ocrx_word' id='word_1_315' title='bbox 1153 289 1203 317; x_wconf 82' lang='lat' dir='ltr'><strong>hic</strong></span> <span class='ocrx_word' id='word_1_316' title='bbox 1227 296 1372 326; x_wconf 82' lang='lat' dir='ltr'><strong>cognatus,</strong></span> <span class='ocrx_word' id='word_1_317' title='bbox 1394 290 1439 319; x_wconf 89' lang='lat' dir='ltr'><strong>hic</strong></span> <span class='ocrx_word' id='word_1_318' title='bbox 1459 291 1530 320; x_wconf 84' lang='lat' dir='ltr'><strong>bene</strong></span> <span class='ocrx_word' id='word_1_319' title='bbox 1551 292 1586 323; x_wconf 86' lang='lat' dir='ltr'><strong>de</strong></span> <span class='ocrx_word' id='word_1_320' title='bbox 1612 300 1656 321; x_wconf 90' lang='lat' dir='ltr'><strong>me</strong></span> <span class='ocrx_word' id='word_1_321' title='bbox 1672 293 1808 328; x_wconf 84' lang='lat' dir='ltr'><strong>meritus;</strong></span> 
     </span>
    </p>
   </div>
   <div class='ocr_carea' id='block_1_44' title="bbox 1017 336 1810 374">
    <p class='ocr_par' dir='ltr' id='par_1_44' title="bbox 1017 336 1810 374">
     <span class='ocr_line' id='line_1_44' title="bbox 1017 336 1810 374; baseline 0.004 -10"><span class='ocrx_word' id='word_1_322' title='bbox 1017 337 1064 365; x_wconf 85' lang='lat' dir='ltr'><strong>ille</strong></span> <span class='ocrx_word' id='word_1_323' title='bbox 1091 336 1273 372; x_wconf 78' lang='lat' dir='ltr'><strong>peregrinus,</strong></span> <span class='ocrx_word' id='word_1_324' title='bbox 1303 337 1428 370; x_wconf 84' lang='lat' dir='ltr'><strong>alienus,</strong></span> <span class='ocrx_word' id='word_1_325' title='bbox 1454 337 1577 373; x_wconf 83' lang='lat' dir='ltr'><strong>ignotus.</strong></span> <span class='ocrx_word' id='word_1_326' title='bbox 1607 337 1637 367; x_wconf 88' lang='lat' dir='ltr'><strong>Si</strong></span> <span class='ocrx_word' id='word_1_327' title='bbox 1663 338 1810 374; x_wconf 68' lang='lat' dir='ltr'><strong>inzequalia</strong></span> 
     </span>
    </p>
   </div>
   <div class='ocr_carea' id='block_1_45' title="bbox 1019 381 1810 417">
    <p class='ocr_par' dir='ltr' id='par_1_45' title="bbox 1019 381 1810 417">
     <span class='ocr_line' id='line_1_45' title="bbox 1019 381 1810 417; baseline 0.005 -8"><span class='ocrx_word' id='word_1_328' title='bbox 1019 381 1173 417; x_wconf 77' lang='lat' dir='ltr'><strong>aspexeris,</strong></span> <span class='ocrx_word' id='word_1_329' title='bbox 1195 381 1411 417; x_wconf 72' lang='lat' dir='ltr'><strong>haudquaquam</strong></span> <span class='ocrx_word' id='word_1_330' title='bbox 1430 382 1651 411; x_wconf 77' lang='lat' dir='ltr'><strong>misericordiam</strong></span> <span class='ocrx_word' id='word_1_331' title='bbox 1673 391 1810 413; x_wconf 52' lang='lat' dir='ltr'><strong>consecuh</strong></span> 
     </span>
    </p>
   </div>
   <div class='ocr_carea' id='block_1_46' title="bbox 1018 427 1811 459">
    <p class='ocr_par' dir='ltr' id='par_1_46' title="bbox 1018 427 1811 459">
     <span class='ocr_line' id='line_1_46' title="bbox 1018 427 1811 459; baseline 0.006 -5"><span class='ocrx_word' id='word_1_332' title='bbox 1018 431 1100 456; x_wconf 88' lang='lat' dir='ltr'><strong>turus</strong></span> <span class='ocrx_word' id='word_1_333' title='bbox 1119 435 1160 456; x_wconf 90' lang='lat' dir='ltr'><strong>es.</strong></span> <span class='ocrx_word' id='word_1_334' title='bbox 1184 427 1270 456; x_wconf 85' lang='lat' dir='ltr'><strong>Plana</strong></span> <span class='ocrx_word' id='word_1_335' title='bbox 1291 435 1384 456; x_wconf 77' lang='lat' dir='ltr'><strong>cerne.</strong></span> <span class='ocrx_word' id='word_1_336' title='bbox 1414 427 1518 456; x_wconf 83' lang='lat' dir='ltr'><strong>Natura</strong></span> <span class='ocrx_word' id='word_1_337' title='bbox 1537 436 1593 456; x_wconf 86' lang='lat' dir='ltr'><strong>una</strong></span> <span class='ocrx_word' id='word_1_338' title='bbox 1609 434 1651 458; x_wconf 87' lang='lat' dir='ltr'><strong>est</strong></span> <span class='ocrx_word' id='word_1_339' title='bbox 1677 439 1685 458; x_wconf 88' lang='lat'><strong>:</strong></span> <span class='ocrx_word' id='word_1_340' title='bbox 1712 439 1766 458; x_wconf 90' lang='lat' dir='ltr'><strong>una</strong></span> <span class='ocrx_word' id='word_1_341' title='bbox 1783 435 1811 459; x_wconf 87' lang='lat' dir='ltr'><strong>et</strong></span> 
     </span>
    </p>
   </div>
   <div class='ocr_carea' id='block_1_47' title="bbox 1018 472 1810 512">
    <p class='ocr_par' dir='ltr' id='par_1_47' title="bbox 1018 472 1810 512">
     <span class='ocr_line' id='line_1_47' title="bbox 1018 472 1810 512; baseline 0.004 -11"><span class='ocrx_word' id='word_1_342' title='bbox 1018 472 1116 501; x_wconf 87' lang='lat' dir='ltr'><strong>eadem</strong></span> <span class='ocrx_word' id='word_1_343' title='bbox 1134 473 1162 501; x_wconf 95' lang='lat' dir='ltr'><strong>in</strong></span> <span class='ocrx_word' id='word_1_344' title='bbox 1186 477 1307 509; x_wconf 86' lang='lat' dir='ltr'><strong>utroque</strong></span> <span class='ocrx_word' id='word_1_345' title='bbox 1327 473 1493 509; x_wconf 73' lang='lat' dir='ltr'><strong>indigentia.</strong></span> <span class='ocrx_word' id='word_1_346' title='bbox 1515 474 1565 502; x_wconf 88' lang='lat' dir='ltr'><strong>Da.</strong></span> <span class='ocrx_word' id='word_1_347' title='bbox 1584 474 1662 503; x_wconf 93' lang='lat' dir='ltr'><strong>fratri</strong></span> <span class='ocrx_word' id='word_1_348' title='bbox 1685 481 1712 504; x_wconf 88' lang='lat' dir='ltr'><strong>et</strong></span> <span class='ocrx_word' id='word_1_349' title='bbox 1736 485 1810 512; x_wconf 90' lang='lat' dir='ltr'><strong>perc-</strong></span> 
     </span>
    </p>
   </div>
   <div class='ocr_carea' id='block_1_48' title="bbox 1019 519 1809 555">
    <p class='ocr_par' dir='ltr' id='par_1_48' title="bbox 1019 519 1809 555">
     <span class='ocr_line' id='line_1_48' title="bbox 1019 519 1809 555; baseline 0.005 -9"><span class='ocrx_word' id='word_1_350' title='bbox 1019 519 1109 554; x_wconf 85' lang='lat' dir='ltr'><strong>grino.</strong></span> <span class='ocrx_word' id='word_1_351' title='bbox 1128 519 1175 546; x_wconf 86' lang='lat' dir='ltr'><strong>Sic</strong></span> <span class='ocrx_word' id='word_1_352' title='bbox 1191 523 1218 547; x_wconf 91' lang='lat' dir='ltr'><strong>te</strong></span> <span class='ocrx_word' id='word_1_353' title='bbox 1235 527 1378 555; x_wconf 86' lang='lat' dir='ltr'><strong>compara.</strong></span> <span class='ocrx_word' id='word_1_354' title='bbox 1397 526 1426 548; x_wconf 93' lang='lat' dir='ltr'><strong>ut</strong></span> <span class='ocrx_word' id='word_1_355' title='bbox 1447 528 1498 548; x_wconf 91' lang='lat' dir='ltr'><strong>nec</strong></span> <span class='ocrx_word' id='word_1_356' title='bbox 1524 520 1638 548; x_wconf 80' lang='lat' dir='ltr'><strong>fratrem</strong></span> <span class='ocrx_word' id='word_1_357' title='bbox 1661 524 1809 553; x_wconf 79' lang='lat' dir='ltr'><strong>averseris.</strong></span> 
     </span>
    </p>
   </div>
   <div class='ocr_carea' id='block_1_49' title="bbox 1020 564 1811 600">
    <p class='ocr_par' dir='ltr' id='par_1_49' title="bbox 1020 564 1811 600">
     <span class='ocr_line' id='line_1_49' title="bbox 1020 564 1811 600; baseline 0.005 -9"><span class='ocrx_word' id='word_1_358' title='bbox 1020 572 1071 592; x_wconf 90' lang='lat' dir='ltr'><strong>nec</strong></span> <span class='ocrx_word' id='word_1_359' title='bbox 1085 569 1162 592; x_wconf 88' lang='lat' dir='ltr'><strong>tuum</strong></span> <span class='ocrx_word' id='word_1_360' title='bbox 1187 564 1301 592; x_wconf 88' lang='lat' dir='ltr'><strong>fratrem</strong></span> <span class='ocrx_word' id='word_1_361' title='bbox 1324 565 1500 600; x_wconf 82' lang='lat' dir='ltr'><strong>peregrinum</strong></span> <span class='ocrx_word' id='word_1_362' title='bbox 1521 566 1619 594; x_wconf 86' lang='lat' dir='ltr'><strong>facias.</strong></span> <span class='ocrx_word' id='word_1_363' title='bbox 1635 566 1761 594; x_wconf 83' lang='lat' dir='ltr'><strong>Amicum</strong></span> <span class='ocrx_word' id='word_1_364' title='bbox 1776 567 1811 595; x_wconf 77' lang='lat' dir='ltr'><strong>ab</strong></span> 
     </span>
    </p>
   </div>
   <div class='ocr_carea' id='block_1_50' title="bbox 1020 611 1810 648">
    <p class='ocr_par' dir='ltr' id='par_1_50' title="bbox 1020 611 1810 648">
     <span class='ocr_line' id='line_1_50' title="bbox 1020 611 1810 648; baseline 0.003 -10"><span class='ocrx_word' id='word_1_365' title='bbox 1020 615 1152 639; x_wconf 73' lang='lat' dir='ltr'><strong>extraneo</strong></span> <span class='ocrx_word' id='word_1_366' title='bbox 1169 618 1203 639; x_wconf 90' lang='lat' dir='ltr'><strong>ne</strong></span> <span class='ocrx_word' id='word_1_367' title='bbox 1224 611 1390 646; x_wconf 86' lang='lat' dir='ltr'><strong>distinguas,</strong></span> <span class='ocrx_word' id='word_1_368' title='bbox 1407 612 1473 639; x_wconf 92' lang='lat' dir='ltr'><strong>dum</strong></span> <span class='ocrx_word' id='word_1_369' title='bbox 1490 612 1708 640; x_wconf 88' lang='lat' dir='ltr'><strong>necessitatibus</strong></span> <span class='ocrx_word' id='word_1_370' title='bbox 1724 613 1810 648; x_wconf 84' lang='lat' dir='ltr'><strong>ipsius</strong></span> 
     </span>
    </p>
   </div>
   <div class='ocr_carea' id='block_1_51' title="bbox 1021 656 1810 693">
    <p class='ocr_par' dir='ltr' id='par_1_51' title="bbox 1021 656 1810 693">
     <span class='ocr_line' id='line_1_51' title="bbox 1021 656 1810 693; baseline 0.003 -9"><span class='ocrx_word' id='word_1_371' title='bbox 1021 657 1192 685; x_wconf 81' lang='lat' dir='ltr'><strong>subveneris.</strong></span> <span class='ocrx_word' id='word_1_372' title='bbox 1212 656 1278 684; x_wconf 86' lang='lat' dir='ltr'><strong>Vult</strong></span> <span class='ocrx_word' id='word_1_373' title='bbox 1305 657 1378 685; x_wconf 89' lang='lat' dir='ltr'><strong>Deus</strong></span> <span class='ocrx_word' id='word_1_374' title='bbox 1397 658 1535 693; x_wconf 78' lang='lat' dir='ltr'><strong>egentium</strong></span> <span class='ocrx_word' id='word_1_375' title='bbox 1562 662 1589 686; x_wconf 88' lang='lat' dir='ltr'><strong>te</strong></span> <span class='ocrx_word' id='word_1_376' title='bbox 1607 659 1810 686; x_wconf 89' lang='lat' dir='ltr'><strong>consolatorem</strong></span> 
     </span>
    </p>
   </div>
   <div class='ocr_carea' id='block_1_52' title="bbox 1019 705 1812 740">
    <p class='ocr_par' dir='ltr' id='par_1_52' title="bbox 1019 705 1812 740">
     <span class='ocr_line' id='line_1_52' title="bbox 1019 705 1812 740; baseline 0 -8"><span class='ocrx_word' id='word_1_377' title='bbox 1019 711 1093 737; x_wconf 84' lang='lat' dir='ltr'><strong>esse,</strong></span> <span class='ocrx_word' id='word_1_378' title='bbox 1102 711 1157 731; x_wconf 91' lang='lat' dir='ltr'><strong>non</strong></span> <span class='ocrx_word' id='word_1_379' title='bbox 1167 711 1348 739; x_wconf 87' lang='lat' dir='ltr'><strong>personarum</strong></span> <span class='ocrx_word' id='word_1_380' title='bbox 1360 709 1532 739; x_wconf 82' lang='lat' dir='ltr'><strong>aceeptorem</strong></span> <span class='ocrx_word' id='word_1_381' title='bbox 1543 712 1551 738; x_wconf 87' lang='grc'>;</span> <span class='ocrx_word' id='word_1_382' title='bbox 1569 711 1623 731; x_wconf 84' lang='grc'><strong>11011</strong></span> <span class='ocrx_word' id='word_1_383' title='bbox 1633 705 1679 740; x_wconf 93' lang='lat' dir='ltr'><strong>qui</strong></span> <span class='ocrx_word' id='word_1_384' title='bbox 1695 709 1812 740; x_wconf 86' lang='lat' dir='ltr'><strong>cognato</strong></span> 
     </span>
    </p>
   </div>
   <div class='ocr_carea' id='block_1_53' title="bbox 1020 749 1813 785">
    <p class='ocr_par' dir='ltr' id='par_1_53' title="bbox 1020 749 1813 785">
     <span class='ocr_line' id='line_1_53' title="bbox 1020 749 1813 785; baseline 0.003 -8"><span class='ocrx_word' id='word_1_385' title='bbox 1020 749 1136 782; x_wconf 81' lang='lat' dir='ltr'><strong>tribuat,</strong></span> <span class='ocrx_word' id='word_1_386' title='bbox 1153 749 1273 777; x_wconf 91' lang='lat' dir='ltr'><strong>alienum</strong></span> <span class='ocrx_word' id='word_1_387' title='bbox 1289 754 1381 777; x_wconf 90' lang='lat' dir='ltr'><strong>autem</strong></span> <span class='ocrx_word' id='word_1_388' title='bbox 1391 749 1563 778; x_wconf 79' lang='lat' dir='ltr'><strong>submoveat.</strong></span> <span class='ocrx_word' id='word_1_389' title='bbox 1575 750 1677 778; x_wconf 86' lang='lat' dir='ltr'><strong>Omnes</strong></span> <span class='ocrx_word' id='word_1_390' title='bbox 1690 751 1813 785; x_wconf 79' lang='lat' dir='ltr'><strong>cognati.</strong></span> 
     </span>
    </p>
   </div>
   <div class='ocr_carea' id='block_1_54' title="bbox 1021 788 1810 831">
    <p class='ocr_par' dir='ltr' id='par_1_54' title="bbox 1021 788 1810 831">
     <span class='ocr_line' id='line_1_54' title="bbox 1021 788 1810 831; baseline 0.001 -8"><span class='ocrx_word' id='word_1_391' title='bbox 1021 803 1118 824; x_wconf 89' lang='lat' dir='ltr'><strong>omnes</strong></span> <span class='ocrx_word' id='word_1_392' title='bbox 1134 795 1233 824; x_wconf 82' lang='lat' dir='ltr'><strong>fratres</strong></span> <span class='ocrx_word' id='word_1_393' title='bbox 1249 803 1355 829; x_wconf 91' lang='lat' dir='ltr'><strong>sumus,</strong></span> <span class='ocrx_word' id='word_1_394' title='bbox 1372 804 1405 824; x_wconf 81' lang='lat' dir='ltr'><strong>ex</strong></span> <span class='ocrx_word' id='word_1_395' title='bbox 1419 803 1474 823; x_wconf 92' lang='lat' dir='ltr'><strong>uno</strong></span> <span class='ocrx_word' id='word_1_396' title='bbox 1490 800 1567 831; x_wconf 82' lang='lat' dir='ltr'><strong>patre</strong></span> <span class='ocrx_word' id='word_1_397' title='bbox 1582 788 1678 825; x_wconf 68' lang='lat' dir='ltr'><strong>omnes</strong></span> <span class='ocrx_word' id='word_1_398' title='bbox 1690 797 1810 824; x_wconf 84' lang='lat' dir='ltr'><strong>oriundi.</strong></span> 
     </span>
    </p>
   </div>
   <div class='ocr_carea' id='block_1_55' title="bbox 1025 842 1809 878">
    <p class='ocr_par' dir='ltr' id='par_1_55' title="bbox 1025 842 1809 878">
     <span class='ocr_line' id='line_1_55' title="bbox 1025 842 1809 878; baseline 0.001 -8"><span class='ocrx_word' id='word_1_399' title='bbox 1025 842 1053 870; x_wconf 86' lang='lat' dir='ltr'><strong>Si</strong></span> <span class='ocrx_word' id='word_1_400' title='bbox 1073 843 1248 878; x_wconf 87' lang='lat' dir='ltr'><strong>spiritualcm</strong></span> <span class='ocrx_word' id='word_1_401' title='bbox 1265 848 1372 878; x_wconf 82' lang='lat' dir='ltr'><strong>patrem</strong></span> <span class='ocrx_word' id='word_1_402' title='bbox 1397 843 1513 876; x_wconf 83' lang='lat' dir='ltr'><strong>dixeris,</strong></span> <span class='ocrx_word' id='word_1_403' title='bbox 1539 844 1585 872; x_wconf 91' lang='lat' dir='ltr'><strong>ille</strong></span> <span class='ocrx_word' id='word_1_404' title='bbox 1611 844 1734 872; x_wconf 75' lang='lat' dir='ltr'><strong>cmlcstis</strong></span> <span class='ocrx_word' id='word_1_405' title='bbox 1749 848 1809 872; x_wconf 79' lang='lat' dir='ltr'><strong>est:</strong></span> 
     </span>
    </p>
   </div>
   <div class='ocr_carea' id='block_1_56' title="bbox 1020 889 1812 925">
    <p class='ocr_par' dir='ltr' id='par_1_56' title="bbox 1020 889 1812 925">
     <span class='ocr_line' id='line_1_56' title="bbox 1020 889 1812 925; baseline 0.001 -9"><span class='ocrx_word' id='word_1_406' title='bbox 1020 889 1064 916; x_wconf 91' lang='lat' dir='ltr'><strong>sin</strong></span> <span class='ocrx_word' id='word_1_407' title='bbox 1078 892 1188 916; x_wconf 87' lang='lat' dir='ltr'><strong>terrena</strong></span> <span class='ocrx_word' id='word_1_408' title='bbox 1203 896 1321 924; x_wconf 83' lang='lat' dir='ltr'><strong>quaeras,</strong></span> <span class='ocrx_word' id='word_1_409' title='bbox 1344 894 1417 917; x_wconf 87' lang='lat' dir='ltr'><strong>terra</strong></span> <span class='ocrx_word' id='word_1_410' title='bbox 1432 895 1520 917; x_wconf 85' lang='lat' dir='ltr'><strong>maler</strong></span> <span class='ocrx_word' id='word_1_411' title='bbox 1539 894 1592 922; x_wconf 87' lang='lat' dir='ltr'><strong>est,</strong></span> <span class='ocrx_word' id='word_1_412' title='bbox 1607 894 1690 925; x_wconf 86' lang='lat' dir='ltr'><strong>atque</strong></span> <span class='ocrx_word' id='word_1_413' title='bbox 1707 898 1739 917; x_wconf 84' lang='lat' dir='ltr'><strong>cx</strong></span> <span class='ocrx_word' id='word_1_414' title='bbox 1759 898 1812 917; x_wconf 91' lang='lat' dir='ltr'><strong>uno</strong></span> 
     </span>
    </p>
   </div>
   <div class='ocr_carea' id='block_1_57' title="bbox 1019 934 1813 971">
    <p class='ocr_par' dir='ltr' id='par_1_57' title="bbox 1019 934 1813 971">
     <span class='ocr_line' id='line_1_57' title="bbox 1019 934 1813 971; baseline 0.001 -9"><span class='ocrx_word' id='word_1_415' title='bbox 1019 934 1172 970; x_wconf 87' lang='lat' dir='ltr'><strong>eodemque</strong></span> <span class='ocrx_word' id='word_1_416' title='bbox 1187 942 1283 963; x_wconf 88' lang='lat' dir='ltr'><strong>onmes</strong></span> <span class='ocrx_word' id='word_1_417' title='bbox 1310 935 1369 963; x_wconf 89' lang='lat' dir='ltr'><strong>luto</strong></span> <span class='ocrx_word' id='word_1_418' title='bbox 1390 935 1525 971; x_wconf 72' lang='lat' dir='ltr'><strong>compecti</strong></span> <span class='ocrx_word' id='word_1_419' title='bbox 1549 943 1658 965; x_wconf 88' lang='lat' dir='ltr'><strong>sumus.</strong></span> <span class='ocrx_word' id='word_1_420' title='bbox 1678 935 1813 969; x_wconf 79' lang='lat' dir='ltr'><strong>Quocirca</strong></span> 
     </span>
    </p>
   </div>
   <div class='ocr_carea' id='block_1_58' title="bbox 1020 981 1813 1010">
    <p class='ocr_par' dir='ltr' id='par_1_58' title="bbox 1020 981 1813 1010">
     <span class='ocr_line' id='line_1_58' title="bbox 1020 981 1813 1010; baseline 0.003 -2"><span class='ocrx_word' id='word_1_421' title='bbox 1020 983 1048 1008; x_wconf 87' lang='lat' dir='ltr'><strong>et</strong></span> <span class='ocrx_word' id='word_1_422' title='bbox 1063 984 1164 1008; x_wconf 86' lang='lat' dir='ltr'><strong>natura</strong></span> <span class='ocrx_word' id='word_1_423' title='bbox 1181 989 1263 1009; x_wconf 84' lang='lat' dir='ltr'><strong>soror</strong></span> <span class='ocrx_word' id='word_1_424' title='bbox 1284 981 1405 1009; x_wconf 89' lang='lat' dir='ltr'><strong>carnalis</strong></span> <span class='ocrx_word' id='word_1_425' title='bbox 1419 986 1461 1009; x_wconf 89' lang='lat' dir='ltr'><strong>est</strong></span> <span class='ocrx_word' id='word_1_426' title='bbox 1479 990 1485 1008; x_wconf 72' lang='grc' dir='ltr'><strong>ι</strong></span> <span class='ocrx_word' id='word_1_427' title='bbox 1501 989 1581 1009; x_wconf 85' lang='lat' dir='ltr'><strong>soror</strong></span> <span class='ocrx_word' id='word_1_428' title='bbox 1600 983 1664 1010; x_wconf 91' lang='lat' dir='ltr'><strong>item</strong></span> <span class='ocrx_word' id='word_1_429' title='bbox 1682 983 1813 1010; x_wconf 89' lang='lat' dir='ltr'><strong>uativilas</strong></span> 
     </span>
    </p>
   </div>
   <div class='ocr_carea' id='block_1_59' title="bbox 1022 1025 1821 1062">
    <p class='ocr_par' dir='ltr' id='par_1_59' title="bbox 1022 1025 1821 1062">
     <span class='ocr_line' id='line_1_59' title="bbox 1022 1025 1821 1062; baseline 0 -10"><span class='ocrx_word' id='word_1_430' title='bbox 1022 1025 1188 1061; x_wconf 83' lang='lat' dir='ltr'><strong>spiritualis.</strong></span> <span class='ocrx_word' id='word_1_431' title='bbox 1205 1025 1338 1053; x_wconf 87' lang='lat' dir='ltr'><strong>Eumdem</strong></span> <span class='ocrx_word' id='word_1_432' title='bbox 1356 1026 1405 1054; x_wconf 87' lang='lat' dir='ltr'><strong>tibi</strong></span> <span class='ocrx_word' id='word_1_433' title='bbox 1424 1026 1476 1054; x_wconf 82' lang='lat' dir='ltr'><strong>fert</strong></span> <span class='ocrx_word' id='word_1_434' title='bbox 1490 1034 1504 1053; x_wconf 92' lang='lat' dir='ltr'><strong>a</strong></span> <span class='ocrx_word' id='word_1_435' title='bbox 1520 1027 1609 1062; x_wconf 92' lang='lat' dir='ltr'><strong>primo</strong></span> <span class='ocrx_word' id='word_1_436' title='bbox 1620 1027 1732 1055; x_wconf 85' lang='lat' dir='ltr'><strong>homine</strong></span> <span class='ocrx_word' id='word_1_437' title='bbox 1748 1035 1821 1055; x_wconf 50' lang='lat' dir='ltr'><strong>sau‘</strong></span> 
     </span>
    </p>
   </div>
   <div class='ocr_carea' id='block_1_60' title="bbox 1021 1071 1812 1108">
    <p class='ocr_par' dir='ltr' id='par_1_60' title="bbox 1021 1071 1812 1108">
     <span class='ocr_line' id='line_1_60' title="bbox 1021 1071 1812 1108; baseline 0.003 -10"><span class='ocrx_word' id='word_1_438' title='bbox 1021 1071 1150 1106; x_wconf 85' lang='lat' dir='ltr'><strong>guinem;</strong></span> <span class='ocrx_word' id='word_1_439' title='bbox 1169 1071 1294 1100; x_wconf 88' lang='lat' dir='ltr'><strong>eamdem</strong></span> <span class='ocrx_word' id='word_1_440' title='bbox 1308 1072 1358 1099; x_wconf 86' lang='lat' dir='ltr'><strong>tibi</strong></span> <span class='ocrx_word' id='word_1_441' title='bbox 1376 1080 1390 1099; x_wconf 88' lang='lat' dir='ltr'><strong>a</strong></span> <span class='ocrx_word' id='word_1_442' title='bbox 1410 1072 1527 1100; x_wconf 88' lang='lat' dir='ltr'><strong>Domino</strong></span> <span class='ocrx_word' id='word_1_443' title='bbox 1539 1072 1656 1108; x_wconf 80' lang='lat' dir='ltr'><strong>gratiam</strong></span> <span class='ocrx_word' id='word_1_444' title='bbox 1672 1073 1812 1101; x_wconf 86' lang='lat' dir='ltr'><strong>conciliat.</strong></span> 
     </span>
    </p>
   </div>
   <div class='ocr_carea' id='block_1_61' title="bbox 1020 1116 1814 1152">
    <p class='ocr_par' dir='ltr' id='par_1_61' title="bbox 1020 1116 1814 1152">
     <span class='ocr_line' id='line_1_61' title="bbox 1020 1116 1814 1152; baseline 0.004 -9"><span class='ocrx_word' id='word_1_445' title='bbox 1020 1116 1110 1144; x_wconf 84' lang='lat' dir='ltr'><strong>Cerne</strong></span> <span class='ocrx_word' id='word_1_446' title='bbox 1124 1116 1208 1152; x_wconf 89' lang='lat' dir='ltr'><strong>igitur</strong></span> <span class='ocrx_word' id='word_1_447' title='bbox 1220 1117 1312 1151; x_wconf 86' lang='lat' dir='ltr'><strong>plana,</strong></span> <span class='ocrx_word' id='word_1_448' title='bbox 1333 1121 1362 1144; x_wconf 92' lang='lat' dir='ltr'><strong>ut</strong></span> <span class='ocrx_word' id='word_1_449' title='bbox 1378 1117 1600 1145; x_wconf 88' lang='lat' dir='ltr'><strong>misericordiam</strong></span> <span class='ocrx_word' id='word_1_450' title='bbox 1619 1117 1753 1146; x_wconf 74' lang='lat' dir='ltr'><strong>invenias.</strong></span> <span class='ocrx_word' id='word_1_451' title='bbox 1773 1117 1814 1146; x_wconf 83' lang='lat' dir='ltr'><strong>Ne</strong></span> 
     </span>
    </p>
   </div>
   <div class='ocr_carea' id='block_1_62' title="bbox 1021 1161 1815 1199">
    <p class='ocr_par' dir='ltr' id='par_1_62' title="bbox 1021 1161 1815 1199">
     <span class='ocr_line' id='line_1_62' title="bbox 1021 1161 1815 1199; baseline 0.004 -10"><span class='ocrx_word' id='word_1_452' title='bbox 1021 1161 1127 1190; x_wconf 80' lang='lat' dir='ltr'><strong>dixeris</strong></span> <span class='ocrx_word' id='word_1_453' title='bbox 1154 1169 1161 1189; x_wconf 89' lang='lat'><strong>:</strong></span> <span class='ocrx_word' id='word_1_454' title='bbox 1189 1161 1240 1189; x_wconf 89' lang='lat' dir='ltr'><strong>llic</strong></span> <span class='ocrx_word' id='word_1_455' title='bbox 1264 1162 1341 1190; x_wconf 83' lang='lat' dir='ltr'><strong>dives</strong></span> <span class='ocrx_word' id='word_1_456' title='bbox 1366 1166 1428 1195; x_wconf 86' lang='lat' dir='ltr'><strong>est,</strong></span> <span class='ocrx_word' id='word_1_457' title='bbox 1459 1165 1486 1190; x_wconf 89' lang='lat' dir='ltr'><strong>et</strong></span> <span class='ocrx_word' id='word_1_458' title='bbox 1512 1162 1616 1191; x_wconf 86' lang='lat' dir='ltr'><strong>honore</strong></span> <span class='ocrx_word' id='word_1_459' title='bbox 1641 1163 1760 1199; x_wconf 79' lang='lat' dir='ltr'><strong>dignus;</strong></span> <span class='ocrx_word' id='word_1_460' title='bbox 1790 1164 1815 1192; x_wconf 79' lang='lat' dir='ltr'><strong>is‘</strong></span> 
     </span>
    </p>
   </div>
   <div class='ocr_carea' id='block_1_63' title="bbox 1022 1210 1811 1245">
    <p class='ocr_par' dir='ltr' id='par_1_63' title="bbox 1022 1210 1811 1245">
     <span class='ocr_line' id='line_1_63' title="bbox 1022 1210 1811 1245; baseline 0 -8"><span class='ocrx_word' id='word_1_461' title='bbox 1022 1216 1086 1237; x_wconf 87' lang='lat' dir='ltr'><strong>vero</strong></span> <span class='ocrx_word' id='word_1_462' title='bbox 1121 1216 1237 1244; x_wconf 87' lang='lat' dir='ltr'><strong>pauper,</strong></span> <span class='ocrx_word' id='word_1_463' title='bbox 1271 1214 1300 1236; x_wconf 89' lang='lat' dir='ltr'><strong>ut</strong></span> <span class='ocrx_word' id='word_1_464' title='bbox 1329 1217 1477 1245; x_wconf 82' lang='lat' dir='ltr'><strong>pauperem</strong></span> <span class='ocrx_word' id='word_1_465' title='bbox 1515 1215 1638 1245; x_wconf 85' lang='lat' dir='ltr'><strong>spretum</strong></span> <span class='ocrx_word' id='word_1_466' title='bbox 1677 1210 1811 1238; x_wconf 83' lang='lat' dir='ltr'><strong>habeas:</strong></span> 
     </span>
    </p>
   </div>
   <div class='ocr_carea' id='block_1_64' title="bbox 1022 1255 1814 1291">
    <p class='ocr_par' dir='ltr' id='par_1_64' title="bbox 1022 1255 1814 1291">
     <span class='ocr_line' id='line_1_64' title="bbox 1022 1255 1814 1291; baseline 0.003 -9"><span class='ocrx_word' id='word_1_467' title='bbox 1022 1263 1057 1282; x_wconf 89' lang='lat' dir='ltr'><strong>ne</strong></span> <span class='ocrx_word' id='word_1_468' title='bbox 1072 1255 1207 1290; x_wconf 86' lang='lat' dir='ltr'><strong>ejusmodi</strong></span> <span class='ocrx_word' id='word_1_469' title='bbox 1236 1256 1431 1290; x_wconf 75' lang='lat' dir='ltr'><strong>przeccllentiis</strong></span> <span class='ocrx_word' id='word_1_470' title='bbox 1461 1256 1579 1284; x_wconf 87' lang='lat' dir='ltr'><strong>honores</strong></span> <span class='ocrx_word' id='word_1_471' title='bbox 1608 1256 1814 1291; x_wconf 70' lang='lat' dir='ltr'><strong>inmquab‘ilitcr</strong></span> 
     </span>
    </p>
   </div>
   <div class='ocr_carea' id='block_1_65' title="bbox 1022 1301 1815 1337">
    <p class='ocr_par' dir='ltr' id='par_1_65' title="bbox 1022 1301 1815 1337">
     <span class='ocr_line' id='line_1_65' title="bbox 1022 1301 1815 1337; baseline 0.001 -8"><span class='ocrx_word' id='word_1_472' title='bbox 1022 1301 1186 1330; x_wconf 86' lang='lat' dir='ltr'><strong>distribuas.</strong></span> <span class='ocrx_word' id='word_1_473' title='bbox 1199 1301 1280 1330; x_wconf 77' lang='lat' dir='ltr'><strong>Dives</strong></span> <span class='ocrx_word' id='word_1_474' title='bbox 1297 1302 1398 1337; x_wconf 89' lang='lat' dir='ltr'><strong>quippe</strong></span> <span class='ocrx_word' id='word_1_475' title='bbox 1411 1302 1528 1329; x_wconf 84' lang='lat' dir='ltr'><strong>mendax</strong></span> <span class='ocrx_word' id='word_1_476' title='bbox 1543 1307 1595 1335; x_wconf 88' lang='lat' dir='ltr'><strong>est,</strong></span> <span class='ocrx_word' id='word_1_477' title='bbox 1610 1302 1686 1330; x_wconf 85' lang='lat' dir='ltr'><strong>dives</strong></span> <span class='ocrx_word' id='word_1_478' title='bbox 1704 1306 1746 1330; x_wconf 89' lang='lat' dir='ltr'><strong>est</strong></span> <span class='ocrx_word' id='word_1_479' title='bbox 1759 1302 1815 1330; x_wconf 90' lang='lat' dir='ltr'><strong>for-</strong></span> 
     </span>
    </p>
   </div>
   <div class='ocr_carea' id='block_1_66' title="bbox 1023 1347 1813 1383">
    <p class='ocr_par' dir='ltr' id='par_1_66' title="bbox 1023 1347 1813 1383">
     <span class='ocr_line' id='line_1_66' title="bbox 1023 1347 1813 1383; baseline 0.003 -9"><span class='ocrx_word' id='word_1_480' title='bbox 1023 1347 1148 1380; x_wconf 67' lang='lat' dir='ltr'><strong>nicatorl</strong></span> <span class='ocrx_word' id='word_1_481' title='bbox 1163 1355 1248 1383; x_wconf 86' lang='lat' dir='ltr'><strong>rapax</strong></span> <span class='ocrx_word' id='word_1_482' title='bbox 1265 1352 1324 1380; x_wconf 86' lang='lat' dir='ltr'><strong>est;</strong></span> <span class='ocrx_word' id='word_1_483' title='bbox 1343 1353 1440 1375; x_wconf 87' lang='lat' dir='ltr'><strong>contra</strong></span> <span class='ocrx_word' id='word_1_484' title='bbox 1456 1355 1522 1376; x_wconf 79' lang='lat' dir='ltr'><strong>vero</strong></span> <span class='ocrx_word' id='word_1_485' title='bbox 1538 1356 1642 1383; x_wconf 80' lang='lat' dir='ltr'><strong>pauper</strong></span> <span class='ocrx_word' id='word_1_486' title='bbox 1657 1349 1748 1383; x_wconf 88' lang='lat' dir='ltr'><strong>justus</strong></span> <span class='ocrx_word' id='word_1_487' title='bbox 1760 1353 1813 1376; x_wconf 84' lang='lat' dir='ltr'><strong>est.</strong></span> 
     </span>
    </p>
   </div>
   <div class='ocr_carea' id='block_1_67' title="bbox 1022 1393 1813 1430">
    <p class='ocr_par' dir='ltr' id='par_1_67' title="bbox 1022 1393 1813 1430">
     <span class='ocr_line' id='line_1_67' title="bbox 1022 1393 1813 1430; baseline 0.003 -10"><span class='ocrx_word' id='word_1_488' title='bbox 1022 1393 1295 1429; x_wconf 51' lang='lat' dir='ltr'><strong>Nequaquamxigitur</strong></span> <span class='ocrx_word' id='word_1_489' title='bbox 1308 1394 1341 1421; x_wconf 84' lang='lat' dir='ltr'><strong>ad</strong></span> <span class='ocrx_word' id='word_1_490' title='bbox 1351 1398 1495 1422; x_wconf 88' lang='lat' dir='ltr'><strong>externum</strong></span> <span class='ocrx_word' id='word_1_491' title='bbox 1507 1395 1681 1430; x_wconf 86' lang='lat' dir='ltr'><strong>splendorem</strong></span> <span class='ocrx_word' id='word_1_492' title='bbox 1691 1395 1813 1422; x_wconf 86' lang='lat' dir='ltr'><strong>animum</strong></span> 
     </span>
    </p>
   </div>
   <div class='ocr_carea' id='block_1_68' title="bbox 1023 1440 1814 1476">
    <p class='ocr_par' dir='ltr' id='par_1_68' title="bbox 1023 1440 1814 1476">
     <span class='ocr_line' id='line_1_68' title="bbox 1023 1440 1814 1476; baseline 0.003 -10"><span class='ocrx_word' id='word_1_493' title='bbox 1023 1440 1152 1474; x_wconf 74' lang='lat' dir='ltr'><strong>adiicias,</strong></span> <span class='ocrx_word' id='word_1_494' title='bbox 1173 1441 1221 1468; x_wconf 89' lang='lat' dir='ltr'><strong>sed</strong></span> <span class='ocrx_word' id='word_1_495' title='bbox 1242 1442 1268 1467; x_wconf 86' lang='lat' dir='ltr'><strong>in</strong></span> <span class='ocrx_word' id='word_1_496' title='bbox 1289 1440 1426 1467; x_wconf 88' lang='lat' dir='ltr'><strong>occultum</strong></span> <span class='ocrx_word' id='word_1_497' title='bbox 1448 1440 1618 1476; x_wconf 77' lang='lat' dir='ltr'><strong>ingrediens,</strong></span> <span class='ocrx_word' id='word_1_498' title='bbox 1639 1441 1695 1468; x_wconf 93' lang='lat' dir='ltr'><strong>illic</strong></span> <span class='ocrx_word' id='word_1_499' title='bbox 1712 1440 1814 1469; x_wconf 89' lang='lat' dir='ltr'><strong>discri-</strong></span> 
     </span>
    </p>
   </div>
   <div class='ocr_carea' id='block_1_69' title="bbox 1023 1485 1819 1521">
    <p class='ocr_par' dir='ltr' id='par_1_69' title="bbox 1023 1485 1819 1521">
     <span class='ocr_line' id='line_1_69' title="bbox 1023 1485 1819 1521; baseline 0.001 -9"><span class='ocrx_word' id='word_1_500' title='bbox 1023 1485 1095 1512; x_wconf 86' lang='lat' dir='ltr'><strong>mina</strong></span> <span class='ocrx_word' id='word_1_501' title='bbox 1123 1485 1236 1519; x_wconf 87' lang='lat' dir='ltr'><strong>partire.</strong></span> <span class='ocrx_word' id='word_1_502' title='bbox 1267 1485 1334 1513; x_wconf 84' lang='lat' dir='ltr'><strong>Eum</strong></span> <span class='ocrx_word' id='word_1_503' title='bbox 1357 1486 1472 1518; x_wconf 87' lang='lat' dir='ltr'><strong>honora,</strong></span> <span class='ocrx_word' id='word_1_504' title='bbox 1489 1486 1536 1520; x_wconf 86' lang='lat' dir='ltr'><strong>qui</strong></span> <span class='ocrx_word' id='word_1_505' title='bbox 1555 1493 1600 1514; x_wconf 88' lang='lat' dir='ltr'><strong>res</strong></span> <span class='ocrx_word' id='word_1_506' title='bbox 1615 1486 1709 1514; x_wconf 76' lang='lat' dir='ltr'><strong>eximii</strong></span> <span class='ocrx_word' id='word_1_507' title='bbox 1735 1487 1819 1521; x_wconf 82' lang='lat' dir='ltr'><strong>pretii</strong></span> 
     </span>
    </p>
   </div>
   <div class='ocr_carea' id='block_1_70' title="bbox 1023 1530 1819 1566">
    <p class='ocr_par' dir='ltr' id='par_1_70' title="bbox 1023 1530 1819 1566">
     <span class='ocr_line' id='line_1_70' title="bbox 1023 1530 1819 1566; baseline 0.001 -8"><span class='ocrx_word' id='word_1_508' title='bbox 1023 1531 1158 1566; x_wconf 84' lang='lat' dir='ltr'><strong>possidet.</strong></span> <span class='ocrx_word' id='word_1_509' title='bbox 1180 1530 1281 1558; x_wconf 78' lang='lat' dir='ltr'><strong>Utrum</strong></span> <span class='ocrx_word' id='word_1_510' title='bbox 1300 1540 1315 1559; x_wconf 91' lang='lat' dir='ltr'><strong>e</strong></span> <span class='ocrx_word' id='word_1_511' title='bbox 1329 1531 1439 1559; x_wconf 92' lang='lat' dir='ltr'><strong>duobus</strong></span> <span class='ocrx_word' id='word_1_512' title='bbox 1455 1533 1643 1566; x_wconf 75' lang='lat' dir='ltr'><strong>praestantius,</strong></span> <span class='ocrx_word' id='word_1_513' title='bbox 1660 1532 1759 1565; x_wconf 85' lang='lat' dir='ltr'><strong>virtus,</strong></span> <span class='ocrx_word' id='word_1_514' title='bbox 1779 1539 1819 1559; x_wconf 84' lang='lat' dir='ltr'><strong>an-</strong></span> 
     </span>
    </p>
   </div>
   <div class='ocr_carea' id='block_1_71' title="bbox 1023 1576 1815 1613">
    <p class='ocr_par' dir='ltr' id='par_1_71' title="bbox 1023 1576 1815 1613">
     <span class='ocr_line' id='line_1_71' title="bbox 1023 1576 1815 1613; baseline -0.001 -8"><span class='ocrx_word' id='word_1_515' title='bbox 1023 1577 1109 1613; x_wconf 79' lang='lat' dir='ltr'><strong>opes?</strong></span> <span class='ocrx_word' id='word_1_516' title='bbox 1120 1577 1195 1610; x_wconf 77' lang='lat' dir='ltr'><strong>Quid</strong></span> <span class='ocrx_word' id='word_1_517' title='bbox 1211 1577 1245 1605; x_wconf 89' lang='lat' dir='ltr'><strong>ab</strong></span> <span class='ocrx_word' id='word_1_518' title='bbox 1257 1577 1379 1605; x_wconf 83' lang='lat' dir='ltr'><strong>externis</strong></span> <span class='ocrx_word' id='word_1_519' title='bbox 1396 1585 1543 1605; x_wconf 84' lang='lat' dir='ltr'><strong>censuram</strong></span> <span class='ocrx_word' id='word_1_520' title='bbox 1559 1576 1640 1610; x_wconf 79' lang='lat' dir='ltr'><strong>facis,</strong></span> <span class='ocrx_word' id='word_1_521' title='bbox 1658 1577 1741 1613; x_wconf 67' lang='lat' dir='ltr'><strong><em>m</em></strong></span> <span class='ocrx_word' id='word_1_522' title='bbox 1763 1585 1815 1605; x_wconf 89' lang='lat' dir='ltr'><strong>nec</strong></span> 
     </span>
    </p>
   </div>
   <div class='ocr_carea' id='block_1_72' title="bbox 1020 1623 1814 1660">
    <p class='ocr_par' dir='ltr' id='par_1_72' title="bbox 1020 1623 1814 1660">
     <span class='ocr_line' id='line_1_72' title="bbox 1020 1623 1814 1660; baseline -0.001 -9"><span class='ocrx_word' id='word_1_523' title='bbox 1020 1632 1082 1660; x_wconf 64' lang='lat' dir='ltr'><strong>quae</strong></span> <span class='ocrx_word' id='word_1_524' title='bbox 1097 1623 1190 1651; x_wconf 86' lang='lat' dir='ltr'><strong>abdita</strong></span> <span class='ocrx_word' id='word_1_525' title='bbox 1208 1628 1283 1656; x_wconf 87' lang='lat' dir='ltr'><strong>sunt,</strong></span> <span class='ocrx_word' id='word_1_526' title='bbox 1304 1623 1437 1651; x_wconf 78' lang='lat' dir='ltr'><strong>excutis?</strong></span> <span class='ocrx_word' id='word_1_527' title='bbox 1452 1623 1552 1651; x_wconf 79' lang='lat' dir='ltr'><strong>Annon</strong></span> <span class='ocrx_word' id='word_1_528' title='bbox 1572 1624 1650 1652; x_wconf 82' lang='lat' dir='ltr'><strong>vides</strong></span> <span class='ocrx_word' id='word_1_529' title='bbox 1663 1623 1709 1651; x_wconf 83' lang='lat' dir='ltr'><strong>Bel</strong></span> <span class='ocrx_word' id='word_1_530' title='bbox 1725 1624 1814 1656; x_wconf 85' lang='lat' dir='ltr'><strong>illum,</strong></span> 
     </span>
    </p>
   </div>
   <div class='ocr_carea' id='block_1_73' title="bbox 1021 1670 1813 1706">
    <p class='ocr_par' dir='ltr' id='par_1_73' title="bbox 1021 1670 1813 1706">
     <span class='ocr_line' id='line_1_73' title="bbox 1021 1670 1813 1706; baseline -0.003 -8"><span class='ocrx_word' id='word_1_531' title='bbox 1021 1674 1134 1699; x_wconf 81' lang='lat' dir='ltr'><strong>externe</strong></span> <span class='ocrx_word' id='word_1_532' title='bbox 1150 1670 1261 1706; x_wconf 87' lang='lat' dir='ltr'><strong>quidem</strong></span> <span class='ocrx_word' id='word_1_533' title='bbox 1278 1677 1390 1701; x_wconf 64' lang='lat' dir='ltr'><strong>aereum,</strong></span> <span class='ocrx_word' id='word_1_534' title='bbox 1408 1670 1516 1697; x_wconf 90' lang='lat' dir='ltr'><strong>interne</strong></span> <span class='ocrx_word' id='word_1_535' title='bbox 1528 1673 1620 1697; x_wconf 86' lang='lat' dir='ltr'><strong>autem</strong></span> <span class='ocrx_word' id='word_1_536' title='bbox 1639 1670 1726 1697; x_wconf 91' lang='lat' dir='ltr'><strong>lutum</strong></span> <span class='ocrx_word' id='word_1_537' title='bbox 1741 1677 1813 1702; x_wconf 83' lang='lat' dir='ltr'><strong>esse,</strong></span> 
     </span>
    </p>
   </div>
   <div class='ocr_carea' id='block_1_74' title="bbox 1021 1715 1815 1752">
    <p class='ocr_par' dir='ltr' id='par_1_74' title="bbox 1021 1715 1815 1752">
     <span class='ocr_line' id='line_1_74' title="bbox 1021 1715 1815 1752; baseline -0.003 -7"><span class='ocrx_word' id='word_1_538' title='bbox 1021 1718 1073 1746; x_wconf 91' lang='lat' dir='ltr'><strong>sub</strong></span> <span class='ocrx_word' id='word_1_539' title='bbox 1084 1724 1138 1745; x_wconf 65' lang='lat' dir='ltr'><strong>aere</strong></span> <span class='ocrx_word' id='word_1_540' title='bbox 1156 1717 1270 1752; x_wconf 77' lang='lat' dir='ltr'><strong>fulgenti</strong></span> <span class='ocrx_word' id='word_1_541' title='bbox 1286 1716 1513 1744; x_wconf 77' lang='lat' dir='ltr'><strong>delitescentem?</strong></span> <span class='ocrx_word' id='word_1_542' title='bbox 1531 1715 1559 1743; x_wconf 88' lang='lat' dir='ltr'><strong>Si</strong></span> <span class='ocrx_word' id='word_1_543' title='bbox 1574 1715 1698 1744; x_wconf 89' lang='lat' dir='ltr'><strong>homines</strong></span> <span class='ocrx_word' id='word_1_544' title='bbox 1718 1716 1745 1743; x_wconf 91' lang='lat' dir='ltr'><strong>in</strong></span> <span class='ocrx_word' id='word_1_545' title='bbox 1763 1716 1815 1743; x_wconf 89' lang='lat' dir='ltr'><strong>hac</strong></span> 
     </span>
    </p>
   </div>
   <div class='ocr_carea' id='block_1_75' title="bbox 1022 1761 1813 1797">
    <p class='ocr_par' dir='ltr' id='par_1_75' title="bbox 1022 1761 1813 1797">
     <span class='ocr_line' id='line_1_75' title="bbox 1022 1761 1813 1797; baseline 0 -8"><span class='ocrx_word' id='word_1_546' title='bbox 1022 1762 1080 1789; x_wconf 87' lang='lat' dir='ltr'><strong>vita</strong></span> <span class='ocrx_word' id='word_1_547' title='bbox 1097 1761 1258 1797; x_wconf 88' lang='lat' dir='ltr'><strong>splendidos</strong></span> <span class='ocrx_word' id='word_1_548' title='bbox 1276 1765 1303 1789; x_wconf 87' lang='lat' dir='ltr'><strong>et</strong></span> <span class='ocrx_word' id='word_1_549' title='bbox 1324 1761 1450 1789; x_wconf 88' lang='lat' dir='ltr'><strong>illustres</strong></span> <span class='ocrx_word' id='word_1_550' title='bbox 1474 1761 1590 1794; x_wconf 87' lang='lat' dir='ltr'><strong>videris,</strong></span> <span class='ocrx_word' id='word_1_551' title='bbox 1615 1762 1668 1788; x_wconf 92' lang='lat' dir='ltr'><strong>hoc</strong></span> <span class='ocrx_word' id='word_1_552' title='bbox 1693 1761 1813 1793; x_wconf 84' lang='lat' dir='ltr'><strong>noveris,</strong></span> 
     </span>
    </p>
   </div>
   <div class='ocr_carea' id='block_1_76' title="bbox 1021 1807 1815 1844">
    <p class='ocr_par' dir='ltr' id='par_1_76' title="bbox 1021 1807 1815 1844">
     <span class='ocr_line' id='line_1_76' title="bbox 1021 1807 1815 1844; baseline -0.004 -8"><span class='ocrx_word' id='word_1_553' title='bbox 1021 1816 1069 1836; x_wconf 92' lang='lat' dir='ltr'><strong>eos</strong></span> <span class='ocrx_word' id='word_1_554' title='bbox 1086 1816 1141 1836; x_wconf 72' lang='lat' dir='ltr'><strong>tere</strong></span> <span class='ocrx_word' id='word_1_555' title='bbox 1156 1808 1266 1843; x_wconf 87' lang='lat' dir='ltr'><strong>quidem</strong></span> <span class='ocrx_word' id='word_1_556' title='bbox 1288 1808 1409 1843; x_wconf 86' lang='lat' dir='ltr'><strong>undique</strong></span> <span class='ocrx_word' id='word_1_557' title='bbox 1429 1807 1543 1844; x_wconf 83' lang='lat' dir='ltr'><strong>fulgere,</strong></span> <span class='ocrx_word' id='word_1_558' title='bbox 1563 1808 1638 1835; x_wconf 77' lang='lat' dir='ltr'><strong>intris</strong></span> <span class='ocrx_word' id='word_1_559' title='bbox 1650 1815 1716 1835; x_wconf 85' lang='lat' dir='ltr'><strong>vero</strong></span> <span class='ocrx_word' id='word_1_560' title='bbox 1727 1808 1815 1834; x_wconf 83' lang='lat' dir='ltr'><strong>lutum</strong></span> 
     </span>
    </p>
   </div>
   <div class='ocr_carea' id='block_1_77' title="bbox 1020 1854 1815 1890">
    <p class='ocr_par' dir='ltr' id='par_1_77' title="bbox 1020 1854 1815 1890">
     <span class='ocr_line' id='line_1_77' title="bbox 1020 1854 1815 1890; baseline -0.003 -8"><span class='ocrx_word' id='word_1_561' title='bbox 1020 1862 1092 1883; x_wconf 91' lang='lat' dir='ltr'><strong>esse.</strong></span> <span class='ocrx_word' id='word_1_562' title='bbox 1115 1854 1219 1882; x_wconf 87' lang='lat' dir='ltr'><strong>Contra</strong></span> <span class='ocrx_word' id='word_1_563' title='bbox 1234 1855 1357 1890; x_wconf 90' lang='lat' dir='ltr'><strong>plerique</strong></span> <span class='ocrx_word' id='word_1_564' title='bbox 1379 1859 1442 1882; x_wconf 88' lang='lat' dir='ltr'><strong>sunt</strong></span> <span class='ocrx_word' id='word_1_565' title='bbox 1475 1855 1521 1890; x_wconf 91' lang='lat' dir='ltr'><strong>qui</strong></span> <span class='ocrx_word' id='word_1_566' title='bbox 1549 1862 1646 1882; x_wconf 90' lang='lat' dir='ltr'><strong>aurum</strong></span> <span class='ocrx_word' id='word_1_567' title='bbox 1673 1855 1748 1882; x_wconf 90' lang='lat' dir='ltr'><strong>intus</strong></span> <span class='ocrx_word' id='word_1_568' title='bbox 1766 1854 1815 1881; x_wconf 82' lang='lat' dir='ltr'><strong>ha-</strong></span> 
     </span>
    </p>
   </div>
   <div class='ocr_carea' id='block_1_78' title="bbox 175 1897 1815 1935">
    <p class='ocr_par' dir='ltr' id='par_1_78' title="bbox 175 1897 1815 1935">
     <span class='ocr_line' id='line_1_78' title="bbox 175 1897 1815 1935; baseline 0.001 -9"><span class='ocrx_word' id='word_1_569' title='bbox 175 1898 268 1930; x_wconf 85' lang='lat' dir='ltr'><strong>beant,</strong></span> <span class='ocrx_word' id='word_1_570' title='bbox 283 1902 362 1926; x_wconf 80' lang='lat' dir='ltr'><strong>extra</strong></span> <span class='ocrx_word' id='word_1_571' title='bbox 379 1902 472 1926; x_wconf 87' lang='lat' dir='ltr'><strong>autem</strong></span> <span class='ocrx_word' id='word_1_572' title='bbox 488 1903 585 1926; x_wconf 88' lang='lat' dir='ltr'><strong>testam</strong></span> <span class='ocrx_word' id='word_1_573' title='bbox 604 1902 712 1934; x_wconf 78' lang='lat' dir='ltr'><strong>gerant.</strong></span> <span class='ocrx_word' id='word_1_574' title='bbox 735 1897 786 1926; x_wconf 87' lang='lat' dir='ltr'><strong>Hie</strong></span> <span class='ocrx_word' id='word_1_575' title='bbox 817 1898 978 1933; x_wconf 86' lang='lat' dir='ltr'><strong>pudicitiam</strong></span> <span class='ocrx_word' id='word_1_576' title='bbox 995 1900 1071 1933; x_wconf 90' lang='lat' dir='ltr'><strong>colit,</strong></span> <span class='ocrx_word' id='word_1_577' title='bbox 1089 1899 1134 1928; x_wconf 89' lang='lat' dir='ltr'><strong>ille</strong></span> <span class='ocrx_word' id='word_1_578' title='bbox 1149 1904 1302 1928; x_wconf 74' lang='lat' dir='ltr'><strong>scortntur.</strong></span> <span class='ocrx_word' id='word_1_579' title='bbox 1322 1900 1388 1928; x_wconf 84' lang='lat' dir='ltr'><strong>Uter</strong></span> <span class='ocrx_word' id='word_1_580' title='bbox 1401 1900 1507 1928; x_wconf 86' lang='lat' dir='ltr'><strong>ditior?</strong></span> <span class='ocrx_word' id='word_1_581' title='bbox 1532 1900 1592 1928; x_wconf 86' lang='lat' dir='ltr'><strong>isne</strong></span> <span class='ocrx_word' id='word_1_582' title='bbox 1619 1899 1664 1935; x_wconf 88' lang='lat' dir='ltr'><strong>qui</strong></span> <span class='ocrx_word' id='word_1_583' title='bbox 1686 1901 1815 1928; x_wconf 85' lang='lat' dir='ltr'><strong>castitate</strong></span> 
     </span>
    </p>
   </div>
   <div class='ocr_carea' id='block_1_79' title="bbox 177 1945 1815 1983">
    <p class='ocr_par' dir='ltr' id='par_1_79' title="bbox 177 1945 1815 1983">
     <span class='ocr_line' id='line_1_79' title="bbox 177 1945 1815 1983; baseline 0.002 -10"><span class='ocrx_word' id='word_1_584' title='bbox 177 1946 308 1981; x_wconf 72' lang='lat' dir='ltr'><strong>praeditus</strong></span> <span class='ocrx_word' id='word_1_585' title='bbox 328 1950 380 1978; x_wconf 86' lang='lat' dir='ltr'><strong>est,</strong></span> <span class='ocrx_word' id='word_1_586' title='bbox 409 1954 443 1973; x_wconf 89' lang='lat' dir='ltr'><strong>an</strong></span> <span class='ocrx_word' id='word_1_587' title='bbox 460 1946 507 1981; x_wconf 89' lang='lat' dir='ltr'><strong>qui</strong></span> <span class='ocrx_word' id='word_1_588' title='bbox 530 1946 663 1981; x_wconf 88' lang='lat' dir='ltr'><strong>pecunias</strong></span> <span class='ocrx_word' id='word_1_589' title='bbox 683 1945 789 1981; x_wconf 89' lang='lat' dir='ltr'><strong>iniquis</strong></span> <span class='ocrx_word' id='word_1_590' title='bbox 811 1946 968 1975; x_wconf 87' lang='lat' dir='ltr'><strong>rationibus</strong></span> <span class='ocrx_word' id='word_1_591' title='bbox 985 1947 1119 1975; x_wconf 88' lang='lat' dir='ltr'><strong>collectas</strong></span> <span class='ocrx_word' id='word_1_592' title='bbox 1133 1947 1238 1975; x_wconf 80' lang='lat' dir='ltr'><strong>habet?</strong></span> <span class='ocrx_word' id='word_1_593' title='bbox 1262 1949 1346 1983; x_wconf 84' lang='lat' dir='ltr'><strong>hujus</strong></span> <span class='ocrx_word' id='word_1_594' title='bbox 1360 1949 1491 1976; x_wconf 75' lang='lat' dir='ltr'><strong>memoria</strong></span> <span class='ocrx_word' id='word_1_595' title='bbox 1517 1948 1622 1976; x_wconf 82' lang='lat' dir='ltr'><strong>auferri</strong></span> <span class='ocrx_word' id='word_1_596' title='bbox 1657 1949 1815 1976; x_wconf 81' lang='lat' dir='ltr'><strong>nullatenus</strong></span> 
     </span>
    </p>
   </div>
   <div class='ocr_carea' id='block_1_80' title="bbox 176 1991 1479 2028">
    <p class='ocr_par' dir='ltr' id='par_1_80' title="bbox 176 1991 1479 2028">
     <span class='ocr_line' id='line_1_80' title="bbox 176 1991 1479 2028; baseline 0.001 -8"><span class='ocrx_word' id='word_1_597' title='bbox 176 1997 290 2026; x_wconf 79' lang='lat' dir='ltr'><strong>potest:</strong></span> <span class='ocrx_word' id='word_1_598' title='bbox 318 1992 393 2021; x_wconf 89' lang='lat' dir='ltr'><strong>illius</strong></span> <span class='ocrx_word' id='word_1_599' title='bbox 411 2000 477 2027; x_wconf 90' lang='lat' dir='ltr'><strong>opes</strong></span> <span class='ocrx_word' id='word_1_600' title='bbox 496 1991 609 2020; x_wconf 66' lang='lat' dir='ltr'><strong>caduca:</strong></span> <span class='ocrx_word' id='word_1_601' title='bbox 634 1996 698 2020; x_wconf 82' lang='lat' dir='ltr'><strong>sunt</strong></span> <span class='ocrx_word' id='word_1_602' title='bbox 725 1995 752 2019; x_wconf 88' lang='lat' dir='ltr'><strong>et</strong></span> <span class='ocrx_word' id='word_1_603' title='bbox 780 1991 966 2026; x_wconf 60' lang='lat' dir='ltr'><strong>temporariae.</strong></span> <span class='ocrx_word' id='word_1_604' title='bbox 989 1993 1057 2020; x_wconf 91' lang='lat' dir='ltr'><strong>Illud</strong></span> <span class='ocrx_word' id='word_1_605' title='bbox 1079 1993 1124 2020; x_wconf 91' lang='lat' dir='ltr'><strong>fur</strong></span> <span class='ocrx_word' id='word_1_606' title='bbox 1144 2000 1200 2020; x_wconf 89' lang='lat' dir='ltr'><strong>non</strong></span> <span class='ocrx_word' id='word_1_607' title='bbox 1227 1997 1318 2028; x_wconf 82' lang='lat' dir='ltr'><strong>potest</strong></span> <span class='ocrx_word' id='word_1_608' title='bbox 1338 1992 1479 2021; x_wconf 88' lang='lat' dir='ltr'><strong>ell‘odere:</strong></span> 
     </span>
    </p>
   </div>
   <div class='ocr_carea' id='block_1_81' title="bbox 1521 1994 1816 2022">
    <p class='ocr_par' dir='ltr' id='par_1_81' title="bbox 1521 1994 1816 2022">
     <span class='ocr_line' id='line_1_81' title="bbox 1521 1994 1816 2022; baseline 0 -1"><span class='ocrx_word' id='word_1_609' title='bbox 1521 1994 1574 2021; x_wconf 91' lang='lat' dir='ltr'><strong>hoc</strong></span> <span class='ocrx_word' id='word_1_610' title='bbox 1609 1994 1741 2022; x_wconf 88' lang='lat' dir='ltr'><strong>hodierna</strong></span> <span class='ocrx_word' id='word_1_611' title='bbox 1770 1994 1816 2021; x_wconf 90' lang='lat' dir='ltr'><strong>die</strong></span> 
     </span>
    </p>
   </div>
   <div class='ocr_carea' id='block_1_82' title="bbox 175 2037 1822 2075">
    <p class='ocr_par' dir='ltr' id='par_1_82' title="bbox 175 2037 1822 2075">
     <span class='ocr_line' id='line_1_82' title="bbox 175 2037 1822 2075; baseline 0 -9"><span class='ocrx_word' id='word_1_612' title='bbox 175 2039 264 2072; x_wconf 67' lang='lat' dir='ltr'><strong>ﬂoret,</strong></span> <span class='ocrx_word' id='word_1_613' title='bbox 277 2039 398 2067; x_wconf 81' lang='lat' dir='ltr'><strong>crastina</strong></span> <span class='ocrx_word' id='word_1_614' title='bbox 413 2038 571 2066; x_wconf 88' lang='lat' dir='ltr'><strong>marcescit.</strong></span> <span class='ocrx_word' id='word_1_615' title='bbox 583 2038 650 2072; x_wconf 66' lang='lat' dir='ltr'><strong>Qum</strong></span> <span class='ocrx_word' id='word_1_616' title='bbox 671 2046 733 2065; x_wconf 92' lang='lat' dir='ltr'><strong>cum</strong></span> <span class='ocrx_word' id='word_1_617' title='bbox 766 2037 803 2065; x_wconf 87' lang='lat' dir='ltr'><strong>ita</strong></span> <span class='ocrx_word' id='word_1_618' title='bbox 820 2038 888 2070; x_wconf 83' lang='lat' dir='ltr'><strong>sint,</strong></span> <span class='ocrx_word' id='word_1_619' title='bbox 921 2038 1002 2074; x_wconf 90' lang='lat' dir='ltr'><strong>plana</strong></span> <span class='ocrx_word' id='word_1_620' title='bbox 1017 2047 1110 2072; x_wconf 83' lang='lat' dir='ltr'><strong>cerne,</strong></span> <span class='ocrx_word' id='word_1_621' title='bbox 1132 2039 1184 2067; x_wconf 92' lang='lat' dir='ltr'><strong>hoc</strong></span> <span class='ocrx_word' id='word_1_622' title='bbox 1209 2043 1253 2067; x_wconf 85' lang='lat' dir='ltr'><strong>est</strong></span> <span class='ocrx_word' id='word_1_623' title='bbox 1277 2044 1425 2074; x_wconf 88' lang='lat' dir='ltr'><strong>utrumque</strong></span> <span class='ocrx_word' id='word_1_624' title='bbox 1439 2039 1572 2075; x_wconf 86' lang='lat' dir='ltr'><strong>perinde;</strong></span> <span class='ocrx_word' id='word_1_625' title='bbox 1593 2043 1622 2068; x_wconf 89' lang='lat' dir='ltr'><strong>ut</strong></span> <span class='ocrx_word' id='word_1_626' title='bbox 1641 2047 1736 2068; x_wconf 88' lang='lat' dir='ltr'><strong>eorum</strong></span> <span class='ocrx_word' id='word_1_627' title='bbox 1754 2047 1822 2074; x_wconf 44' lang='lat' dir='ltr'><strong>quas.</strong></span> 
     </span>
    </p>
   </div>
   <div class='ocr_carea' id='block_1_83' title="bbox 176 2085 1496 2122">
    <p class='ocr_par' dir='ltr' id='par_1_83' title="bbox 176 2085 1496 2122">
     <span class='ocr_line' id='line_1_83' title="bbox 176 2085 1496 2122; baseline 0 -8"><span class='ocrx_word' id='word_1_628' title='bbox 176 2086 268 2121; x_wconf 82' lang='lat' dir='ltr'><strong>magni</strong></span> <span class='ocrx_word' id='word_1_629' title='bbox 293 2087 373 2121; x_wconf 89' lang='lat' dir='ltr'><strong>pretii</strong></span> <span class='ocrx_word' id='word_1_630' title='bbox 395 2089 471 2117; x_wconf 84' lang='lat' dir='ltr'><strong>sunt,</strong></span> <span class='ocrx_word' id='word_1_631' title='bbox 497 2086 707 2113; x_wconf 85' lang='lat' dir='ltr'><strong>distinctionem</strong></span> <span class='ocrx_word' id='word_1_632' title='bbox 733 2085 848 2113; x_wconf 90' lang='lat' dir='ltr'><strong>minime</strong></span> <span class='ocrx_word' id='word_1_633' title='bbox 863 2085 967 2118; x_wconf 85' lang='lat' dir='ltr'><strong>deleas,</strong></span> <span class='ocrx_word' id='word_1_634' title='bbox 985 2094 1041 2122; x_wconf 89' lang='lat' dir='ltr'><strong>quo</strong></span> <span class='ocrx_word' id='word_1_635' title='bbox 1059 2087 1280 2115; x_wconf 87' lang='lat' dir='ltr'><strong>misericordiam</strong></span> <span class='ocrx_word' id='word_1_636' title='bbox 1303 2087 1496 2121; x_wconf 83' lang='lat' dir='ltr'><strong>consequaris.</strong></span> 
     </span>
    </p>
   </div>
   <div class='ocr_carea' id='block_1_84' title="bbox 211 2131 966 2168">
    <p class='ocr_par' dir='ltr' id='par_1_84' title="bbox 211 2131 966 2168">
     <span class='ocr_line' id='line_1_84' title="bbox 211 2131 966 2168; baseline -0.003 -9"><span class='ocrx_word' id='word_1_637' title='bbox 211 2132 290 2159; x_wconf 80' lang='grc' dir='ltr'>Οὕτω</span> <span class='ocrx_word' id='word_1_638' title='bbox 301 2132 432 2168; x_wconf 85' lang='grc' dir='ltr'>δοκίμαζε</span> <span class='ocrx_word' id='word_1_639' title='bbox 445 2132 491 2158; x_wconf 85' lang='grc' dir='ltr'>τὸν</span> <span class='ocrx_word' id='word_1_640' title='bbox 507 2131 632 2166; x_wconf 66' lang='grc' dir='ltr'>ἀδελφὺν,</span> <span class='ocrx_word' id='word_1_641' title='bbox 647 2131 686 2163; x_wconf 82' lang='grc' dir='ltr'><strong>ὡς</strong></span> <span class='ocrx_word' id='word_1_642' title='bbox 701 2131 749 2158; x_wconf 75' lang='grc' dir='ltr'>καὶ</span> <span class='ocrx_word' id='word_1_643' title='bbox 767 2131 847 2162; x_wconf 75' lang='grc' dir='ltr'>αὐτὸς</span> <span class='ocrx_word' id='word_1_644' title='bbox 866 2132 896 2158; x_wconf 81' lang='grc' dir='ltr'>ὲν</span> <span class='ocrx_word' id='word_1_645' title='bbox 909 2131 966 2163; x_wconf 85' lang='grc' dir='ltr'>τοῖς</span> 
     </span>
    </p>
   </div>
   <div class='ocr_carea' id='block_1_85' title="bbox 178 2172 977 2212">
    <p class='ocr_par' dir='ltr' id='par_1_85' title="bbox 178 2172 977 2212">
     <span class='ocr_line' id='line_1_85' title="bbox 178 2172 977 2212; baseline -0.001 -8"><span class='ocrx_word' id='word_1_646' title='bbox 178 2177 269 2209; x_wconf 82' lang='grc' dir='ltr'>αὐτοῖς</span> <span class='ocrx_word' id='word_1_647' title='bbox 288 2177 398 2212; x_wconf 80' lang='grc' dir='ltr'>μέτροις</span> <span class='ocrx_word' id='word_1_648' title='bbox 410 2176 582 2212; x_wconf 78' lang='grc' dir='ltr'>κρινόμενος.</span> <span class='ocrx_word' id='word_1_649' title='bbox 596 2191 631 2196; x_wconf 92' lang='grc'><strong>-</strong></span> <span class='ocrx_word' id='word_1_650' title='bbox 644 2177 781 2212; x_wconf 85' lang='grc' dir='ltr'>Ποιήσατε</span> <span class='ocrx_word' id='word_1_651' title='bbox 794 2172 977 2212; x_wconf 71' lang='grc' dir='ltr'>δικαιοσύνης</span> 
     </span>
    </p>
   </div>
   <div class='ocr_carea' id='block_1_86' title="bbox 177 2221 968 2258">
    <p class='ocr_par' dir='ltr' id='par_1_86' title="bbox 177 2221 968 2258">
     <span class='ocr_line' id='line_1_86' title="bbox 177 2221 968 2258; baseline 0 -9"><span class='ocrx_word' id='word_1_652' title='bbox 177 2222 268 2254; x_wconf 79' lang='grc' dir='ltr'>ὅπλον,</span> <span class='ocrx_word' id='word_1_653' title='bbox 286 2221 324 2258; x_wconf 77' lang='grc' dir='ltr'>μὴ</span> <span class='ocrx_word' id='word_1_654' title='bbox 344 2222 472 2255; x_wconf 80' lang='grc' dir='ltr'>θανάτου,</span> <span class='ocrx_word' id='word_1_655' title='bbox 496 2222 546 2258; x_wconf 80' lang='grc' dir='ltr'>τὴν</span> <span class='ocrx_word' id='word_1_656' title='bbox 569 2222 721 2249; x_wconf 84' lang='grc' dir='ltr'>παίδευσιν.</span> <span class='ocrx_word' id='word_1_657' title='bbox 734 2237 770 2242; x_wconf 83' lang='lat'><strong>-—-</strong></span> <span class='ocrx_word' id='word_1_658' title='bbox 790 2222 862 2249; x_wconf 86' lang='grc' dir='ltr'>Ἴσθι</span> <span class='ocrx_word' id='word_1_659' title='bbox 877 2222 968 2258; x_wconf 79' lang='grc' dir='ltr'>κρινό-</span> 
     </span>
    </p>
   </div>
   <div class='ocr_carea' id='block_1_87' title="bbox 179 2266 970 2305">
    <p class='ocr_par' dir='ltr' id='par_1_87' title="bbox 179 2266 970 2305">
     <span class='ocr_line' id='line_1_87' title="bbox 179 2266 970 2305; baseline 0.001 -10"><span class='ocrx_word' id='word_1_660' title='bbox 179 2277 260 2303; x_wconf 89' lang='grc' dir='ltr'>μενος</span> <span class='ocrx_word' id='word_1_661' title='bbox 275 2269 290 2295; x_wconf 87' lang='lat'><strong>6</strong></span> <span class='ocrx_word' id='word_1_662' title='bbox 310 2269 418 2305; x_wconf 83' lang='grc' dir='ltr'>κριτὴς,</span> <span class='ocrx_word' id='word_1_663' title='bbox 445 2269 493 2296; x_wconf 72' lang='grc' dir='ltr'>καὶ</span> <span class='ocrx_word' id='word_1_664' title='bbox 508 2266 591 2305; x_wconf 82' lang='grc' dir='ltr'>ἦττον</span> <span class='ocrx_word' id='word_1_665' title='bbox 612 2270 794 2305; x_wconf 82' lang='grc' dir='ltr'>ἀμαρτήσεις.</span> <span class='ocrx_word' id='word_1_666' title='bbox 809 2285 843 2290; x_wconf 93' lang='lat'><strong>—-</strong></span> <span class='ocrx_word' id='word_1_667' title='bbox 860 2269 970 2296; x_wconf 83' lang='grc' dir='ltr'>Ἔναντι</span> 
     </span>
    </p>
   </div>
   <div class='ocr_carea' id='block_1_88' title="bbox 178 2313 971 2352">
    <p class='ocr_par' dir='ltr' id='par_1_88' title="bbox 178 2313 971 2352">
     <span class='ocr_line' id='line_1_88' title="bbox 178 2313 971 2352; baseline 0.003 -11"><span class='ocrx_word' id='word_1_668' title='bbox 178 2314 288 2342; x_wconf 79' lang='grc' dir='ltr'>πάντων</span> <span class='ocrx_word' id='word_1_669' title='bbox 303 2315 442 2350; x_wconf 77' lang='grc' dir='ltr'>εἰσένεγκε</span> <span class='ocrx_word' id='word_1_670' title='bbox 458 2315 508 2350; x_wconf 86' lang='grc' dir='ltr'><strong>τὴν</strong></span> <span class='ocrx_word' id='word_1_671' title='bbox 531 2315 751 2351; x_wconf 74' lang='grc' dir='ltr'>φιλανθρωπίαν,</span> <span class='ocrx_word' id='word_1_672' title='bbox 770 2313 889 2352; x_wconf 83' lang='grc' dir='ltr'>ᾖχαίρει</span> <span class='ocrx_word' id='word_1_673' title='bbox 904 2316 971 2348; x_wconf 86' lang='grc' dir='ltr'>Θεὺς</span> 
     </span>
    </p>
   </div>
   <div class='ocr_carea' id='block_1_89' title="bbox 1060 2131 1812 2167">
    <p class='ocr_par' dir='ltr' id='par_1_89' title="bbox 1060 2131 1812 2167">
     <span class='ocr_line' id='line_1_89' title="bbox 1060 2131 1812 2167; baseline 0 -8"><span class='ocrx_word' id='word_1_674' title='bbox 1060 2131 1090 2160; x_wconf 90' lang='lat' dir='ltr'><strong>S.</strong></span> <span class='ocrx_word' id='word_1_675' title='bbox 1117 2131 1195 2167; x_wconf 80' lang='lat' dir='ltr'><strong>Greg.</strong></span> <span class='ocrx_word' id='word_1_676' title='bbox 1211 2131 1341 2159; x_wconf 85' lang='lat' dir='ltr'><strong>-Naz.—</strong></span> <span class='ocrx_word' id='word_1_677' title='bbox 1358 2131 1405 2159; x_wconf 91' lang='lat' dir='ltr'><strong>Sic</strong></span> <span class='ocrx_word' id='word_1_678' title='bbox 1432 2131 1545 2160; x_wconf 87' lang='lat' dir='ltr'><strong>fratrem</strong></span> <span class='ocrx_word' id='word_1_679' title='bbox 1570 2135 1647 2159; x_wconf 90' lang='lat' dir='ltr'><strong>tuum</strong></span> <span class='ocrx_word' id='word_1_680' title='bbox 1673 2132 1812 2166; x_wconf 77' lang='lat' dir='ltr'><strong>examina,</strong></span> 
     </span>
    </p>
   </div>
   <div class='ocr_carea' id='block_1_90' title="bbox 1022 2177 1811 2213">
    <p class='ocr_par' dir='ltr' id='par_1_90' title="bbox 1022 2177 1811 2213">
     <span class='ocr_line' id='line_1_90' title="bbox 1022 2177 1811 2213; baseline 0.003 -9"><span class='ocrx_word' id='word_1_681' title='bbox 1022 2177 1098 2205; x_wconf 88' lang='lat' dir='ltr'><strong>velut</strong></span> <span class='ocrx_word' id='word_1_682' title='bbox 1116 2181 1145 2204; x_wconf 91' lang='lat' dir='ltr'><strong>tu</strong></span> <span class='ocrx_word' id='word_1_683' title='bbox 1165 2184 1276 2213; x_wconf 89' lang='lat' dir='ltr'><strong>quoque</strong></span> <span class='ocrx_word' id='word_1_684' title='bbox 1300 2177 1394 2205; x_wconf 91' lang='lat' dir='ltr'><strong>eadem</strong></span> <span class='ocrx_word' id='word_1_685' title='bbox 1417 2177 1456 2205; x_wconf 91' lang='lat' dir='ltr'><strong>sis</strong></span> <span class='ocrx_word' id='word_1_686' title='bbox 1482 2185 1613 2206; x_wconf 87' lang='lat' dir='ltr'><strong>mensura</strong></span> <span class='ocrx_word' id='word_1_687' title='bbox 1632 2177 1811 2213; x_wconf 86' lang='lat' dir='ltr'><strong>judicandus.</strong></span> 
     </span>
    </p>
   </div>
   <div class='ocr_carea' id='block_1_91' title="bbox 1022 2223 1809 2260">
    <p class='ocr_par' dir='ltr' id='par_1_91' title="bbox 1022 2223 1809 2260">
     <span class='ocr_line' id='line_1_91' title="bbox 1022 2223 1809 2260; baseline 0.003 -9"><span class='ocrx_word' id='word_1_688' title='bbox 1022 2239 1057 2244; x_wconf 90' lang='lat'><strong>—</strong></span> <span class='ocrx_word' id='word_1_689' title='bbox 1073 2224 1140 2252; x_wconf 88' lang='lat' dir='ltr'><strong>Date</strong></span> <span class='ocrx_word' id='word_1_690' title='bbox 1154 2231 1278 2260; x_wconf 86' lang='lat' dir='ltr'><strong>operam,</strong></span> <span class='ocrx_word' id='word_1_691' title='bbox 1300 2228 1329 2251; x_wconf 91' lang='lat' dir='ltr'><strong>ut</strong></span> <span class='ocrx_word' id='word_1_692' title='bbox 1346 2223 1465 2252; x_wconf 88' lang='lat' dir='ltr'><strong>eruditio</strong></span> <span class='ocrx_word' id='word_1_693' title='bbox 1484 2224 1609 2260; x_wconf 71' lang='lat' dir='ltr'><strong>iustitiae,</strong></span> <span class='ocrx_word' id='word_1_694' title='bbox 1625 2232 1680 2252; x_wconf 91' lang='lat' dir='ltr'><strong>non</strong></span> <span class='ocrx_word' id='word_1_695' title='bbox 1701 2225 1809 2257; x_wconf 84' lang='lat' dir='ltr'><strong>mertis.</strong></span> 
     </span>
    </p>
   </div>
   <div class='ocr_carea' id='block_1_92' title="bbox 1023 2270 1811 2306">
    <p class='ocr_par' dir='ltr' id='par_1_92' title="bbox 1023 2270 1811 2306">
     <span class='ocr_line' id='line_1_92' title="bbox 1023 2270 1811 2306; baseline -0.001 -7"><span class='ocrx_word' id='word_1_696' title='bbox 1023 2271 1102 2300; x_wconf 88' lang='lat' dir='ltr'><strong>vobis</strong></span> <span class='ocrx_word' id='word_1_697' title='bbox 1115 2275 1257 2299; x_wconf 84' lang='lat' dir='ltr'><strong>armatura</strong></span> <span class='ocrx_word' id='word_1_698' title='bbox 1270 2271 1317 2300; x_wconf 85' lang='lat' dir='ltr'><strong>sit.</strong></span> <span class='ocrx_word' id='word_1_699' title='bbox 1329 2286 1363 2291; x_wconf 92' lang='lat'>—</span> <span class='ocrx_word' id='word_1_700' title='bbox 1377 2270 1430 2304; x_wconf 88' lang='lat' dir='ltr'><strong>Qui</strong></span> <span class='ocrx_word' id='word_1_701' title='bbox 1442 2271 1539 2306; x_wconf 81' lang='lat' dir='ltr'><strong>judex,</strong></span> <span class='ocrx_word' id='word_1_702' title='bbox 1555 2278 1595 2303; x_wconf 87' lang='lat' dir='ltr'><strong>es,</strong></span> <span class='ocrx_word' id='word_1_703' title='bbox 1609 2271 1650 2298; x_wconf 89' lang='lat' dir='ltr'><strong>rei</strong></span> <span class='ocrx_word' id='word_1_704' title='bbox 1665 2278 1811 2306; x_wconf 87' lang='lat' dir='ltr'><strong>personam</strong></span> 
     </span>
    </p>
   </div>
   <div class='ocr_carea' id='block_1_93' title="bbox 1023 2315 1827 2353">
    <p class='ocr_par' dir='ltr' id='par_1_93' title="bbox 1023 2315 1827 2353">
     <span class='ocr_line' id='line_1_93' title="bbox 1023 2315 1827 2353; baseline -0.004 -7"><span class='ocrx_word' id='word_1_705' title='bbox 1023 2318 1145 2350; x_wconf 83' lang='lat' dir='ltr'><strong>sustine;</strong></span> <span class='ocrx_word' id='word_1_706' title='bbox 1162 2322 1244 2353; x_wconf 91' lang='lat' dir='ltr'><strong>atque</strong></span> <span class='ocrx_word' id='word_1_707' title='bbox 1258 2317 1296 2345; x_wconf 89' lang='lat' dir='ltr'><strong>ita</strong></span> <span class='ocrx_word' id='word_1_708' title='bbox 1317 2317 1362 2345; x_wconf 80' lang='lat' dir='ltr'><strong>fiet</strong></span> <span class='ocrx_word' id='word_1_709' title='bbox 1376 2321 1406 2345; x_wconf 91' lang='lat' dir='ltr'><strong>ut</strong></span> <span class='ocrx_word' id='word_1_710' title='bbox 1425 2317 1518 2345; x_wconf 89' lang='lat' dir='ltr'><strong>minus</strong></span> <span class='ocrx_word' id='word_1_711' title='bbox 1535 2324 1644 2352; x_wconf 86' lang='lat' dir='ltr'><strong>pecces.</strong></span> <span class='ocrx_word' id='word_1_712' title='bbox 1659 2331 1694 2337; x_wconf 95' lang='lat'><strong><em>—</em></strong></span> <span class='ocrx_word' id='word_1_713' title='bbox 1712 2315 1811 2344; x_wconf 85' lang='lat' dir='ltr'><strong>Coram</strong></span> <span class='ocrx_word' id='word_1_714' title='bbox 1826 2334 1827 2338; x_wconf 59' lang='grc' dir='ltr'><strong>η</strong></span> 
     </span>
    </p>
   </div>
   <div class='ocr_carea' id='block_1_94' title="bbox 179 2360 969 2403">
    <p class='ocr_par' dir='ltr' id='par_1_94' title="bbox 179 2360 969 2398">
     <span class='ocr_line' id='line_1_94' title="bbox 179 2360 969 2398; baseline 0.004 -11"><span class='ocrx_word' id='word_1_715' title='bbox 179 2361 282 2395; x_wconf 80' lang='grc' dir='ltr'>μᾶλλον</span> <span class='ocrx_word' id='word_1_716' title='bbox 302 2360 319 2396; x_wconf 81' lang='grc' dir='ltr'>ἢ</span> <span class='ocrx_word' id='word_1_717' title='bbox 345 2362 413 2388; x_wconf 82' lang='grc' dir='ltr'>πᾶσι</span> <span class='ocrx_word' id='word_1_718' title='bbox 435 2361 492 2393; x_wconf 83' lang='grc' dir='ltr'>τοῖς</span> <span class='ocrx_word' id='word_1_719' title='bbox 521 2361 623 2393; x_wconf 84' lang='grc' dir='ltr'>ἄλλοις.</span> <span class='ocrx_word' id='word_1_720' title='bbox 650 2361 736 2395; x_wconf 85' lang='grc' dir='ltr'>Μῖξον</span> <span class='ocrx_word' id='word_1_721' title='bbox 767 2362 807 2397; x_wconf 84' lang='grc' dir='ltr'>τῷ</span> <span class='ocrx_word' id='word_1_722' title='bbox 829 2362 904 2397; x_wconf 78' lang='grc' dir='ltr'>φόϐῳ</span> <span class='ocrx_word' id='word_1_723' title='bbox 920 2363 969 2398; x_wconf 84' lang='grc' dir='ltr'>τὴν</span> 
     </span>
    </p>
   </div>
   <div class='ocr_carea' id='block_1_95' title="bbox 1020 2360 1825 2403">
    <p class='ocr_par' dir='ltr' id='par_1_95' title="bbox 1023 2361 1825 2398">
     <span class='ocr_line' id='line_1_95' title="bbox 1023 2361 1825 2398; baseline -0.002 -8"><span class='ocrx_word' id='word_1_724' title='bbox 1023 2363 1152 2391; x_wconf 85' lang='lat' dir='ltr'><strong>omnibus</strong></span> <span class='ocrx_word' id='word_1_725' title='bbox 1168 2362 1364 2398; x_wconf 82' lang='lat' dir='ltr'><strong>benignitatem</strong></span> <span class='ocrx_word' id='word_1_726' title='bbox 1378 2362 1490 2398; x_wconf 70' lang='lat' dir='ltr'><strong>przefer,</strong></span> <span class='ocrx_word' id='word_1_727' title='bbox 1502 2369 1555 2397; x_wconf 89' lang='lat' dir='ltr'><strong>qua</strong></span> <span class='ocrx_word' id='word_1_728' title='bbox 1574 2361 1646 2389; x_wconf 87' lang='lat' dir='ltr'><strong>Deus</strong></span> <span class='ocrx_word' id='word_1_729' title='bbox 1661 2361 1825 2396; x_wconf 50' lang='lat' dir='ltr'><strong>impensius.</strong></span> 
     </span>
    </p>
   </div>
   <div class='ocr_carea' id='block_1_96' title="bbox 177 2405 969 2442">
    <p class='ocr_par' dir='ltr' id='par_1_96' title="bbox 177 2405 967 2442">
     <span class='ocr_line' id='line_1_96' title="bbox 177 2405 967 2442; baseline 0.001 -10"><span class='ocrx_word' id='word_1_730' title='bbox 177 2406 340 2440; x_wconf 75' lang='grc' dir='ltr'>ἐπιείκειαν,</span> <span class='ocrx_word' id='word_1_731' title='bbox 370 2405 487 2442; x_wconf 85' lang='grc' dir='ltr'>κέρασον</span> <span class='ocrx_word' id='word_1_732' title='bbox 502 2407 534 2442; x_wconf 74' lang='grc' dir='ltr'>τῇ</span> <span class='ocrx_word' id='word_1_733' title='bbox 558 2407 658 2442; x_wconf 84' lang='grc' dir='ltr'>ἀπειλῇ</span> <span class='ocrx_word' id='word_1_734' title='bbox 683 2406 732 2442; x_wconf 87' lang='grc' dir='ltr'>τὴν</span> <span class='ocrx_word' id='word_1_735' title='bbox 753 2407 859 2434; x_wconf 69' lang='grc' dir='ltr'>ἐλπίδα.</span> <span class='ocrx_word' id='word_1_736' title='bbox 877 2407 967 2433; x_wconf 83' lang='grc' dir='ltr'>Πολλά</span> 
     </span>
    </p>
   </div>
   <div class='ocr_carea' id='block_1_97' title="bbox 1020 2405 1812 2442">
    <p class='ocr_par' dir='ltr' id='par_1_97' title="bbox 1021 2405 1812 2442">
     <span class='ocr_line' id='line_1_97' title="bbox 1021 2405 1812 2442; baseline -0.005 -7"><span class='ocrx_word' id='word_1_737' title='bbox 1021 2407 1187 2440; x_wconf 78' lang='lat' dir='ltr'><strong>delectatur,</strong></span> <span class='ocrx_word' id='word_1_738' title='bbox 1203 2413 1285 2442; x_wconf 89' lang='lat' dir='ltr'><strong>quam</strong></span> <span class='ocrx_word' id='word_1_739' title='bbox 1301 2406 1364 2434; x_wconf 89' lang='lat' dir='ltr'><strong>aliis</strong></span> <span class='ocrx_word' id='word_1_740' title='bbox 1379 2406 1594 2442; x_wconf 88' lang='lat' dir='ltr'><strong>quibuscunque</strong></span> <span class='ocrx_word' id='word_1_741' title='bbox 1612 2405 1707 2433; x_wconf 87' lang='lat' dir='ltr'><strong>rebus.</strong></span> <span class='ocrx_word' id='word_1_742' title='bbox 1727 2405 1812 2431; x_wconf 82' lang='lat' dir='ltr'><strong>Leni-</strong></span> 
     </span>
    </p>
   </div>
   <div class='ocr_carea' id='block_1_98' title="bbox 179 2450 966 2487">
    <p class='ocr_par' dir='ltr' id='par_1_98' title="bbox 179 2450 966 2487">
     <span class='ocr_line' id='line_1_98' title="bbox 179 2450 966 2487; baseline 0.005 -11"><span class='ocrx_word' id='word_1_743' title='bbox 179 2450 227 2477; x_wconf 76' lang='grc' dir='ltr'>καὶ</span> <span class='ocrx_word' id='word_1_744' title='bbox 253 2451 427 2486; x_wconf 82' lang='grc' dir='ltr'>χρηστότητα</span> <span class='ocrx_word' id='word_1_745' title='bbox 452 2452 604 2487; x_wconf 85' lang='grc' dir='ltr'>κατορθοῦν</span> <span class='ocrx_word' id='word_1_746' title='bbox 629 2451 702 2485; x_wconf 75' lang='grc' dir='ltr'>οῖδα,</span> <span class='ocrx_word' id='word_1_747' title='bbox 724 2453 903 2480; x_wconf 82' lang='grc' dir='ltr'>δυσωποῦσαν</span> <span class='ocrx_word' id='word_1_748' title='bbox 927 2454 966 2486; x_wconf 87' lang='grc' dir='ltr'><strong>εἰς</strong></span> 
     </span>
    </p>
   </div>
   <div class='ocr_carea' id='block_1_99' title="bbox 178 2495 966 2534">
    <p class='ocr_par' dir='ltr' id='par_1_99' title="bbox 178 2495 966 2534">
     <span class='ocr_line' id='line_1_99' title="bbox 178 2495 966 2534; baseline 0.005 -13"><span class='ocrx_word' id='word_1_749' title='bbox 178 2495 358 2531; x_wconf 78' lang='grc' dir='ltr'>ὀφειλομένην</span> <span class='ocrx_word' id='word_1_750' title='bbox 376 2496 574 2524; x_wconf 80' lang='grc' dir='ltr'>ἀνταπόδοσινο</span> <span class='ocrx_word' id='word_1_751' title='bbox 603 2498 669 2525; x_wconf 83' lang='grc' dir='ltr'>ὅταν</span> <span class='ocrx_word' id='word_1_752' title='bbox 696 2498 838 2533; x_wconf 79' lang='grc' dir='ltr'>βιάζεσοαι</span> <span class='ocrx_word' id='word_1_753' title='bbox 866 2499 966 2534; x_wconf 81' lang='grc' dir='ltr'>παρὸν,</span> 
     </span>
    </p>
   </div>
   <div class='ocr_carea' id='block_1_100' title="bbox 179 2540 966 2579">
    <p class='ocr_par' dir='ltr' id='par_1_100' title="bbox 179 2540 966 2579">
     <span class='ocr_line' id='line_1_100' title="bbox 179 2540 966 2579; baseline 0.005 -13"><span class='ocrx_word' id='word_1_754' title='bbox 179 2540 408 2575; x_wconf 82' lang='grc' dir='ltr'>συγχωρήσαντες</span> <span class='ocrx_word' id='word_1_755' title='bbox 417 2541 624 2578; x_wconf 82' lang='grc' dir='ltr'>δυσωπήσωμεν</span> <span class='ocrx_word' id='word_1_756' title='bbox 635 2543 727 2579; x_wconf 81' lang='grc' dir='ltr'>εὐνοίᾳ</span> <span class='ocrx_word' id='word_1_757' title='bbox 735 2543 782 2570; x_wconf 82' lang='grc' dir='ltr'><strong>τὸν</strong></span> <span class='ocrx_word' id='word_1_758' title='bbox 795 2543 966 2578; x_wconf 75' lang='grc' dir='ltr'>ἐλεούμενον.</span> 
     </span>
    </p>
   </div>
   <div class='ocr_carea' id='block_1_101' title="bbox 1022 2450 1809 2488">
    <p class='ocr_par' dir='ltr' id='par_1_101' title="bbox 1022 2450 1809 2488">
     <span class='ocr_line' id='line_1_101' title="bbox 1022 2450 1809 2488; baseline -0.005 -7"><span class='ocrx_word' id='word_1_759' title='bbox 1022 2457 1107 2481; x_wconf 87' lang='lat' dir='ltr'><strong>tatem</strong></span> <span class='ocrx_word' id='word_1_760' title='bbox 1122 2453 1244 2481; x_wconf 89' lang='lat' dir='ltr'><strong>admisce</strong></span> <span class='ocrx_word' id='word_1_761' title='bbox 1260 2453 1371 2485; x_wconf 88' lang='lat' dir='ltr'><strong>terrori,</strong></span> <span class='ocrx_word' id='word_1_762' title='bbox 1389 2460 1438 2488; x_wconf 91' lang='lat' dir='ltr'><strong>spe</strong></span> <span class='ocrx_word' id='word_1_763' title='bbox 1462 2453 1558 2480; x_wconf 86' lang='lat' dir='ltr'><strong>minas</strong></span> <span class='ocrx_word' id='word_1_764' title='bbox 1574 2456 1705 2486; x_wconf 84' lang='lat' dir='ltr'><strong>tempera.</strong></span> <span class='ocrx_word' id='word_1_765' title='bbox 1726 2450 1809 2478; x_wconf 78' lang='lat' dir='ltr'><strong>Multa</strong></span> 
     </span>
    </p>
   </div>
   <div class='ocr_carea' id='block_1_102' title="bbox 1021 2495 1809 2533">
    <p class='ocr_par' dir='ltr' id='par_1_102' title="bbox 1021 2495 1809 2533">
     <span class='ocr_line' id='line_1_102' title="bbox 1021 2495 1809 2533; baseline -0.003 -8"><span class='ocrx_word' id='word_1_766' title='bbox 1021 2505 1133 2533; x_wconf 88' lang='lat' dir='ltr'><strong>quoque</strong></span> <span class='ocrx_word' id='word_1_767' title='bbox 1161 2497 1358 2533; x_wconf 80' lang='lat' dir='ltr'><strong>benignitatem</strong></span> <span class='ocrx_word' id='word_1_768' title='bbox 1375 2497 1510 2525; x_wconf 85' lang='lat' dir='ltr'><strong>coniicere</strong></span> <span class='ocrx_word' id='word_1_769' title='bbox 1525 2500 1696 2532; x_wconf 88' lang='lat' dir='ltr'><strong>compertum</strong></span> <span class='ocrx_word' id='word_1_770' title='bbox 1710 2495 1809 2528; x_wconf 87' lang='lat' dir='ltr'><strong>habeo,</strong></span> 
     </span>
    </p>
   </div>
   <div class='ocr_carea' id='block_1_103' title="bbox 1022 2542 1808 2579">
    <p class='ocr_par' dir='ltr' id='par_1_103' title="bbox 1022 2542 1808 2579">
     <span class='ocr_line' id='line_1_103' title="bbox 1022 2542 1808 2579; baseline -0.001 -9"><span class='ocrx_word' id='word_1_771' title='bbox 1022 2546 1050 2570; x_wconf 89' lang='lat' dir='ltr'><strong>ut</strong></span> <span class='ocrx_word' id='word_1_772' title='bbox 1063 2550 1125 2579; x_wconf 62' lang='lat' dir='ltr'><strong>qua:</strong></span> <span class='ocrx_word' id='word_1_773' title='bbox 1139 2542 1265 2571; x_wconf 89' lang='lat' dir='ltr'><strong>homines</strong></span> <span class='ocrx_word' id='word_1_774' title='bbox 1277 2543 1311 2570; x_wconf 87' lang='lat' dir='ltr'><strong>ad</strong></span> <span class='ocrx_word' id='word_1_775' title='bbox 1327 2542 1539 2577; x_wconf 84' lang='lat' dir='ltr'><strong>persolvendam</strong></span> <span class='ocrx_word' id='word_1_776' title='bbox 1560 2542 1676 2578; x_wconf 86' lang='lat' dir='ltr'><strong>gratiam</strong></span> <span class='ocrx_word' id='word_1_777' title='bbox 1688 2542 1808 2570; x_wconf 91' lang='lat' dir='ltr'><strong>debitam</strong></span> 
     </span>
    </p>
   </div>
   <div class='ocr_carea' id='block_1_104' title="bbox 179 2590 1811 2626">
    <p class='ocr_par' dir='ltr' id='par_1_104' title="bbox 179 2590 1811 2626">
     <span class='ocr_line' id='line_1_104' title="bbox 179 2590 1811 2626; baseline -0.001 -9"><span class='ocrx_word' id='word_1_778' title='bbox 179 2595 299 2619; x_wconf 86' lang='lat' dir='ltr'><strong>moveat.</strong></span> <span class='ocrx_word' id='word_1_779' title='bbox 317 2590 386 2618; x_wconf 91' lang='lat' dir='ltr'><strong>Dum</strong></span> <span class='ocrx_word' id='word_1_780' title='bbox 409 2591 450 2620; x_wconf 89' lang='lat' dir='ltr'><strong>vis</strong></span> <span class='ocrx_word' id='word_1_781' title='bbox 466 2590 618 2619; x_wconf 70' lang='lat' dir='ltr'><strong>inferendae</strong></span> <span class='ocrx_word' id='word_1_782' title='bbox 639 2595 748 2626; x_wconf 92' lang='lat' dir='ltr'><strong>tempus</strong></span> <span class='ocrx_word' id='word_1_783' title='bbox 764 2596 817 2624; x_wconf 89' lang='lat' dir='ltr'><strong>est,</strong></span> <span class='ocrx_word' id='word_1_784' title='bbox 845 2597 981 2619; x_wconf 80' lang='lat' dir='ltr'><strong>concessa</strong></span> <span class='ocrx_word' id='word_1_785' title='bbox 995 2591 1086 2624; x_wconf 89' lang='lat' dir='ltr'><strong>venia,</strong></span> <span class='ocrx_word' id='word_1_786' title='bbox 1104 2596 1167 2619; x_wconf 86' lang='lat' dir='ltr'><strong>eum</strong></span> <span class='ocrx_word' id='word_1_787' title='bbox 1184 2591 1211 2618; x_wconf 91' lang='lat' dir='ltr'><strong>in</strong></span> <span class='ocrx_word' id='word_1_788' title='bbox 1239 2599 1322 2626; x_wconf 88' lang='lat' dir='ltr'><strong>quem</strong></span> <span class='ocrx_word' id='word_1_789' title='bbox 1347 2591 1544 2619; x_wconf 83' lang='lat' dir='ltr'><strong>misericordes</strong></span> <span class='ocrx_word' id='word_1_790' title='bbox 1569 2598 1676 2623; x_wconf 88' lang='lat' dir='ltr'><strong>sumus,</strong></span> <span class='ocrx_word' id='word_1_791' title='bbox 1692 2591 1811 2618; x_wconf 79' lang='lat' dir='ltr'><strong>benevo-</strong></span> 
     </span>
    </p>
   </div>
   <div class='ocr_carea' id='block_1_105' title="bbox 179 2639 812 2675">
    <p class='ocr_par' dir='ltr' id='par_1_105' title="bbox 179 2639 812 2675">
     <span class='ocr_line' id='line_1_105' title="bbox 179 2639 812 2675; baseline -0.002 -8"><span class='ocrx_word' id='word_1_792' title='bbox 179 2639 263 2668; x_wconf 89' lang='lat' dir='ltr'><strong>lentia</strong></span> <span class='ocrx_word' id='word_1_793' title='bbox 280 2639 354 2668; x_wconf 89' lang='lat' dir='ltr'><strong>velut</strong></span> <span class='ocrx_word' id='word_1_794' title='bbox 370 2639 470 2673; x_wconf 84' lang='lat' dir='ltr'><strong>injecto</strong></span> <span class='ocrx_word' id='word_1_795' title='bbox 485 2639 590 2675; x_wconf 85' lang='lat' dir='ltr'><strong>pudore</strong></span> <span class='ocrx_word' id='word_1_796' title='bbox 607 2639 812 2674; x_wconf 79' lang='lat' dir='ltr'><strong>pertrohamus.</strong></span> 
     </span>
    </p>
   </div>
   <div class='ocr_carea' id='block_1_106' title="bbox 218 2739 907 2775">
    <p class='ocr_par' dir='ltr' id='par_1_106' title="bbox 218 2739 907 2775">
     <span class='ocr_line' id='line_1_106' title="bbox 218 2739 907 2775; baseline 0 -7"><span class='ocrx_word' id='word_1_797' title='bbox 218 2741 253 2768; x_wconf 83' lang='grc' dir='ltr'><strong>Τὸ</strong></span> <span class='ocrx_word' id='word_1_798' title='bbox 271 2739 437 2775; x_wconf 62' lang='grc' dir='ltr'>δραστικὸν</span> <span class='ocrx_word' id='word_1_799' title='bbox 455 2740 584 2770; x_wconf 78' lang='grc' dir='ltr'>δείκνυε.</span> <span class='ocrx_word' id='word_1_800' title='bbox 598 2740 640 2774; x_wconf 77' lang='grc' dir='ltr'>μὴ</span> <span class='ocrx_word' id='word_1_801' title='bbox 655 2740 784 2775; x_wconf 19' lang='grc' dir='ltr'><strong>τῷᾼὸρᾷν</strong></span> <span class='ocrx_word' id='word_1_802' title='bbox 798 2741 907 2774; x_wconf 80' lang='grc' dir='ltr'>κακῶς.</span> 
     </span>
    </p>
   </div>
   <div class='ocr_carea' id='block_1_107' title="bbox 218 2773 853 2809">
    <p class='ocr_par' dir='ltr' id='par_1_107' title="bbox 218 2773 853 2809">
     <span class='ocr_line' id='line_1_107' title="bbox 218 2773 853 2809; baseline 0 -6"><span class='ocrx_word' id='word_1_803' title='bbox 218 2775 260 2808; x_wconf 72' lang='grc' dir='ltr'><strong>τῷ</strong></span> <span class='ocrx_word' id='word_1_804' title='bbox 272 2775 298 2801; x_wconf 77' lang='grc' dir='ltr'>δ’</span> <span class='ocrx_word' id='word_1_805' title='bbox 309 2773 344 2803; x_wconf 85' lang='grc' dir='ltr'>εὖ</span> <span class='ocrx_word' id='word_1_806' title='bbox 364 2783 391 2802; x_wconf 84' lang='grc' dir='ltr'><strong>τι</strong></span> <span class='ocrx_word' id='word_1_807' title='bbox 408 2775 514 2808; x_wconf 81' lang='grc' dir='ltr'>ποιεῖν,</span> <span class='ocrx_word' id='word_1_808' title='bbox 529 2777 554 2802; x_wconf 80' lang='grc' dir='ltr'>ει</span> <span class='ocrx_word' id='word_1_809' title='bbox 570 2775 667 2807; x_wconf 69' lang='grc' dir='ltr'>θέλεις</span> <span class='ocrx_word' id='word_1_810' title='bbox 680 2773 756 2802; x_wconf 70' lang='grc' dir='ltr'>εἶναι</span> <span class='ocrx_word' id='word_1_811' title='bbox 770 2777 853 2809; x_wconf 71' lang='grc' dir='ltr'><strong>Θηός.</strong></span> 
     </span>
    </p>
   </div>
   <div class='ocr_carea' id='block_1_108' title="bbox 215 2809 853 2844">
    <p class='ocr_par' dir='ltr' id='par_1_108' title="bbox 215 2809 853 2844">
     <span class='ocr_line' id='line_1_108' title="bbox 215 2809 853 2844; baseline -0.002 -6"><span class='ocrx_word' id='word_1_812' title='bbox 215 2811 252 2839; x_wconf 80' lang='grc' dir='ltr'><strong>Τὸ</strong></span> <span class='ocrx_word' id='word_1_813' title='bbox 263 2810 290 2837; x_wconf 80' lang='grc' dir='ltr'>δ’</span> <span class='ocrx_word' id='word_1_814' title='bbox 302 2810 389 2838; x_wconf 75' lang='grc' dir='ltr'>ἐστὶν</span> <span class='ocrx_word' id='word_1_815' title='bbox 401 2809 510 2844; x_wconf 81' lang='grc' dir='ltr'>ἀνδρὸς</span> <span class='ocrx_word' id='word_1_816' title='bbox 526 2809 640 2842; x_wconf 71' lang='grc' dir='ltr'>εἰδότος</span> <span class='ocrx_word' id='word_1_817' title='bbox 648 2811 681 2836; x_wconf 84' lang='grc' dir='ltr'>τὸ</span> <span class='ocrx_word' id='word_1_818' title='bbox 696 2811 853 2844; x_wconf 74' lang='grc' dir='ltr'>συγγενές.</span> 
     </span>
    </p>
   </div>
   <div class='ocr_carea' id='block_1_109' title="bbox 216 2844 931 2880">
    <p class='ocr_par' dir='ltr' id='par_1_109' title="bbox 216 2844 931 2880">
     <span class='ocr_line' id='line_1_109' title="bbox 216 2844 931 2880; baseline 0 -6"><span class='ocrx_word' id='word_1_819' title='bbox 216 2846 332 2874; x_wconf 65' lang='lat' dir='ltr'><strong>licetret</strong></span> <span class='ocrx_word' id='word_1_820' title='bbox 348 2845 382 2872; x_wconf 77' lang='grc' dir='ltr'>δὲ</span> <span class='ocrx_word' id='word_1_821' title='bbox 390 2844 501 2879; x_wconf 66' lang='grc' dir='ltr'>ῥᾷστα.</span> <span class='ocrx_word' id='word_1_822' title='bbox 516 2844 564 2872; x_wconf 73' lang='grc' dir='ltr'>καὶ</span> <span class='ocrx_word' id='word_1_823' title='bbox 582 2845 706 2880; x_wconf 76' lang='grc' dir='ltr'>τρυγὼν.</span> <span class='ocrx_word' id='word_1_824' title='bbox 720 2845 765 2874; x_wconf 79' lang='grc' dir='ltr'>καὶ</span> <span class='ocrx_word' id='word_1_825' title='bbox 777 2846 931 2880; x_wconf 64' lang='grc' dir='ltr'>σκορπίου.</span> 
     </span>
    </p>
   </div>
   <div class='ocr_carea' id='block_1_110' title="bbox 1297 2686 1537 2722">
    <p class='ocr_par' dir='ltr' id='par_1_110' title="bbox 1297 2686 1537 2722">
     <span class='ocr_line' id='line_1_110' title="bbox 1297 2686 1537 2722; baseline -0.004 -8"><span class='ocrx_word' id='word_1_826' title='bbox 1297 2686 1392 2722; x_wconf 67' lang='lat' dir='ltr'><strong>Ejutd.</strong></span> <span class='ocrx_word' id='word_1_827' title='bbox 1415 2690 1475 2714; x_wconf 82' lang='lat' dir='ltr'><strong>tetr.</strong></span> <span class='ocrx_word' id='word_1_828' title='bbox 1493 2686 1537 2715; x_wconf 80' lang='lat'><strong>56.</strong></span> 
     </span>
    </p>
   </div>
   <div class='ocr_carea' id='block_1_111' title="bbox 1077 2733 1680 2763">
    <p class='ocr_par' dir='ltr' id='par_1_111' title="bbox 1077 2733 1680 2763">
     <span class='ocr_line' id='line_1_111' title="bbox 1077 2733 1680 2763; baseline -0.007 0"><span class='ocrx_word' id='word_1_829' title='bbox 1077 2735 1146 2763; x_wconf 75' lang='lat' dir='ltr'><strong>Aliis</strong></span> <span class='ocrx_word' id='word_1_830' title='bbox 1162 2734 1277 2762; x_wconf 81' lang='lat' dir='ltr'><strong>nocendo</strong></span> <span class='ocrx_word' id='word_1_831' title='bbox 1292 2734 1373 2761; x_wconf 77' lang='lat' dir='ltr'><strong>robur</strong></span> <span class='ocrx_word' id='word_1_832' title='bbox 1383 2733 1455 2760; x_wconf 77' lang='lat' dir='ltr'><strong>haud</strong></span> <span class='ocrx_word' id='word_1_833' title='bbox 1471 2737 1589 2760; x_wconf 75' lang='lat' dir='ltr'><strong>monstra</strong></span> <span class='ocrx_word' id='word_1_834' title='bbox 1606 2737 1680 2760; x_wconf 83' lang='lat' dir='ltr'><strong>tuum</strong></span> 
     </span>
    </p>
   </div>
   <div class='ocr_carea' id='block_1_112' title="bbox 1077 2768 1597 2803">
    <p class='ocr_par' dir='ltr' id='par_1_112' title="bbox 1077 2768 1597 2803">
     <span class='ocr_line' id='line_1_112' title="bbox 1077 2768 1597 2803; baseline -0.01 -4"><span class='ocrx_word' id='word_1_835' title='bbox 1077 2771 1128 2800; x_wconf 84' lang='lat' dir='ltr'><strong>Sed</strong></span> <span class='ocrx_word' id='word_1_836' title='bbox 1145 2770 1313 2802; x_wconf 76' lang='lat' dir='ltr'><strong>demerendo,</strong></span> <span class='ocrx_word' id='word_1_837' title='bbox 1329 2770 1352 2796; x_wconf 76' lang='lat' dir='ltr'><strong>si</strong></span> <span class='ocrx_word' id='word_1_838' title='bbox 1365 2769 1428 2796; x_wconf 78' lang='lat' dir='ltr'><strong>velis</strong></span> <span class='ocrx_word' id='word_1_839' title='bbox 1447 2769 1505 2803; x_wconf 82' lang='lat' dir='ltr'><strong>ﬁeri</strong></span> <span class='ocrx_word' id='word_1_840' title='bbox 1522 2768 1597 2795; x_wconf 74' lang='lat' dir='ltr'><strong>deus.</strong></span> 
     </span>
    </p>
   </div>
   <div class='ocr_carea' id='block_1_113' title="bbox 1077 2804 1622 2840">
    <p class='ocr_par' dir='ltr' id='par_1_113' title="bbox 1077 2804 1622 2840">
     <span class='ocr_line' id='line_1_113' title="bbox 1077 2804 1622 2840; baseline -0.002 -7"><span class='ocrx_word' id='word_1_841' title='bbox 1077 2806 1124 2834; x_wconf 74' lang='lat' dir='ltr'><strong>Eat</strong></span> <span class='ocrx_word' id='word_1_842' title='bbox 1136 2806 1193 2840; x_wconf 77' lang='lat' dir='ltr'><strong>ejus</strong></span> <span class='ocrx_word' id='word_1_843' title='bbox 1206 2804 1288 2837; x_wconf 81' lang='lat' dir='ltr'><strong>istud,</strong></span> <span class='ocrx_word' id='word_1_844' title='bbox 1302 2805 1347 2839; x_wconf 78' lang='lat' dir='ltr'><strong>qui</strong></span> <span class='ocrx_word' id='word_1_845' title='bbox 1359 2813 1434 2831; x_wconf 77' lang='lat' dir='ltr'><strong>suum</strong></span> <span class='ocrx_word' id='word_1_846' title='bbox 1449 2804 1519 2830; x_wconf 80' lang='lat' dir='ltr'><strong>norit</strong></span> <span class='ocrx_word' id='word_1_847' title='bbox 1530 2812 1622 2838; x_wconf 80' lang='lat' dir='ltr'><strong>genus.</strong></span> 
     </span>
    </p>
   </div>
   <div class='ocr_carea' id='block_1_114' title="bbox 1077 2840 1702 2875">
    <p class='ocr_par' dir='ltr' id='par_1_114' title="bbox 1077 2840 1702 2875">
     <span class='ocr_line' id='line_1_114' title="bbox 1077 2840 1702 2875; baseline -0.002 -6"><span class='ocrx_word' id='word_1_848' title='bbox 1077 2841 1168 2870; x_wconf 74' lang='lat' dir='ltr'><strong>Facile</strong></span> <span class='ocrx_word' id='word_1_849' title='bbox 1185 2845 1212 2870; x_wconf 80' lang='lat' dir='ltr'><strong>(tt</strong></span> <span class='ocrx_word' id='word_1_850' title='bbox 1231 2841 1358 2873; x_wconf 72' lang='lat' dir='ltr'><strong>necarint,</strong></span> <span class='ocrx_word' id='word_1_851' title='bbox 1376 2845 1398 2867; x_wconf 86' lang='lat' dir='ltr'><strong>ct</strong></span> <span class='ocrx_word' id='word_1_852' title='bbox 1416 2843 1553 2875; x_wconf 79' lang='lat' dir='ltr'><strong>trygon,et</strong></span> <span class='ocrx_word' id='word_1_853' title='bbox 1573 2840 1702 2874; x_wconf 64' lang='lat' dir='ltr'><strong>scorpius.</strong></span> 
     </span>
    </p>
   </div>
  </div>
