2056 3113
180 118 246 150 1397

214 183 224 199 ‹
245 173 339 208 Ὑμεῖς
357 171 510 206 ὲξεκλίνατε
525 171 557 198 ὲκ
570 170 619 206 τῆς
635 169 696 198 ὁδοῦ
707 179 714 186 ·
727 171 897 206 ἡσθενήσατε
908 170 970 196 πολ-
986 171 1009 200 Α

133 211 152 216 ν
170 219 249 250 “Antig.
262 219 348 253 Κάγὼ
363 218 467 245 δέδωκα
483 218 554 252 ὑμᾶς
571 217 812 252 ὲξουθενουμένους
827 218 867 248 εἰς
879 217 967 243 πάντα

174 265 210 292 τὰ
224 265 299 301 ἔθνη,
314 264 371 291 ἀνθ’
382 262 419 292 ὧν
434 264 599 299 ἐλαμὸάνετε
618 263 693 298 δῶρα
705 264 734 289 ἐν
747 263 830 298 νόμῳ.
849 273 857 289 ι

169 349 173 362 ί
215 372 224 383 ι
242 356 339 391 Γέγονε
356 357 458 393 κρίσις,
475 357 521 383 καὶ
535 356 656 391 ὁκριτὴς
666 356 808 391 λαμϐάνει.
826 356 874 382 Διὰ
889 355 968 383 τοῦτο

177 403 365 429 διεσκέδασται
377 402 469 438 νόμος,
485 403 532 430 καὶ
551 403 581 429 οὐ
600 402 752 436 διεξάγεται
764 403 804 433 εἰς
817 401 892 433 τέλος
907 401 967 438 κρί-

178 457 231 482 σις,
245 448 286 474 ὅτι
299 447 401 483 ἀσεϐὴς
420 447 647 475 καταδυναστεύει
662 447 707 474 τὸν
720 446 831 474 δίκαιον.
850 456 859 472 ι

216 547 226 564 ι
243 539 275 565 Οἱ
290 539 420 574 ἄρχοντες
430 539 515 573 αὐτῆς
533 538 562 565 ὲν
574 539 654 574 αὐτῇ,
664 538 702 570 ὡς
719 538 826 570 λέοντες
841 538 968 573 ὠρυόμε-

179 593 230 618 νοι,
246 585 271 611 οἱ
285 585 377 620 κριταὶ
393 585 477 620 αὐτῆς
491 585 528 617 ὡς
542 585 619 612 λύκοι
631 585 681 620 τῆς
693 585 834 620 ’Λραῧίας.
854 594 863 610 ι

219 685 228 701 ι
243 676 274 702 Οἱ
289 675 418 710 ἄρχοντές
444 684 489 702 σου
504 674 667 708 ἀπειθοῦσι,
689 675 813 702 κοινωνολ¹
833 676 968 710 κλεπτῶν,

179 721 342 754 ἀγαπῶντες
352 721 436 756 δῶρα,
454 721 597 752 διώκοντες
623 721 800 756 ἀνταπόδομα
812 741 819 754 ,
842 722 969 758 ὀρφανοῖς

179 767 210 792 οὐ
224 767 373 802 κρίνοντες,
390 767 437 794 καὶ
451 768 540 803 κρίσει
557 767 650 803 χηρῶν
662 768 691 794 οὺ
711 767 900 803 προσέχοντες.
922 778 931 794 ι

220 864 228 879 ι
257 854 413 889 Ἐπιστήσω
425 854 584 886 νεανίσκους
593 855 726 890 ἄρχοντας
742 855 841 889 αὐτῶν,
856 856 904 883 καὶ
917 857 965 892 ἐμ-

180 901 293 926 παῖκται
305 900 494 936 κυριεύσουσιν
505 900 604 927 αὐτῶν.
622 910 631 925 ι

220 955 229 970 ι
245 945 330 971 ’Όταν
345 945 485 980 ὲκτείνητε
505 945 556 977 τὰς
575 947 671 981 χεῖρας
691 946 783 981 ὑμῶν,
804 947 970 983 ἀποστρέψω

180 990 211 1016 τὺ
226 990 370 1024 πρύσωπόν
392 999 442 1025 μου
471 991 518 1025 ἀφ’
533 991 610 1026 ὑμῶν
651 992 683 1018 Δί
702 992 756 1027 γὰρ
773 993 864 1028 χεῖρες
893 993 970 1028 ὑμῶν

182 1035 300 1071 αἵματος
318 1035 442 1071 πλήρεις.
461 1046 470 1062 ›

222 1091 230 1107 ι
251 1081 320 1107 Οὐαὶ
339 1083 363 1108 οι
376 1081 544 1114 δικαιοῦντες
560 1082 606 1109 τὸν
632 1083 719 1118 ἀσεϐῆ
742 1083 837 1110 ἕνεκεν
864 1084 969 1120 δώρων,

182 1126 229 1153 καὶ
243 1127 273 1153 τὸ
284 1127 387 1154 δίκαιον
407 1128 454 1153 τοῦ
466 1128 571 1154 δικαίου
587 1128 712 1163 αἴροντες
740 1128 786 1154 ἀπ’
811 1128 904 1156 αὐτοῦ.
920 1130 970 1157 Διὰ

182 1172 261 1199 τοῦτο
276 1172 306 1199 ὃν
327 1173 427 1208 τρόπον
443 1173 613 1209 καυθήσεται
630 1176 742 1210 καλάμη
766 1176 819 1202 ὑπὸ
834 1176 971 1211 ἄνθρακος

183 1218 279 1252 πυρὸς,
303 1218 350 1245 καὶ
375 1219 595 1254 συγκαυθήσεται
612 1221 665 1247 ὑπὸ
686 1216 785 1256 φλογὸξ
796 1222 969 1257 ἀνημμένης,

183 1264 199 1297 ἡ
216 1263 279 1298 ῥίζα
291 1264 380 1291 αὐτῶν
403 1264 440 1296 ὡς
460 1265 556 1301 χόρτος
575 1267 662 1299 ἔσται,
676 1267 723 1293 καὶ
742 1267 773 1293 τὸ
785 1267 865 1300 ἄνθος
883 1269 970 1295 αὐτῶν

183 1309 221 1339 ὼς
236 1310 373 1345 κονιορτὸς
385 1311 563 1347 ἀναϐήσεται.
576 1313 613 1338 Οὺ
623 1313 676 1348 γὰρ
686 1313 822 1348 ἠθέλησαν
834 1314 879 1340 τὸν
890 1315 971 1350 νόμον

183 1355 286 1390 Κυρίου
306 1355 421 1384 Σαὸαὼθ
448 1358 546 1390 ποιεῖν,
573 1358 641 1385 ἀλλὰ
670 1358 701 1384 τδ
718 1358 807 1393 λόγιον
821 1359 868 1385 τοῦ
891 1360 970 1394 ἁγίου

182 1399 292 1435 Ἰσραὴλ
304 1401 478 1436 παρώξυναν.
498 1412 508 1428 ›

222 1455 232 1472 ‹
251 1447 319 1473 Οὐαὶ
335 1448 391 1480 τοῖς
410 1449 545 1484 γράφουσι
569 1451 712 1486 πονηρίαν.
736 1451 891 1486 Γράφοντες
917 1452 971 1488 γὰρ

184 1492 318 1527 πονηρίαν
340 1494 502 1528 γράφουσιν,
527 1495 699 1527 ἐκκλίνοντες
725 1497 817 1532 κρίσιν
844 1497 970 1533 πτωχῶν,
986 1513 1008 1543 c

184 1536 355 1570 ἁρπάζοντες
375 1539 505 1574 κτήματα
530 1541 654 1575 πενήτων
671 1540 718 1566 τοῦ
735 1541 799 1568 λαοῦ
823 1551 886 1577 μου,
902 1542 973 1569 ὥστε

183 1579 255 1608 εἶναι
282 1582 375 1615 αὐτοῖς
394 1584 481 1619 χήραν
506 1585 546 1616 εἰς
573 1586 714 1621 ἁρπαγὴν,
737 1587 784 1614 καὶ
799 1588 917 1623 ὀρφανὸν
934 1589 974 1620 εἰς

184 1628 334 1662 προνομήν.
352 1629 408 1655 Καὶ
423 1629 451 1655 τί
462 1630 606 1665 ποιήσουσι
623 1626 764 1667 ’τῆ-ἡμέρᾳ
788 1633 837 1668 τῆς
860 1634 974 1660 ἐπισκο-

185 1671 258 1706 πῆς;
277 1672 310 1698 Ἦ
324 1673 378 1708 γὰρ
396 1673 486 1708 θλίψις
504 1675 583 1709 ἡμῶν
597 1676 739 1712 πόρρωθεν
759 1677 829 1712 ἥξει,
841 1677 888 1703 καὶ
905 1679 974 1714 πρδς

185 1716 247 1743 τίνοι
261 1717 464 1752 καταφεύξεσθε
480 1719 527 1746 τοῦ
544 1720 712 1756 βοηθηθῆναι
725 1730 731 1754 ;
751 1731 760 1748 ι

223 1772 232 1788 ι
250 1763 282 1789 Τί
294 1763 372 1798 ὑμεῖς
388 1764 506 1791 ἀδικεῖτε
518 1765 564 1792 τὸν
576 1766 640 1793 λαόν
655 1775 717 1801 μου,
727 1768 773 1794 καὶ
787 1769 818 1795 τὸ
829 1769 974 1804 πρόσωπον

185 1808 239 1835 τῶν
252 1810 366 1845 πτωχῶν
380 1811 577 1846 καταισχύνετε
590 1820 597 1845 ;
616 1813 683 1848 φησὶ
696 1814 807 1850 Κύριος.
830 1825 839 1840 1

224 1904 233 1920 ι
251 1896 320 1922 Οὐαὶ
335 1897 358 1923 οἱ
372 1897 498 1931 λέγοντες
514 1898 544 1924 τὸ
558 1901 676 1935 πονηρὸν
691 1901 785 1933 καλὸν,
810 1903 857 1929 καὶ
879 1903 909 1930 τὸ
922 1913 972 1931 κα-

185 1940 231 1966 λὸν
246 1941 380 1976 πονηρόν·
395 1942 420 1968 οἱ
433 1943 555 1975 τιθέντες
565 1943 596 1970 τὸ
608 1945 666 1978 φῶς
683 1946 788 1978 σκότος,
803 1949 851 1974 καὶ
864 1949 894 1974 τὸ
914 1950 976 1976 σκό-

185 1993 231 2017 τος
247 1986 304 2020 φῶς
315 1995 323 2003 ·
339 1987 363 2013 οἱ
375 1987 495 2020 τιθέντες
508 1989 538 2016 τδ
554 1989 652 2025 πικρὸν
668 1991 765 2025 γλυκὺ,
782 1993 829 2020 καὶ
844 1994 876 2020 τὺ
889 1995 974 2028 γλυκὺ

186 2032 292 2067 πικρόν.
309 2042 318 2058 ι

186 2088 237 2147 ἀθι
256 2078 299 2104 Ἐν
315 2080 374 2111 ταῖς
399 2080 476 2115 χερσί
502 2089 549 2108 σου
572 2082 726 2118 εὑρέθησαν
755 2085 860 2120 αἵματα
882 2085 975 2122 ψυχῶν

222 2130 292 2147 (οων.
311 2132 321 2147 ι

222 2130 292 2149 (οων.
311 2132 321 2148 ι

809 114 931 144 SACRA
948 113 1167 144 PARALLELA
1174 137 1180 143 .

1745 113 1812 146 1398

1059 169 1176 196 ΜαΙαεΙι.
1194 177 1222 200 ιι,
1241 167 1267 202 8,
1276 169 1340 196 9.——-
1357 178 1365 194 ι
1383 168 1438 196 Vos
1447 168 1632 196 declinastisa
1648 168 1690 196 via
1709 178 1715 195 :
1734 169 1811 196 iniit-—

1019 224 1078 244 ntos
1096 216 1201 243 fecistis
1215 215 1327 242 mullos.
1342 215 1375 242 Et
1385 223 1436 251 ego
1451 215 1512 243 dedi
1525 223 1573 243 vos
1588 216 1812 251 contemptibiles

1019 263 1046 289 in
1063 269 1158 289 omnes
1174 264 1281 296 gentes,
1294 268 1344 296 pro
1359 269 1392 289 eo
1407 261 1480 297 quod
1494 261 1640 297 accepistis
1654 269 1770 289 murteta
1783 262 1824 289 in-

1020 308 1090 344 lege.
1114 317 1122 334 ι
1432 305 1438 306 “

1055 353 1159 380 Habac.
1177 361 1196 386 ι,
1213 353 1239 380 3.
1254 367 1289 372 —
1303 361 1311 377 ι
1331 352 1446 380 Factum
1466 356 1507 380 est
1520 353 1668 388 judicium,
1686 357 1713 380 et
1725 353 1812 387 jndex

1020 399 1131 433 accipit.
1147 398 1298 433 Propterea
1314 398 1446 434 dissipata
1458 403 1501 427 est
1517 399 1572 432 lex,
1584 405 1674 427 etnon
1688 398 1812 434 pervenit

1020 445 1053 472 ad
1069 445 1148 472 tinent
1159 444 1314 479 judicium;
1331 445 1397 480 quia
1411 445 1513 481 impitts
1529 446 1659 480 praevalet
1680 445 1812 473 adversus

1018 490 1132 526 justum.
1149 501 1157 517 I
1275 484 1279 494 ¹

1056 537 1172 572 Suphon.
1191 547 1230 570 tn,
1262 539 1289 566 5.
1306 553 1341 558 —
1361 547 1370 564 ι
1388 537 1531 571 Principes
1547 537 1606 572 ejus
1635 537 1662 564 in
1688 544 1720 564 ea
1742 537 1814 564 sicut

1021 583 1116 611 leones
1134 584 1286 619 rugientes,
1304 587 1331 612 et
1352 583 1460 618 judices
1481 583 1541 619 ejus
1564 583 1637 611 sicut
1661 582 1718 617 lupi
1745 584 1813 610 Ara—

1021 630 1081 657 biae.
1101 639 1110 655 ι

1058 674 1117 703 Isa.
1140 684 1160 709 ι,
1177 676 1222 703 25.
1238 691 1271 696 --
1290 686 1298 702 ι
1318 675 1462 711 Principes
1473 675 1645 702 tuiinlideles
1656 678 1731 707 sunt,
1745 673 1812 702 secii

1024 720 1127 754 furum,
1141 721 1286 756 diligentes
1303 729 1430 753 munera,
1446 725 1642 756 persequentes
1659 720 1813 747 retributio-

1023 774 1096 800 nem,
1111 767 1224 802 pupillis
1241 775 1295 798 non
1313 767 1482 802 judicantes,
1506 770 1534 794 et
1548 765 1653 800 judicio
1669 765 1812 792 viduarum

1023 821 1078 840 non
1095 812 1278 840 attendentes.
1299 823 1309 839 ›

1061 858 1116 886 Isa.
1133 867 1175 891 ιιι,
1188 859 1215 886 4.
1226 875 1260 879 -
1277 868 1286 884 ι
1302 859 1425 886 Statuam
1442 859 1664 887 adolescentulos
1673 858 1814 894 principes

1024 913 1130 938 eorum,
1147 909 1174 932 et
1190 905 1316 933 illusores
1330 905 1604 933 dominabunturcis.
1624 915 1635 930 ι

1061 950 1118 977 lsa.
1133 959 1152 982 ι,
1170 951 1213 977 15.
1228 965 1262 970 -—
1279 961 1288 976 1
1308 950 1375 978 Cum
1393 950 1575 978 extenderitis
1587 957 1683 978 manus
1694 953 1813 982 vestras.

1024 1002 1146 1024 avertam
1161 997 1257 1024 faciem
1277 1004 1364 1024 meam
1381 1005 1395 1023 a
1416 996 1503 1024 vobis.
1520 996 1617 1024 Manus
1630 997 1704 1024 enim
1716 999 1816 1024 vestrm

1025 1043 1158 1078 sanguine
1173 1044 1258 1078 pleme
1270 1047 1342 1071 sunt.
1365 1053 1373 1069 ι

1060 1089 1116 1116 Isa.
1135 1097 1160 1121 ν,
1174 1089 1267 1117 2526.
1284 1105 1319 1110 —-
1342 1099 1350 1114 ι
1369 1089 1416 1116 Vae
1443 1090 1488 1123 qui
1512 1088 1671 1123 justiticatis
1699 1088 1812 1122 impiqu

1025 1142 1075 1170 pro
1087 1135 1260 1165 muneribus,
1276 1139 1304 1162 et
1319 1134 1442 1170 jusjnsti
1457 1134 1572 1162 aufertis
1596 1134 1629 1161 ab
1645 1142 1688 1162 eo.
1699 1134 1814 1169 Propter

1025 1181 1077 1208 hoc
1104 1181 1176 1208 sicut
1199 1181 1348 1207 devoratur
1368 1181 1470 1216 stipula
1498 1189 1512 1207 a
1539 1181 1660 1208 carbone
1686 1180 1768 1215 ignis,
1786 1184 1814 1207 et

1025 1224 1203 1252 comburetur
1217 1233 1231 1251 a
1253 1224 1361 1251 flattnna
1377 1233 1505 1258 accensa,
1526 1225 1605 1252 radix
1620 1232 1716 1252 eorum
1733 1225 1813 1259 quasi

1025 1269 1118 1296 fenum
1135 1271 1200 1301 erit.
1224 1274 1250 1298 et
1273 1271 1322 1298 llos
1345 1278 1439 1298 eortnn
1455 1271 1529 1298 velut
1555 1271 1645 1304 pulvis
1672 1270 1812 1298 ascendet.

1024 1314 1179 1342 Noluerunt
1193 1315 1265 1343 enim
1279 1316 1380 1348 ,facere
1395 1316 1480 1350 legem
1498 1316 1605 1343 Domini
1617 1316 1747 1349 Sabaoth,
1765 1316 1813 1344 sed

1025 1361 1168 1388 oraculum
1186 1363 1274 1390 sancti
1289 1362 1372 1389 Israel
1387 1367 1627 1397 temperaverunt.
1647 1372 1657 1388 ι

1061 1448 1119 1476 Isa.
1135 1458 1163 1482 χ,
1188 1451 1213 1482 ll,
1231 1451 1258 1477 2.
1276 1465 1311 1470 -——
1330 1460 1338 1476 ι
1359 1449 1404 1477 Vae
1419 1450 1466 1485 qui
1495 1450 1621 1477 scribunt
1649 1450 1813 1485 nequitiam.

1026 1494 1186 1523 Scribentes
1201 1495 1284 1528 enim,
1303 1495 1454 1530 nequitiam
1483 1495 1619 1525 scribunt.
1641 1496 1813 1523 declinantes

1022 1539 1158 1574 judicium
1173 1547 1336 1575 pauperum,
1352 1541 1491 1575 rapientes
1516 1541 1705 1575 possessiones
1720 1542 1813 1576 populi

1025 1584 1089 1616 mei,
1105 1588 1133 1611 ut
1147 1588 1220 1612 esset
1239 1585 1280 1612 cis
1304 1585 1383 1611 vidua
1400 1585 1427 1612 in
1452 1586 1584 1620 prtedam,
1601 1590 1628 1613 et
1648 1586 1767 1621 pupillus
1785 1587 1813 1613 in

1025 1629 1219 1664 direptionem.
1237 1629 1268 1656 Et
1285 1629 1350 1664 quid
1376 1629 1477 1657 facient
1503 1630 1532 1657 in
1558 1630 1602 1658 die
1625 1630 1814 1658 visitationis?

1024 1674 1092 1701 Nam
1107 1674 1245 1702 tribulatio
1261 1680 1352 1703 vestra
1376 1675 1409 1702 de
1425 1675 1505 1712 longe
1524 1676 1626 1703 veniet.
1641 1676 1674 1703 Et
1682 1677 1715 1703 ad
1731 1683 1812 1712 quem

1025 1719 1192 1754 confugietis
1207 1724 1236 1747 ut
1253 1720 1440 1755 adjuvemini?
1459 1730 1468 1746 ι

1059 1765 1141 1801 446
1156 1765 1213 1792 Ιεα.
1230 1766 1328 1799 "1,15.
1345 1780 1380 1785 -
1399 1775 1409 1791 ‹
1426 1765 1517 1799 Quare
1535 1765 1638 1801 injuste
1653 1765 1734 1800 agitis
1749 1772 1811 1793 cum

1026 1812 1126 1846 populo
1143 1819 1214 1845 meo,
1233 1816 1260 1839 et
1277 1812 1372 1839 faciem
1394 1819 1544 1847 pauperum
1569 1811 1755 1839 confunditis?
1771 1811 1813 1838 di-

1025 1857 1062 1884 cit
1078 1856 1217 1884 Dominus.
1237 1867 1246 1883 ι

1061 1901 1119 1930 Isa.
1132 1911 1157 1936 v,
1173 1903 1219 1931 20.
1237 1918 1272 1922 ——
1291 1913 1300 1928 ι
1317 1902 1364 1930 Vw
1376 1903 1422 1938 qui
1441 1903 1533 1930 dicitis
1547 1902 1646 1929 malum
1658 1902 1771 1932 bonum,
1785 1905 1813 1928 et

1025 1947 1128 1974 bonum
1146 1948 1266 1980 malum;
1282 1948 1328 1982 qui
1344 1948 1447 1982 ponitis
1470 1947 1559 1974 lucem
1577 1947 1712 1978 tenebras,
1726 1950 1752 1972 et
1770 1950 1812 1972 te-

1026 1992 1126 2020 nebras
1142 1993 1247 2027 lucem;
1265 1993 1311 2028 qtti
1329 1993 1431 2028 ponitis
1446 2001 1569 2020 amarunt
1584 1993 1675 2025 dulce,
1692 1997 1718 2019 et
1733 1991 1820 2018 dulce‘

1026 2045 1158 2065 amarum.
1181 2047 1190 2064 ι

1061 2082 1163 2110 Jerem.
1180 2091 1209 2116 ll,
1223 2083 1267 2111 5J1.
1281 2100 1316 2106 —
1334 2093 1343 2109 ι
1357 2084 1386 2111 In
1403 2085 1532 2112 manibus
1549 2083 1604 2112 tuis
1618 2083 1746 2111 iuventus
1769 2086 1813 2110 est

1026 2128 1138 2163 sanguis
1155 2129 1309 2157 animarum
1326 2130 1527 2158 innocentium.
1548 2139 1557 2155 ι

223 2176 233 2192 ι
251 2168 309 2195 Οὐκ
324 2168 434 2205 ἔκριναν
452 2171 543 2207 κρίσιν
558 2173 677 2209 ὀρφανοῦ
690 2195 697 2208 ,
717 2177 765 2203 καὶ
783 2178 875 2213 κρίσιν
887 2179 973 2213 χήρας

1061 2174 1160 2202 Jerem.
1176 2184 1202 2209 ν,
1225 2175 1269 2204 28.
1286 2191 1321 2197 -
1338 2185 1347 2202 ι
1371 2175 1430 2204 Νοιι
1459 2176 1653 2211 judicaverttnt
1677 2175 1811 2210 judicium

186 2212 236 2239 οὐκ
259 2214 411 2250 ὲκρίνοσαν.
427 2217 485 2252 ’Μὴ
511 2219 558 2245 ἐπὶ
582 2220 686 2252 τούτοις
700 2222 751 2250 οὐκ
775 2223 972 2260 ἐπισκέψομαι,

187 2259 388 2306 λέγεγιΚύριοςς
400 2263 417 2297 ἢ
435 2263 464 2289 ὲν
481 2264 553 2291 ἔθνει
564 2265 604 2300 τῷ
617 2267 731 2303 τοιούτῳ
745 2269 794 2296 οὐκ
807 2259 943 2306 ἐκδικήσει
957 2273 973 2306 ή

186 2303 259 2340 ψυχή
273 2314 323 2340 μου
336 2315 343 2339 ;
361 2316 372 2332 ι

225 2404 236 2419 ‹
251 2395 284 2421 οι
297 2395 433 2431 ὀψθαλμοὶ
445 2397 534 2425 αὐτῶν
548 2399 579 2425 οὐ
601 2401 688 2434 καλοὶ,
708 2403 755 2429 καὶ
780 2404 796 2439 ή
812 2405 910 2440 καρδία
925 2407 975 2434 αὐ·

186 2440 241 2483 τῷν
273 2441 374 2474 εὐθεῖα,
405 2443 464 2470 ἀλλ’
483 2445 530 2472 ἐπὶ
555 2446 604 2482 τὴν
631 2448 798 2483 πλεονεξίαν,
825 2451 873 2477 καὶ
887 2453 934 2478 ἐπὶ
944 2453 979 2479 τὴν

187 2482 256 2520 αἷμα
269 2486 299 2513 τὺ
317 2487 406 2515 ἀθῶον
417 2489 463 2515 τοῦ
479 2489 585 2526 έκχέειν
603 2493 680 2524 αὐτὸ,
694 2494 742 2520 καὶ
755 2494 802 2521 ἐπὶ
823 2496 873 2531 τὴν
895 2505 975 2525 συκο-

188 2531 312 2565 φαντίαν,
327 2533 373 2560 καὶ
385 2535 426 2566 εἰς
435 2535 568 2572 ὰδῖκημα,
586 2539 634 2564 καὶ
649 2539 689 2571 εἷς
700 2540 780 2574 φόνον
795 2541 842 2568 τοῦ
859 2544 971 2570 ποιεῖν.)

225 2588 235 2603 ε
249 2577 454 2613 Ἐταπείνωσας
467 2581 513 2609 τὸν
533 2583 648 2619 ὑψηλὸν,
670 2586 718 2612 καὶ
738 2586 848 2622 ὕψωσας
862 2589 908 2615 τὸν
928 2598 975 2617 τα·

188 2624 291 2651 πεινόν.
314 2626 433 2655 Ἀδικίαν
450 2627 570 2664 θήσομαι
586 2630 684 2666 αὐτὴν,
701 2632 776 2667 λέγει
791 2633 905 2669 Κύριος.
926 2644 937 2661 ι

226 2719 234 2736 ι
253 2712 286 2738 οι
301 2712 431 2748 ἄρχοντες
447 2715 533 2750 αὐτῆς
550 2716 578 2743 ὲν
590 2717 667 2752 μέσῳ
680 2718 763 2753 αὐτῆς
776 2719 814 2751 ὡς
834 2720 911 2747 λύκοι
927 2721 975 2756 ἆρ-

191 2763 286 2791 ηαγες,
299 2759 470 2793 ἁρπάζοντες
485 2760 619 2796 ἅρπαγμα
635 2764 682 2789 τοῦ
698 2764 790 2799 ἐκχέαι
801 2762 886 2800 αἷμα,
900 2767 975 2799 ὅπως

189 2803 333 2837 πλεονεξίᾳ
346 2806 538 2835 πλεονεκτῶσι.
551 2809 605 2835 Καὶ
615 2810 638 2836 οἱ
649 2810 784 2844 προφῆται
802 2812 887 2846 αὐτῆς
901 2813 974 2840 ἀλεί-

1025 2221 1132 2256 pupilli,
1157 2226 1184 2249 et
1200 2221 1333 2257 judicium
1359 2223 1448 2250 viduae
1470 2230 1525 2250 non
1549 2220 1812 2257 judicarunt.Nuu-

1024 2267 1089 2302 quid
1110 2275 1193 2303 super
1207 2268 1250 2296 his
1274 2276 1326 2295 non
1348 2269 1484 2297 visitabo?
1501 2269 1566 2297 dicit
1595 2269 1741 2301 Dominus,
1763 2272 1812 2295 aut

1025 2321 1108 2348 super
1138 2318 1244 2349 gentem
1275 2314 1429 2350 hujusmodi
1455 2323 1508 2344 non
1540 2315 1690 2343 uleiscetur
1718 2314 1811 2341 anima

1025 2360 1103 2387 mea?
1121 2370 1129 2386 ι

1060 2404 1159 2432 Jerem.
1173 2413 1239 2439 xxtt,
1256 2406 1298 2433 17.
1311 2421 1346 2426 -
1359 2417 1368 2432 ι
1387 2406 1465 2434 Oculi
1478 2414 1574 2435 eorum
1599 2414 1653 2434 non
1669 2405 1744 2437 boni,
1761 2413 1810 2433 nec

1024 2443 1108 2478 corda
1122 2459 1216 2479 eorum
1229 2457 1313 2486 recta,
1324 2453 1371 2480 sed
1386 2453 1419 2480 ad
1435 2453 1579 2480 avaritiam
1605 2457 1632 2480 et
1650 2453 1682 2479 ad
1698 2451 1810 2487 sangui-

1024 2504 1087 2523 nem
1106 2496 1292 2530 innocentem,
1308 2501 1337 2524 ut
1347 2497 1486 2525 effundant
1507 2498 1594 2530 illum,
1608 2502 1636 2525 et
1650 2497 1682 2524 ad
1705 2497 1808 2524 calum-

1025 2541 1110 2574 niam,
1126 2546 1153 2570 et
1169 2542 1202 2570 ad
1216 2543 1389 2577 injustitiam,
1403 2548 1430 2571 et
1444 2543 1478 2570 ad
1500 2544 1599 2571 czedem
1619 2543 1781 2571 faciendam.
1796 2552 1806 2568 ι

1062 2587 1157 2615 Ezech.
1175 2589 1283 2622 “1,26.
1295 2604 1332 2612 -
1343 2598 1351 2614 ι
1369 2589 1522 2617 Humiliasti
1537 2589 1688 2622 excelsum,
1702 2593 1729 2616 et
1742 2589 1808 2616 sub-

1024 2633 1118 2660 levasti
1147 2633 1287 2662 humilem.
1310 2634 1483 2670 lniquitatem
1518 2642 1619 2670 ponam
1644 2642 1720 2668 eam,
1742 2634 1808 2662 dicit

1024 2678 1164 2706 Dominus.
1179 2689 1190 2705 ι
1607 2711 1621 2721 ⁴
1834 2671 1839 2689 ’Ἴ

1060 2723 1155 2752 Ezech.
1175 2733 1241 2759 xm,
1257 2725 1301 2759 27,
1315 2726 1360 2753 28.
1375 2735 1429 2752 -ι
1446 2726 1586 2761 Principes
1600 2726 1661 2762 ejus
1676 2727 1702 2754 in
1717 2726 1808 2754 medio

1025 2770 1097 2798 illius
1120 2771 1198 2805 quasi
1224 2771 1277 2806 lupi
1303 2779 1416 2807 rapaces
1438 2782 1444 2800 :
1470 2773 1607 2808 rapientes
1630 2773 1747 2808 praedam
1772 2771 1806 2799 ad

1026 2813 1217 2843 effundendum
1258 2817 1437 2851 sanguinem,
1471 2818 1503 2845 ad
1543 2826 1625 2846 avare
1660 2817 1807 2846 sectandos
