2056 3113
254 123 322 157 1399

841 128 872 159 S.
889 129 1049 159 JOANNIS
1070 130 1285 166 DAMASCENI

1820 133 1890 168 1400

217 189 226 216 3
252 187 385 217 quaestus.
405 182 548 219 Prophetze
561 188 651 212 autem
663 184 724 220 ejus
741 185 882 221 ungebam
896 193 954 214 eos.
972 187 1034 215 lnte:

1098 197 1194 223 φοντες
1214 188 1326 220 αὐτούς.
1361 189 1511 225 ’Δναμέσον
1535 190 1615 226 ἁγίου
1635 192 1684 220 καὶ
1712 192 1828 229 βεϐήλου
1854 196 1887 222 οὐ

252 234 377 257 sanctum
394 234 422 257 et
445 229 592 265 profanum
620 238 675 258 non
698 231 903 266 discernebant,
923 238 951 260 ct
973 233 1045 260 inter

250 275 382 303 mundum
399 281 427 303 et
444 276 617 304 immundum
633 285 688 305 non
700 278 915 313 distinguebant.
932 289 941 306 ›

286 318 384 346 Eucti.
397 327 458 352 xm,
475 320 518 353 18,
538 321 582 348 l9.
603 336 638 343 —
654 331 664 347 ι
686 322 790 352 Anima!
814 323 955 352 subversa
979 330 1044 353 sunt

250 364 343 400 populi
358 364 423 397 mei,
434 369 462 392 et
481 366 628 401 capiebant
639 368 757 402 animas,
773 373 801 397 et
816 371 1043 398 contaminabant

249 417 294 437 me
308 409 341 437 ad
356 409 486 445 populum
503 419 594 439 meum
611 417 724 447 propter
745 414 876 451 pusillum
891 415 999 446 hordei.
1015 420 1043 444 et

250 453 403 489 fragmenta
419 455 499 490 panis
518 465 525 484 :
542 460 573 483 ut
588 457 747 485 occiderent
770 458 878 487 animas
901 467 971 494 quas
986 468 1041 488 non

249 500 373 535 oportuit
394 501 475 534 mori,
496 506 524 529 et
547 505 577 529 ut
603 502 740 531 salvarent
757 504 866 535 animas
897 513 969 541 quas
986 514 1041 535 non

249 544 371 580 oportuit
386 545 489 574 vivere.
507 555 516 572 ι

284 588 351 624 Sap.
370 598 405 623 νι,
420 590 447 618 6.
459 606 495 612 —
515 601 524 618 ι
542 591 682 621 Judicium
694 602 794 623 aurum
810 595 845 623 iis
860 597 906 631 qui
922 602 1040 631 praesunt

248 634 295 662 ﬁet
310 644 317 662 :
336 636 500 665 fortioribus
512 639 584 665 enim
603 637 700 666 fortior
712 639 797 668 instat
813 642 960 670 cruciatio.
979 653 989 669 ι

284 680 370 709 Εεειὶ.
390 690 436 716 xx,
451 682 498 711 31.
510 698 546 704 -
563 693 572 710 ι
586 684 675 713 Xenia
690 689 717 713 et
732 688 802 715 dona
818 694 959 718 excaecant
973 697 1039 719 ocu-

248 726 289 754 los
303 726 442 761 judieum.
460 738 470 755 ι

282 771 360 801 Rom.
374 781 405 806 ιι,
419 774 447 807 5,
462 775 490 802 4.
502 790 536 796 —
554 786 564 802 ι
582 776 781 807 inexcusabilis
796 786 836 812 es,
849 787 865 807 ο
881 779 974 814 homo,
992 781 1039 817 qui

244 817 362 853 judicas.
372 819 400 847 In
415 828 471 856 quo
481 822 554 850 enim
573 823 691 851 alterum
706 825 829 860 judicas,
843 826 960 861 teipsum
972 834 1038 855 con-

245 864 370 893 demnas.
385 867 488 895 Eadem
504 869 578 896 enim
589 869 649 905 agis
661 879 722 905 qua:
733 871 853 906 judicas.
867 872 976 901 Scimus
990 881 1040 901 au-

247 915 301 938 tem
315 911 379 946 quia
395 911 529 947 judicium
548 914 593 942 Dei
617 920 662 943 est
680 917 835 944 secundum
853 918 995 948 veritatem
1010 919 1038 947 in

245 963 294 984 eos
310 957 356 991 qui
374 958 438 986 talia
453 963 548 994 agunt.
575 960 726 989 Existimas
740 963 814 990 enim
833 963 895 996 hoc,
911 971 928 991 o
943 964 1037 998 homo,

245 1002 291 1036 qui
306 1001 416 1037 judicas
435 1011 482 1032 eos
504 1005 552 1040 qui
581 1006 646 1033 talia
669 1011 767 1042 agunt,
784 1011 810 1035 ct
827 1007 895 1036 facis
910 1016 953 1042 ea,
972 1010 1037 1045 quia

245 1047 358 1083 eﬂ‘ugies
372 1048 505 1084 judicium
523 1050 582 1079 Dei.
602 1061 611 1078 I

280 1093 308 1122 S.
324 1094 412 1123 Basil‘.
431 1097 459 1124 in
469 1098 556 1132 princ.
573 1098 652 1126 Prov.
670 1115 705 1120 —-
723 1099 776 1134 Qui
791 1109 883 1129 veram
900 1102 1036 1137 justitiam

244 1139 271 1166 ln
286 1140 378 1167 animo
393 1149 447 1169 suo
465 1147 528 1170 ante
553 1143 716 1172 insidentem
733 1153 788 1173 non
808 1146 904 1179 habet.
924 1148 972 1175 scd
989 1151 1036 1175 aut

243 1186 370 1219 pecuniis
387 1192 537 1223 corruptus
562 1193 616 1222 est,
643 1195 691 1218 aut
708 1192 839 1220 amicitia;
865 1192 971 1225 tribuit,
988 1198 1036 1221 aut

243 1231 387 1260 inimicent
404 1233 557 1268 ulciscitur,
581 1241 627 1263 aut
656 1237 806 1272 potentiam
831 1242 983 1272 reveretur.
1012 1239 1035 1267 is

243 1283 348 1305 rectum
359 1278 494 1312 judicium
510 1280 582 1308 terre
591 1289 646 1308 non
658 1286 756 1316 potest.
765 1282 805 1310 Ad
816 1290 897 1318 quent
910 1282 1035 1312 Psalmus

242 1323 282 1350 ait
298 1333 305 1350 :
326 1323 356 1351 Si
372 1332 429 1352 vere
442 1327 532 1361 utique
542 1326 679 1360 justitiam
695 1327 845 1362 loquimini,
867 1334 939 1356 recta
957 1328 1035 1363 judi-

243 1373 310 1401 τοτε,
326 1369 378 1404 filii
389 1371 524 1398 hominum
541 1372 629 1407 (Paul.
642 1380 707 1405 Lvtt,
724 1373 763 1409 2).

278 1414 307 1442 S.
326 1414 404 1451 Greg.
420 1415 493 1444 Naz.
512 1433 547 1438 —
568 1417 626 1446 Hoc
649 1419 791 1455 plerisque
816 1419 957 1454 iudicibus
982 1420 1034 1450 hac

243 1465 407 1496 tempestate
427 1462 554 1492 videmus
580 1464 718 1498 accidere,
736 1469 767 1493 ut
790 1465 951 1494 sublimibus
966 1466 1033 1494 viris

243 1513 341 1541 magna
359 1507 460 1543 ﬂugltia
474 1511 628 1545 promptius
641 1511 810 1545 condonent,
822 1519 903 1548 quam
921 1513 1033 1540 humili-

243 1555 295 1580 bus
304 1558 329 1580 el
338 1553 452 1589 abjectis
464 1556 587 1583 minima.
599 1556 734 1586 Extremze
740 1559 841 1593 quippe
849 1558 968 1587 miseriae
976 1564 1029 1593 est,

243 1605 297 1625 non
316 1606 367 1627 suo
380 1601 485 1634 robori,
501 1602 547 1630 sed
561 1603 676 1631 aliorum
690 1604 1030 1634 imbecillitaticontidere.

277 1643 381 1671 Juslim'
398 1646 475 1680 Apol.
495 1647 532 1673 ad
549 1648 614 1676 Ant.
632 1649 696 1684 imp.
708 1664 744 1670 -—
759 1649 940 1678 Tantumdem
956 1651 1030 1685 prin-

243 1688 318 1723 cipes
334 1695 464 1724 possunt,
480 1693 527 1727 qui
543 1693 652 1721 veritati
669 1695 827 1730 opinionem
846 1699 1030 1732 anteponunt,

244 1738 377 1771 quantum
398 1736 540 1770 praedones
555 1737 582 1765 in
599 1739 717 1768 desertis
733 1740 811 1768 locis.

280 1778 311 1807 S‘.
327 1779 435 1815 Cyr-illi.
455 1798 488 1803 —
512 1782 667 1819 Voluptatis
694 1786 785 1821 potius
813 1794 895 1822 quant
918 1787 1029 1816 virtutis

243 1828 380 1854 amatores
391 1828 567 1860 exstiterunt.
577 1830 748 1865 segnitieque
764 1835 791 1858 et
806 1831 905 1858 inertia
917 1836 1030 1866 torpue-

243 1873 319 1903 runt,
336 1878 386 1899 nec
404 1872 513 1907 imperii
531 1873 614 1903 decus
641 1882 656 1901 a
682 1876 895 1910 reprehensione
913 1875 1028 1904 liberum

241 1920 396 1944 servarunt.

277 1960 308 1988 S.
324 1961 392 1989 Nili.
408 1978 443 1983 ——
460 1963 594 1993 Forensia
614 1966 707 1994 studia
726 1966 809 1994 variis
826 1967 947 2002 peccatis
963 1967 1030 1995 sub-

241 2006 401 2035 ministrant
418 2018 425 2036 :
441 2010 544 2045 quippe
558 2019 620 2046 qua:
632 2012 777 2040 innumera
794 2010 1031 2047 patrociniacom-

241 2051 428 2080 miniscuntur
441 2054 475 2082 iis
487 2055 535 2090 qui
552 2056 681 2091 injuriam
700 2057 763 2086 aliis
784 2057 914 2085 inferunt.

275 2097 358 2134 M7
374 2099 403 2127 S.
421 2100 558 2136 Cltrysost.
571 2118 605 2124 —
619 2103 648 2130 ln
668 2102 805 2138 principes
827 2108 854 2132 et
877 2105 905 2132 in
923 2104 1031 2140 judices

240 2144 418 2173 severissime
437 2145 866 2185 inquiretur,cognosccturque
893 2156 957 2176 num
984 2148 1031 2183 jus

241 2189 435 2224 corruperint;
452 2199 517 2218 num
542 2193 631 2231 gratia
648 2193 742 2225 illecti,
760 2193 801 2221 vel
814 2194 878 2222 odio
889 2194 1030 2228 commoti,

241 2233 417 2268 litigantibus
433 2237 597 2264 sententiam
613 2237 750 2271 dixerint;
767 2246 802 2266 an
824 2239 1030 2268 adulationibus

241 2278 360 2312 seducti,
381 2280 557 2310 remissiores
587 2291 670 2317 quam
701 2291 751 2318 par
765 2288 840 2311 esset
855 2283 976 2318 fuerint;
995 2292 1030 2312 an

241 2324 376 2352 malevolo
400 2326 494 2354 animo
507 2331 591 2362 atque
605 2329 720 2357 ultionis
735 2330 848 2365 cupido,
871 2330 905 2358 iis
921 2331 970 2365 qui
989 2331 1030 2358 ni-

241 2369 278 2399 hil
295 2371 409 2400 sceleris
427 2371 611 2406 admiserunt,
627 2374 780 2402 calumnias
803 2376 967 2404 struxerint.

277 2413 397 2451 Evagrii.
413 2431 449 2437 —-
464 2416 673 2454 lniquusjudex
689 2421 876 2451 contaminata
885 2421 1029 2451 conscien-

241 2461 280 2490 tia
296 2466 347 2491 est.

409 2510 476 2538 τιτ.
498 2510 555 2538 XX.
572 2526 606 2531 —-
621 2512 659 2539 De
670 2516 758 2546 probis
775 2513 866 2541 servis.

277 2554 356 2582 Prov.
388 2564 455 2589 xm,
485 2557 562 2584 2.-
591 2567 600 2583 ι
619 2557 721 2586 Servus
755 2560 878 2594 prudens
911 2559 1030 2589 dominis

241 2601 333 2629 stultis
349 2601 506 2637 imperabit.
525 2612 535 2628 ι

277 2646 360 2675 Prov.
390 2656 445 2681 xiv,
476 2649 521 2676 l5.
539 2665 574 2670 ——
592 2659 601 2676 ι
619 2649 696 2678 Servi
726 2650 861 2685 sapientis
890 2657 1030 2687 prospera:

239 2697 322 2718 erunt
332 2693 467 2727 actiones.
484 2699 512 2722 et
527 2695 684 2731 dirigentur
711 2696 762 2723 viae
787 2696 865 2732 ejus.
884 2696 1030 2732 Sapientes

241 2735 313 2761 servi
322 2735 442 2765 dominis
451 2738 510 2766 suis
531 2738 631 2767 fmnori
647 2739 762 2767 dabunt.
782 2750 790 2765 ι

281 2776 367 2805 Eccle.
384 2788 409 2811 v,
427 2782 469 2808 tt.
482 2798 515 2803 —
535 2793 544 2810 ι
565 2783 658 2812 Dulcis
675 2789 718 2812 est
732 2792 847 2814 sunmus
863 2793 951 2821 servo,
971 2785 1028 2815 sive

243 2820 394 2858 paululum,
414 2828 470 2855 sive
484 2828 544 2862 plus
559 2829 717 2860 comederit.
733 2839 743 2858 ι

1095 234 1280 268 διεσκέδαζον,
1291 235 1338 262 καὶ
1353 235 1490 271 άναμέσον
1505 237 1664 273 ἀκαθάρτου
1679 238 1727 266 καὶ
1739 239 1786 266 τοῦ
1801 241 1887 268 καθα-

1097 279 1143 314 ροῦ
1155 279 1186 307 οὑ
1201 280 1364 307 διέστελλον.
1383 290 1393 306 ι

1133 337 1143 353 ι
1157 327 1190 354 Δί
1204 327 1290 363 ψυχαὶ
1301 327 1503 364 διεστράφησαν
1514 328 1562 356 τοῦ
1575 329 1641 357 λαοῦ
1658 338 1721 365 μου,
1738 331 1786 358 καὶ
1794 331 1886 366 ψυχὰς

1096 371 1314 408 περιεποιοῦντο,
1329 372 1375 399 καὶ
1393 371 1541 407 ὲϐεὸήλουν
1556 381 1590 408 με
1611 373 1679 408 πρὸς
1692 373 1739 400 τὸν
1751 373 1815 400 λαόν
1832 382 1884 409 μου

1094 418 1188 445 ἕνεκεν
1201 417 1305 454 δρακὸς
1319 417 1433 453 κριθῶν,
1449 418 1496 445 καὶ
1506 418 1599 445 ἕνεκεν
1611 419 1777 453 κλασμάτων
1789 419 1884 455 ἄρτου,

1092 465 1255 492 ἀποκτεῖναι
1279 464 1380 500 ψυχὰς,
1402 463 1438 496 ἃς
1464 464 1515 491 οὑκ
1527 464 1579 491 ἔδει
1599 464 1756 498 ἀποθανεῖν,
1771 465 1818 492 καὶ
1834 464 1884 493 τοῦ

1092 510 1297 546 περιποιεῖσθαι
1310 509 1413 545 ψυχὰς,
1426 509 1460 542 ἃς
1475 510 1526 537 οὐκ
1538 509 1591 537 ἔδει
1606 510 1698 545 ζῆσαι.
1719 520 1729 537 ι

1132 609 1142 626 ι
1160 600 1259 636 Κρίσις
1278 599 1417 634 ἀπότομος
1442 599 1471 625 ὲν
1485 600 1540 631 τοῖς
1561 599 1724 634 ὑπερέχουσι
1752 598 1876 631 ’γίνεταυ

1090 648 1147 677 τοῖς
1160 647 1304 681 κραταιοῑς
1321 645 1421 681 ισχυρὰ
1435 645 1579 680 ἐφίσταται
1593 645 1700 680 ἔρευνα.
1723 654 1731 670 ι

1128 702 1136 717 ι
1153 692 1234 718 Ξένια
1247 692 1295 718 καὶ
1307 691 1382 726 δῶρα
1396 690 1548 726 ἀποτυφλοῖ
1561 690 1716 725 ὀφθαλμοὺς
1732 690 1832 725 σοφῶν.
1851 700 1862 717 ι

1129 791 1137 808 ι
1163 781 1383 816 ’Λναπολόγητος
1409 777 1455 813 εἴ,
1471 779 1607 816 ἄνθρωπε.
1627 780 1642 806 ὁ
1655 773 1833 814 κρίνων.”Ἐν
1856 774 1881 811 ᾧ

1089 828 1143 863 γὰρ
1158 828 1261 863 κρινεῖς
1275 827 1321 854 τὸν
1335 827 1441 862 ἕτερον,
1453 826 1567 853 σεαυτὸν
1576 825 1761 860 κατακρίνεις.
1774 824 1814 851 Τὰ
1825 824 1879 859 γὰρ

1056 865 1076 892 Β
1090 873 1161 901 αὐτὰ
1176 873 1309 908 πράσσεις
1336 872 1351 898 ό
1368 871 1479 908 κρίνων.
1512 871 1631 906 Οἴδαμεν
1644 870 1673 897 δὲ
1689 870 1730 896 ’ὁτι
1746 870 1777 896 τὸ
1793 871 1879 905 κρῖμα

1089 919 1136 948 τοῦ
1152 918 1221 946 Θεοῦ
1249 919 1308 945 ἐστι
1324 917 1395 945 κατὰ
1411 917 1540 952 ἀλήθειαν
1567 916 1614 943 ἐπὶ
1628 916 1692 948 τοὺς
1714 916 1749 942 τὰ
1766 915 1880 942 τοιαῦτα

1090 966 1275 1001 πράσσοντας.
1289 964 1394 1001 Λογίζῃ
1407 964 1437 990 δὲ
1451 963 1540 996 τοῦτο,
1553 959 1576 990 ὣ
1589 962 1716 997 ἄνθρωπε
1727 982 1734 994 ,
1752 962 1766 988 ό
1777 962 1881 997 κριιων

1088 1012 1152 1044 τοὺς
1166 1011 1201 1038 τὰ
1212 1010 1324 1038 τοιαῦτα
1337 1010 1519 1046 πράσσοντας,
1533 1009 1581 1036 καὶ
1598 1007 1684 1035 ποιῶν
1695 1007 1774 1041 αὐτὰ,
1789 1008 1830 1035 ὅτι
1844 1007 1878 1035 σὺ

1088 1057 1207 1093 ἐκφεύξῃ
1226 1057 1257 1084 τὸ
1271 1057 1359 1092 κρῖμα
1369 1055 1416 1082 τοῦ
1426 1055 1506 1082 Θεοῦ.
1522 1065 1531 1080 ι

1129 1103 1158 1130 ’0
1173 1103 1222 1139 τὴν
1247 1102 1422 1136 δικαιοσύνην
1449 1101 1488 1136 μὴ
1506 1100 1575 1136 ἔχων
1603 1099 1879 1136 προεναποκειμένην

1087 1149 1169 1177 αὑτοῦ
1185 1150 1218 1184 τῇ
1229 1149 1314 1184 ψυχῇ,
1331 1147 1389 1175 ἀλλ’
1404 1147 1422 1183 ἢ
1434 1147 1557 1182 χρήμασι
1572 1145 1778 1182 διεφθαρμένος,
1798 1145 1814 1180 ἦ
1829 1153 1877 1179 φι-

1086 1196 1132 1231 λίᾳ
1145 1195 1338 1231 χαριζόμενος,
1351 1193 1368 1227 ἢ
1382 1192 1479 1229 ἐχθρὸν
1489 1192 1676 1228 ἀμυνόμενος,
1687 1191 1705 1227 ἦ
1715 1190 1878 1218 δυναστείαν

1086 1241 1304 1276 δυσωπούμενος,
1330 1239 1361 1266 τὸ
1384 1240 1471 1275 κρῖμα
1496 1238 1673 1266 κατευθύνειν
1700 1237 1731 1264 οὺ
1750 1236 1874 1263 δύναται.

1087 1288 1159 1324 Πρὸς
1177 1288 1207 1315 ὃν
1218 1288 1276 1323 ἐρεῖ
1290 1289 1304 1315 ὸ
1319 1286 1441 1322 ψαλμός·
1456 1286 1492 1313 Ei.
1507 1284 1626 1319 ἀληθῶς
1647 1283 1706 1317 ἄρα
1722 1282 1877 1309 δικαιοσύ-

1085 1342 1143 1368 νην
1150 1333 1279 1367 λαλεῖτε,
1287 1332 1405 1365 εὐθείας
1417 1331 1547 1366 κρίνατε,
1559 1330 1617 1358 υἱοὶ
1632 1328 1692 1356 τῶν
1700 1327 1875 1362 ἀνθρώπων,

1120 1422 1207 1449 Τοῦτο
1219 1422 1334 1454 πολλοὺς
1344 1420 1453 1457 ὁρῶμεν
1464 1419 1519 1447 τῶν
1532 1418 1580 1446 νῦν
1592 1417 1694 1454 κριτῶν
1709 1417 1876 1451 πάσχοντας,

1083 1469 1109 1495 οἳ
1126 1468 1192 1504 ῥᾷον
1206 1468 1264 1500 τοῖς
1287 1466 1400 1502 ὑψηλοῖς
1425 1466 1460 1493 τὰ
1485 1465 1592 1502 μεγάλα
1616 1463 1834 1499 συγχωρήσειαν,
1856 1462 1876 1496 ἤ

1084 1515 1141 1545 τοῖς
1159 1513 1299 1544 ταπεινοῖς
1318 1511 1353 1538 τὰ
1363 1511 1504 1546 ἐλάχιστα.
1524 1511 1602 1537 Ἐστι
1615 1508 1669 1544 γὰρ
1690 1508 1777 1542 ἄκρας
1791 1514 1876 1532 κακο-

1083 1559 1246 1595 δαιμονίας,
1270 1558 1307 1594 μὴ
1330 1558 1360 1585 ὲν
1383 1558 1442 1589 τοῖς
1469 1556 1544 1588 ἰδίοις
1561 1555 1683 1592 ἰσχυροῖς
1701 1553 1732 1580 τὸ
1752 1551 1875 1587 ἀσφαλὲς

1082 1607 1166 1641 ἔχειν,
1183 1605 1241 1633 ἀλλ’
1259 1605 1289 1632 ὲν
1301 1605 1357 1636 τοῖς
1371 1604 1472 1641 ἑτέρων
1490 1603 1610 1636 σαθροῖς.

1116 1653 1249 1681 Τοσοῦτον
1277 1651 1405 1680 δύνανται
1430 1651 1562 1687 ἄρχοντες
1587 1649 1641 1684 πρὸ
1665 1647 1715 1683 τῆς
1742 1644 1875 1690 άληθείας

1080 1699 1160 1733 δόξαν
1176 1698 1320 1734 τιμῶντες,
1340 1697 1403 1724 ὅσον
1420 1697 1467 1724 καὶ
1481 1695 1580 1732 λῃσταὶ
1591 1695 1620 1721 ὲν
1632 1692 1747 1728 ἐρημίᾳ.

1116 1792 1246 1827 Γεγόνασι
1261 1792 1398 1827 φιλήδονοι
1413 1789 1541 1827 μᾶλλονῆ
1560 1789 1713 1824 φιλάρετοι,
1726 1785 1824 1820 νωθροὶ
1841 1793 1873 1810 τε

1081 1827 1129 1867 καῖ
1142 1838 1374 1874 κατημελημὲνοι,
1396 1837 1445 1864 καὶ
1461 1837 1490 1864 οὐ
1507 1836 1693 1871 τετηρήκασιν
1710 1832 1873 1866 ἀδιάϐλητον

1081 1885 1111 1912 τδ
1125 1885 1176 1920 τῆς
1188 1885 1276 1920 ἀρχῆς
1290 1883 1408 1920 ἀξίωμα.

1117 1972 1150 1998 Αἱ
1167 1971 1231 2007 περὶ
1247 1970 1282 1997 τὰ
1299 1970 1463 2005 δικαστήρια
1479 1968 1595 1996 σπουδαὶ
1617 1968 1678 1999 ταῖς
1691 1965 1872 2001 πολυτρόποις

1083 2016 1233 2052 ἁμαρτίαις
1257 2014 1458 2050 ὑπηρετοῦσιν,
1483 2014 1584 2049 μυρίας
1610 2014 1667 2044 τοῖς
1683 2010 1807 2038 ἀδικοῦσι
1821 2009 1873 2041 τὰς

1082 2060 1248 2096 συνηγορίας
1265 2060 1455 2096 εὐρῑσκουσαι.

1125 2106 1379 2141 Ἐεετασθήσονται,
1388 2105 1436 2132 καὶ
1446 2105 1588 2141 ἄρχοντες,
1598 2104 1645 2131 καὶ
1661 2102 1788 2130 δικασταὶ
1800 2101 1872 2136 μετὰ

1086 2152 1188 2188 πολλῆς
1203 2152 1252 2188 τῆς
1273 2151 1429 2187 άκριὸεεας,
1456 2151 1504 2178 καὶ
1531 2149 1748 2186 γνωσθήσονται,
1781 2149 1806 2174 εἰ
1831 2147 1871 2182 μὴ

1048 2210 1070 2238 D
1082 2198 1240 2234 διέφθειραν
1253 2197 1283 2224 τὸ
1298 2197 1417 2224 δίκαιοψ
1434 2197 1459 2223 εἰ
1473 2197 1510 2232 μὴ
1529 2196 1597 2231 πρὸς
1612 2196 1702 2231 χάριν,
1719 2194 1786 2231 μηδὲ
1801 2194 1873 2229 προς

1082 2244 1236 2280 ἀπέχθειαν
1262 2244 1434 2279 ἐψηφίσαντο
1460 2243 1517 2274 τοῖς
1535 2242 1742 2276 δικαζομένοις·
1772 2241 1797 2267 ει
1832 2240 1873 2275 μὴ

1085 2291 1298 2322 κολακευϐέντες
1318 2289 1453 2317 ἐνέδωκαν
1476 2289 1545 2324 πρὸς
1559 2288 1589 2314 τδ
1606 2288 1683 2314 δέον·
1699 2287 1724 2313 εἰ
1741 2286 1778 2322 μὴ
1801 2294 1871 2321 μνη-

1085 2334 1264 2367 σικακοῦντες
1274 2334 1434 2370 ὲπηρέασαν
1449 2334 1506 2365 τοῖς
1523 2332 1600 2360 οὐδὲν
1614 2331 1786 2367 ἠδικηκόσιν.

1119 2423 1228 2455 ’Δδικος
1242 2422 1381 2458 δικαστὴς,
1397 2421 1592 2458 μεμολυσμένη
1612 2421 1777 2457 συνείδησις.

1185 2514 1275 2542 ΤΙΤΔ.
1292 2514 1335 2543 κ’.
1351 2530 1384 2535 -
1396 2515 1465 2550 Περὶ
1478 2515 1596 2542 δούλων
1611 2513 1761 2549 χρηστῶν.

1117 2570 1126 2587 ‹
1146 2561 1264 2597 οἰκέτης
1278 2562 1388 2598 νοήμων
1400 2563 1533 2598 κρατήσει
1549 2561 1689 2588 δεσποτῶν
1704 2560 1842 2596 ἀφρόνων.
1859 2570 1868 2586 ι

1118 2661 1127 2677 ι
1149 2652 1262 2679 Οξκὲτου
1280 2652 1364 2687 σοφοῦ
1391 2652 1477 2680 εὖοδοι
1511 2653 1619 2680 ἔσονται
1654 2652 1786 2688 πράξεις,
1823 2652 1872 2678 καὶ

1081 2697 1347 2733 κατευθυνθήσονται
1371 2699 1401 2725 αἰ
1424 2699 1480 2726 ὁδοὶ
1520 2699 1615 2726 αὑτοῦ.
1653 2698 1765 2727 Οἰκέται
1789 2699 1870 2733 σοφοὶ

1082 2743 1157 2775 ἰδίοις
1171 2744 1315 2776 δεσπόταις
1328 2744 1508 2772 δανείσουσιν.
1529 2755 1538 2772 ι

1120 2799 1129 2815 ι
1150 2790 1253 2822 Γλυκὺς
1279 2791 1293 2816 ὁ
1321 2790 1404 2824 ὕπνος
1431 2792 1477 2820 τοῦ
1491 2792 1596 2826 δούλου,
1614 2793 1637 2819 εἱ
1662 2791 1762 2826 ὀλίγον,
1781 2789 1828 2818 καὶ
1845 2791 1872 2818 ei.

1082 2834 1147 2862 πολὺ
1164 2836 1289 2865 φάγεται.
1308 2847 1318 2863 ›
