  <div class='ocr_page' id='page_1' title='image "/cluster/home/n/w/nwhite01/storage/ocr_20150623/95/njp.32101077772844/710.png"; bbox 0 0 2056 3113; ppageno 0'>
   <div class='ocr_carea' id='block_1_1' title="bbox 204 123 1828 163">
    <p class='ocr_par' dir='ltr' id='par_1_1' title="bbox 204 123 1828 163">
     <span class='ocr_line' id='line_1_1' title="bbox 204 123 1828 163; baseline -0.001 -7"><span class='ocrx_word' id='word_1_1' title='bbox 204 123 269 156; x_wconf 70' lang='grc' dir='ltr'><strong>μοι</strong></span> <span class='ocrx_word' id='word_1_2' title='bbox 832 125 951 156; x_wconf 80' lang='lat' dir='ltr'><strong>SACRA</strong></span> <span class='ocrx_word' id='word_1_3' title='bbox 972 124 1202 156; x_wconf 76' lang='lat' dir='ltr'><strong>PARALLELA.</strong></span> <span class='ocrx_word' id='word_1_4' title='bbox 1759 129 1828 163; x_wconf 67' lang='lat' dir='ltr'><strong>mg</strong></span> 
     </span>
    </p>
   </div>
   <div class='ocr_carea' id='block_1_2' title="bbox 240 172 1052 221">
    <p class='ocr_par' dir='ltr' id='par_1_2' title="bbox 240 172 1026 219">
     <span class='ocr_line' id='line_1_2' title="bbox 240 172 1026 219; baseline 0.001 -11"><span class='ocrx_word' id='word_1_5' title='bbox 240 192 250 208; x_wconf 77' lang='grc' dir='ltr'><strong>ι</strong></span> <span class='ocrx_word' id='word_1_6' title='bbox 267 181 313 217; x_wconf 77' lang='grc' dir='ltr'><strong>Μή</strong></span> <span class='ocrx_word' id='word_1_7' title='bbox 327 179 456 218; x_wconf 72' lang='grc' dir='ltr'><strong>κακώπῃς</strong></span> <span class='ocrx_word' id='word_1_8' title='bbox 475 182 585 218; x_wconf 83' lang='grc' dir='ltr'><strong>οίκέτην</strong></span> <span class='ocrx_word' id='word_1_9' title='bbox 609 172 796 218; x_wconf 68' lang='grc' dir='ltr'><strong>ἐργαζόμενον</strong></span> <span class='ocrx_word' id='word_1_10' title='bbox 819 183 847 209; x_wconf 77' lang='grc' dir='ltr'><strong>ἐν</strong></span> <span class='ocrx_word' id='word_1_11' title='bbox 862 183 987 219; x_wconf 77' lang='grc' dir='ltr'><strong>ἀληθείᾳ.</strong></span> <span class='ocrx_word' id='word_1_12' title='bbox 1003 189 1026 217; x_wconf 72' lang='grc' dir='ltr'><strong>Α</strong></span> 
     </span>
    </p>
   </div>
   <div class='ocr_carea' id='block_1_3' title="bbox 1012 172 1824 221">
    <p class='ocr_par' dir='ltr' id='par_1_3' title="bbox 1012 181 1824 221">
     <span class='ocr_line' id='line_1_3' title="bbox 1012 181 1824 221; baseline 0.009 -13"><span class='ocrx_word' id='word_1_13' title='bbox 1012 189 1026 217; x_wconf 63' lang='grc' dir='ltr'>ι</span> <span class='ocrx_word' id='word_1_14' title='bbox 1078 183 1160 209; x_wconf 70' lang='lat' dir='ltr'><strong>me.</strong></span> <span class='ocrx_word' id='word_1_15' title='bbox 1182 189 1228 215; x_wconf 86' lang='lat' dir='ltr'><strong>vu,</strong></span> <span class='ocrx_word' id='word_1_16' title='bbox 1246 181 1292 209; x_wconf 71' lang='lat'><strong>22.</strong></span> <span class='ocrx_word' id='word_1_17' title='bbox 1305 197 1340 201; x_wconf 98' lang='lat'>—</span> <span class='ocrx_word' id='word_1_18' title='bbox 1355 191 1365 208; x_wconf 86' lang='grc' dir='ltr'><strong>ι</strong></span> <span class='ocrx_word' id='word_1_19' title='bbox 1384 181 1422 210; x_wconf 89' lang='lat' dir='ltr'><strong>Ne</strong></span> <span class='ocrx_word' id='word_1_20' title='bbox 1438 183 1526 212; x_wconf 61' lang='lat' dir='ltr'><strong>caedas</strong></span> <span class='ocrx_word' id='word_1_21' title='bbox 1540 191 1650 213; x_wconf 85' lang='lat' dir='ltr'><strong>servum</strong></span> <span class='ocrx_word' id='word_1_22' title='bbox 1667 192 1824 221; x_wconf 84' lang='lat' dir='ltr'><strong>operantem</strong></span> 
     </span>
    </p>
   </div>
   <div class='ocr_carea' id='block_1_4' title="bbox 200 227 1012 266">
    <p class='ocr_par' dir='ltr' id='par_1_4' title="bbox 200 228 990 264">
     <span class='ocr_line' id='line_1_4' title="bbox 200 228 990 264; baseline 0.004 -11"><span class='ocrx_word' id='word_1_23' title='bbox 200 228 319 262; x_wconf 80' lang='grc' dir='ltr'><strong>Οἰκέτην</strong></span> <span class='ocrx_word' id='word_1_24' title='bbox 340 228 450 254; x_wconf 80' lang='grc' dir='ltr'><strong>συνετὸν</strong></span> <span class='ocrx_word' id='word_1_25' title='bbox 465 228 601 262; x_wconf 82' lang='grc' dir='ltr'><strong>ἀγαπάτω</strong></span> <span class='ocrx_word' id='word_1_26' title='bbox 615 237 663 255; x_wconf 89' lang='grc' dir='ltr'><strong>σου</strong></span> <span class='ocrx_word' id='word_1_27' title='bbox 680 229 697 264; x_wconf 80' lang='grc' dir='ltr'>ἡ</span> <span class='ocrx_word' id='word_1_28' title='bbox 707 228 792 264; x_wconf 78' lang='grc' dir='ltr'><strong>ψυχὴ,</strong></span> <span class='ocrx_word' id='word_1_29' title='bbox 808 228 855 256; x_wconf 77' lang='grc' dir='ltr'><strong>καὶ</strong></span> <span class='ocrx_word' id='word_1_30' title='bbox 877 229 915 264; x_wconf 84' lang='grc' dir='ltr'><strong>μὴ</strong></span> <span class='ocrx_word' id='word_1_31' title='bbox 930 237 990 256; x_wconf 84' lang='grc' dir='ltr'><strong>στε-</strong></span> 
     </span>
    </p>
   </div>
   <div class='ocr_carea' id='block_1_5' title="bbox 1009 227 1821 266">
    <p class='ocr_par' dir='ltr' id='par_1_5' title="bbox 1042 227 1821 266">
     <span class='ocr_line' id='line_1_5' title="bbox 1042 227 1821 266; baseline 0.004 -10"><span class='ocrx_word' id='word_1_32' title='bbox 1042 228 1070 256; x_wconf 88' lang='lat' dir='ltr'><strong>in</strong></span> <span class='ocrx_word' id='word_1_33' title='bbox 1086 229 1212 256; x_wconf 87' lang='lat' dir='ltr'><strong>veritate.</strong></span> <span class='ocrx_word' id='word_1_34' title='bbox 1234 227 1350 255; x_wconf 87' lang='lat' dir='ltr'><strong>Servum</strong></span> <span class='ocrx_word' id='word_1_35' title='bbox 1370 233 1512 256; x_wconf 76' lang='lat' dir='ltr'><strong>sensatum</strong></span> <span class='ocrx_word' id='word_1_36' title='bbox 1543 229 1639 266; x_wconf 73' lang='lat' dir='ltr'><strong>diligat</strong></span> <span class='ocrx_word' id='word_1_37' title='bbox 1658 231 1750 258; x_wconf 90' lang='lat' dir='ltr'><strong>anima</strong></span> <span class='ocrx_word' id='word_1_38' title='bbox 1764 237 1821 260; x_wconf 88' lang='lat' dir='ltr'><strong>tua.</strong></span> 
     </span>
    </p>
   </div>
   <div class='ocr_carea' id='block_1_6' title="bbox 203 272 1015 310">
    <p class='ocr_par' dir='ltr' id='par_1_6' title="bbox 203 272 585 310">
     <span class='ocr_line' id='line_1_6' title="bbox 203 272 585 310; baseline 0.003 -12"><span class='ocrx_word' id='word_1_39' title='bbox 203 273 289 310; x_wconf 85' lang='grc' dir='ltr'><strong>ρήσῃς</strong></span> <span class='ocrx_word' id='word_1_40' title='bbox 300 272 381 299; x_wconf 76' lang='grc' dir='ltr'><strong>αὐτὸν</strong></span> <span class='ocrx_word' id='word_1_41' title='bbox 393 272 561 308; x_wconf 74' lang='grc' dir='ltr'><strong>ἐλευθερίας.</strong></span> <span class='ocrx_word' id='word_1_42' title='bbox 575 282 585 299; x_wconf 75' lang='grc' dir='ltr'><strong>ι</strong></span> 
     </span>
    </p>
   </div>
   <div class='ocr_carea' id='block_1_7' title="bbox 708 272 1520 310">
    <p class='ocr_par' dir='ltr' id='par_1_7' title="bbox 1046 273 1520 302">
     <span class='ocr_line' id='line_1_7' title="bbox 1046 273 1520 302; baseline -0.002 -1"><span class='ocrx_word' id='word_1_43' title='bbox 1046 273 1085 301; x_wconf 81' lang='lat' dir='ltr'><strong>Ne</strong></span> <span class='ocrx_word' id='word_1_44' title='bbox 1099 273 1245 302; x_wconf 78' lang='lat' dir='ltr'><strong>defraudes</strong></span> <span class='ocrx_word' id='word_1_45' title='bbox 1258 273 1334 301; x_wconf 89' lang='lat' dir='ltr'><strong>illum</strong></span> <span class='ocrx_word' id='word_1_46' title='bbox 1352 273 1490 302; x_wconf 79' lang='lat' dir='ltr'><strong>libertate.</strong></span> <span class='ocrx_word' id='word_1_47' title='bbox 1512 284 1520 300; x_wconf 84' lang='grc' dir='ltr'><strong>ι</strong></span> 
     </span>
    </p>
   </div>
   <div class='ocr_carea' id='block_1_8' title="bbox 240 317 1052 355">
    <p class='ocr_par' dir='ltr' id='par_1_8' title="bbox 240 317 899 355">
     <span class='ocr_line' id='line_1_8' title="bbox 240 317 899 355; baseline 0.005 -12"><span class='ocrx_word' id='word_1_48' title='bbox 240 328 250 343; x_wconf 75' lang='grc' dir='ltr'><strong>ι</strong></span> <span class='ocrx_word' id='word_1_49' title='bbox 270 317 371 352; x_wconf 72' lang='grc' dir='ltr'><strong>οἰκέτῃ</strong></span> <span class='ocrx_word' id='word_1_50' title='bbox 384 318 487 354; x_wconf 82' lang='grc' dir='ltr'><strong>συνετῷ</strong></span> <span class='ocrx_word' id='word_1_51' title='bbox 499 318 638 355; x_wconf 73' lang='grc' dir='ltr'><strong>ἐλεύθεροι</strong></span> <span class='ocrx_word' id='word_1_52' title='bbox 650 319 864 355; x_wconf 79' lang='grc' dir='ltr'><strong>ὕπουργήσουσι.</strong></span> <span class='ocrx_word' id='word_1_53' title='bbox 889 329 899 346; x_wconf 70' lang='grc' dir='ltr'><strong>ι</strong></span> 
     </span>
    </p>
   </div>
   <div class='ocr_carea' id='block_1_9' title="bbox 1014 317 1826 355">
    <p class='ocr_par' dir='ltr' id='par_1_9' title="bbox 1076 318 1826 352">
     <span class='ocr_line' id='line_1_9' title="bbox 1076 318 1826 352; baseline 0.004 -6"><span class='ocrx_word' id='word_1_54' title='bbox 1076 318 1160 346; x_wconf 82' lang='lat' dir='ltr'><strong>Eccli.</strong></span> <span class='ocrx_word' id='word_1_55' title='bbox 1172 327 1200 352; x_wconf 71' lang='grc' dir='ltr'><strong>χ,</strong></span> <span class='ocrx_word' id='word_1_56' title='bbox 1216 318 1299 345; x_wconf 72' lang='lat'><strong>28.—</strong></span> <span class='ocrx_word' id='word_1_57' title='bbox 1314 327 1324 344; x_wconf 75' lang='grc' dir='ltr'><strong>ι</strong></span> <span class='ocrx_word' id='word_1_58' title='bbox 1335 318 1418 346; x_wconf 85' lang='lat' dir='ltr'><strong>Servo</strong></span> <span class='ocrx_word' id='word_1_59' title='bbox 1439 324 1549 348; x_wconf 84' lang='lat' dir='ltr'><strong>sensato</strong></span> <span class='ocrx_word' id='word_1_60' title='bbox 1566 320 1641 349; x_wconf 86' lang='lat' dir='ltr'><strong>Iioeri</strong></span> <span class='ocrx_word' id='word_1_61' title='bbox 1664 321 1800 349; x_wconf 36' lang='lat' dir='ltr'><strong>servient;</strong></span> <span class='ocrx_word' id='word_1_62' title='bbox 1814 332 1826 348; x_wconf 73' lang='grc' dir='ltr'><strong>ι</strong></span> 
     </span>
    </p>
   </div>
   <div class='ocr_carea' id='block_1_10' title="bbox 239 362 1051 400">
    <p class='ocr_par' dir='ltr' id='par_1_10' title="bbox 239 362 988 400">
     <span class='ocr_line' id='line_1_10' title="bbox 239 362 988 400; baseline 0.005 -12"><span class='ocrx_word' id='word_1_63' title='bbox 239 372 248 388; x_wconf 78' lang='grc' dir='ltr'><strong>ι</strong></span> <span class='ocrx_word' id='word_1_64' title='bbox 274 363 307 389; x_wconf 84' lang='lat' dir='ltr'><strong>Ol.</strong></span> <span class='ocrx_word' id='word_1_65' title='bbox 322 362 421 396; x_wconf 84' lang='grc' dir='ltr'><strong>δοῦλοι,</strong></span> <span class='ocrx_word' id='word_1_66' title='bbox 438 363 591 391; x_wconf 76' lang='grc' dir='ltr'><strong>ὑπακούετε</strong></span> <span class='ocrx_word' id='word_1_67' title='bbox 607 365 662 396; x_wconf 88' lang='grc' dir='ltr'><strong>τοῖς</strong></span> <span class='ocrx_word' id='word_1_68' title='bbox 682 365 754 391; x_wconf 83' lang='grc' dir='ltr'><strong>κατὰ</strong></span> <span class='ocrx_word' id='word_1_69' title='bbox 774 367 865 399; x_wconf 80' lang='grc' dir='ltr'><strong>σάρκα</strong></span> <span class='ocrx_word' id='word_1_70' title='bbox 883 365 988 400; x_wconf 77' lang='grc' dir='ltr'><strong>κυρίοις</strong></span> 
     </span>
    </p>
   </div>
   <div class='ocr_carea' id='block_1_11' title="bbox 1011 362 1823 400">
    <p class='ocr_par' dir='ltr' id='par_1_11' title="bbox 1075 364 1823 399">
     <span class='ocr_line' id='line_1_11' title="bbox 1075 364 1823 399; baseline 0.003 -7"><span class='ocrx_word' id='word_1_71' title='bbox 1075 364 1171 399; x_wconf 77' lang='lat' dir='ltr'><strong>Eplm.</strong></span> <span class='ocrx_word' id='word_1_72' title='bbox 1189 372 1227 396; x_wconf 78' lang='lat' dir='ltr'><strong>vr,</strong></span> <span class='ocrx_word' id='word_1_73' title='bbox 1251 364 1309 392; x_wconf 83' lang='lat'><strong>5-7.</strong></span> <span class='ocrx_word' id='word_1_74' title='bbox 1324 379 1360 384; x_wconf 97' lang='lat'><strong>—</strong></span> <span class='ocrx_word' id='word_1_75' title='bbox 1376 373 1386 390; x_wconf 87' lang='grc' dir='ltr'><strong>ι</strong></span> <span class='ocrx_word' id='word_1_76' title='bbox 1404 364 1493 398; x_wconf 84' lang='lat' dir='ltr'><strong>Servi,</strong></span> <span class='ocrx_word' id='word_1_77' title='bbox 1509 365 1618 393; x_wconf 82' lang='lat' dir='ltr'><strong>obedite</strong></span> <span class='ocrx_word' id='word_1_78' title='bbox 1635 366 1754 394; x_wconf 90' lang='lat' dir='ltr'><strong>dominis</strong></span> <span class='ocrx_word' id='word_1_79' title='bbox 1779 375 1823 395; x_wconf 82' lang='lat' dir='ltr'><strong>ve-</strong></span> 
     </span>
    </p>
   </div>
   <div class='ocr_carea' id='block_1_12' title="bbox 201 408 1013 446">
    <p class='ocr_par' dir='ltr' id='par_1_12' title="bbox 201 408 988 446">
     <span class='ocr_line' id='line_1_12' title="bbox 201 408 988 446; baseline 0.004 -12"><span class='ocrx_word' id='word_1_80' title='bbox 201 408 289 443; x_wconf 80' lang='grc' dir='ltr'><strong>ὐμῶν,</strong></span> <span class='ocrx_word' id='word_1_81' title='bbox 307 408 376 444; x_wconf 78' lang='grc' dir='ltr'><strong>μετὰ</strong></span> <span class='ocrx_word' id='word_1_82' title='bbox 388 409 472 444; x_wconf 83' lang='grc' dir='ltr'><strong>φόϐου</strong></span> <span class='ocrx_word' id='word_1_83' title='bbox 489 409 537 436; x_wconf 73' lang='grc' dir='ltr'><strong>καὶ</strong></span> <span class='ocrx_word' id='word_1_84' title='bbox 561 409 664 445; x_wconf 81' lang='grc' dir='ltr'><strong>τρόμου</strong></span> <span class='ocrx_word' id='word_1_85' title='bbox 685 411 714 437; x_wconf 83' lang='grc' dir='ltr'><strong>ὲν</strong></span> <span class='ocrx_word' id='word_1_86' title='bbox 727 410 861 445; x_wconf 79' lang='grc' dir='ltr'><strong>ἁπλότητι</strong></span> <span class='ocrx_word' id='word_1_87' title='bbox 876 411 988 446; x_wconf 76' lang='grc' dir='ltr'><strong>καρδίας</strong></span> 
     </span>
    </p>
   </div>
   <div class='ocr_carea' id='block_1_13' title="bbox 1012 408 1824 446">
    <p class='ocr_par' dir='ltr' id='par_1_13' title="bbox 1039 409 1824 443">
     <span class='ocr_line' id='line_1_13' title="bbox 1039 409 1824 443; baseline 0.003 -6"><span class='ocrx_word' id='word_1_88' title='bbox 1039 410 1107 438; x_wconf 82' lang='lat' dir='ltr'><strong>stris</strong></span> <span class='ocrx_word' id='word_1_89' title='bbox 1131 409 1300 443; x_wconf 81' lang='lat' dir='ltr'><strong>carnalibus,</strong></span> <span class='ocrx_word' id='word_1_90' title='bbox 1333 417 1396 438; x_wconf 90' lang='lat' dir='ltr'><strong>cum</strong></span> <span class='ocrx_word' id='word_1_91' title='bbox 1414 409 1513 437; x_wconf 88' lang='lat' dir='ltr'><strong>timore</strong></span> <span class='ocrx_word' id='word_1_92' title='bbox 1527 414 1553 438; x_wconf 91' lang='lat' dir='ltr'><strong>et</strong></span> <span class='ocrx_word' id='word_1_93' title='bbox 1568 414 1698 442; x_wconf 86' lang='lat' dir='ltr'><strong>tremore,</strong></span> <span class='ocrx_word' id='word_1_94' title='bbox 1715 412 1742 439; x_wconf 93' lang='lat' dir='ltr'><strong>in</strong></span> <span class='ocrx_word' id='word_1_95' title='bbox 1758 412 1824 439; x_wconf 89' lang='lat' dir='ltr'><strong>sim-</strong></span> 
     </span>
    </p>
   </div>
   <div class='ocr_carea' id='block_1_14' title="bbox 201 451 1013 492">
    <p class='ocr_par' dir='ltr' id='par_1_14' title="bbox 201 451 989 490">
     <span class='ocr_line' id='line_1_14' title="bbox 201 451 989 490; baseline 0.004 -10"><span class='ocrx_word' id='word_1_96' title='bbox 201 453 279 489; x_wconf 75' lang='grc' dir='ltr'><strong>ὑμῶν</strong></span> <span class='ocrx_word' id='word_1_97' title='bbox 300 453 339 486; x_wconf 87' lang='grc' dir='ltr'><strong>ὡς</strong></span> <span class='ocrx_word' id='word_1_98' title='bbox 361 453 484 489; x_wconf 85' lang='grc' dir='ltr'><strong>Χριστῷ,</strong></span> <span class='ocrx_word' id='word_1_99' title='bbox 514 451 552 490; x_wconf 52' lang='lat' dir='ltr'><strong>pii)</strong></span> <span class='ocrx_word' id='word_1_100' title='bbox 577 454 640 482; x_wconf 88' lang='grc' dir='ltr'><strong>κατ’</strong></span> <span class='ocrx_word' id='word_1_101' title='bbox 668 455 930 490; x_wconf 79' lang='grc' dir='ltr'><strong>όφθαλμοδουλείαν,</strong></span> <span class='ocrx_word' id='word_1_102' title='bbox 951 456 989 488; x_wconf 83' lang='grc' dir='ltr'><strong>ὡς</strong></span> 
     </span>
    </p>
   </div>
   <div class='ocr_carea' id='block_1_15' title="bbox 1012 451 1824 492">
    <p class='ocr_par' dir='ltr' id='par_1_15' title="bbox 1044 455 1824 492">
     <span class='ocr_line' id='line_1_15' title="bbox 1044 455 1824 492; baseline 0.003 -9"><span class='ocrx_word' id='word_1_103' title='bbox 1044 455 1168 492; x_wconf 84' lang='lat' dir='ltr'><strong>plicitate</strong></span> <span class='ocrx_word' id='word_1_104' title='bbox 1200 455 1294 483; x_wconf 85' lang='lat' dir='ltr'><strong>cordis</strong></span> <span class='ocrx_word' id='word_1_105' title='bbox 1322 455 1420 487; x_wconf 82' lang='lat' dir='ltr'><strong>vestri,</strong></span> <span class='ocrx_word' id='word_1_106' title='bbox 1453 455 1524 483; x_wconf 87' lang='lat' dir='ltr'><strong>sicut</strong></span> <span class='ocrx_word' id='word_1_107' title='bbox 1551 455 1663 483; x_wconf 87' lang='lat' dir='ltr'><strong>Christo</strong></span> <span class='ocrx_word' id='word_1_108' title='bbox 1681 477 1688 488; x_wconf 82' lang='lat'><strong>,</strong></span> <span class='ocrx_word' id='word_1_109' title='bbox 1708 465 1762 484; x_wconf 90' lang='lat' dir='ltr'><strong>non</strong></span> <span class='ocrx_word' id='word_1_110' title='bbox 1791 458 1824 485; x_wconf 90' lang='lat' dir='ltr'><strong>ad</strong></span> 
     </span>
    </p>
   </div>
   <div class='ocr_carea' id='block_1_16' title="bbox 201 500 1013 537">
    <p class='ocr_par' dir='ltr' id='par_1_16' title="bbox 201 500 988 537">
     <span class='ocr_line' id='line_1_16' title="bbox 201 500 988 537; baseline 0.001 -10"><span class='ocrx_word' id='word_1_111' title='bbox 201 500 444 536; x_wconf 82' lang='grc' dir='ltr'><strong>ἀνθρωπάρεσκοι,</strong></span> <span class='ocrx_word' id='word_1_112' title='bbox 458 500 517 527; x_wconf 83' lang='grc' dir='ltr'><strong>ἀλλ’</strong></span> <span class='ocrx_word' id='word_1_113' title='bbox 531 500 568 532; x_wconf 82' lang='grc' dir='ltr'><strong>ὡς</strong></span> <span class='ocrx_word' id='word_1_114' title='bbox 583 500 672 529; x_wconf 80' lang='grc' dir='ltr'><strong>δοῦλοι</strong></span> <span class='ocrx_word' id='word_1_115' title='bbox 691 501 813 537; x_wconf 76' lang='grc' dir='ltr'><strong>Χριστοῦ</strong></span> <span class='ocrx_word' id='word_1_116' title='bbox 823 510 829 516; x_wconf 93' lang='grc'><strong>·</strong></span> <span class='ocrx_word' id='word_1_117' title='bbox 847 503 988 534; x_wconf 75' lang='grc' dir='ltr'><strong>ποιοῦντες</strong></span> 
     </span>
    </p>
   </div>
   <div class='ocr_carea' id='block_1_17' title="bbox 1010 500 1822 537">
    <p class='ocr_par' dir='ltr' id='par_1_17' title="bbox 1039 500 1822 536">
     <span class='ocr_line' id='line_1_17' title="bbox 1039 500 1822 536; baseline 0.001 -8"><span class='ocrx_word' id='word_1_118' title='bbox 1039 501 1151 528; x_wconf 83' lang='lat' dir='ltr'><strong>oculum</strong></span> <span class='ocrx_word' id='word_1_119' title='bbox 1166 500 1330 533; x_wconf 81' lang='lat' dir='ltr'><strong>servientes,</strong></span> <span class='ocrx_word' id='word_1_120' title='bbox 1348 504 1479 534; x_wconf 76' lang='lat' dir='ltr'><strong>tanquam</strong></span> <span class='ocrx_word' id='word_1_121' title='bbox 1495 500 1656 528; x_wconf 87' lang='lat' dir='ltr'><strong>hominibus</strong></span> <span class='ocrx_word' id='word_1_122' title='bbox 1672 501 1822 536; x_wconf 80' lang='lat' dir='ltr'><strong>placentes,</strong></span> 
     </span>
    </p>
   </div>
   <div class='ocr_carea' id='block_1_18' title="bbox 200 545 1012 582">
    <p class='ocr_par' dir='ltr' id='par_1_18' title="bbox 200 545 988 582">
     <span class='ocr_line' id='line_1_18' title="bbox 200 545 988 582; baseline 0.001 -10"><span class='ocrx_word' id='word_1_123' title='bbox 200 545 231 572; x_wconf 84' lang='grc' dir='ltr'><strong>τὸ</strong></span> <span class='ocrx_word' id='word_1_124' title='bbox 245 545 351 581; x_wconf 76' lang='grc' dir='ltr'><strong>θέλημα</strong></span> <span class='ocrx_word' id='word_1_125' title='bbox 364 545 411 572; x_wconf 80' lang='grc' dir='ltr'><strong>τοῦ</strong></span> <span class='ocrx_word' id='word_1_126' title='bbox 424 546 492 573; x_wconf 84' lang='grc' dir='ltr'><strong>Θεοῦ</strong></span> <span class='ocrx_word' id='word_1_127' title='bbox 505 546 538 573; x_wconf 83' lang='grc' dir='ltr'><strong>ὲκ</strong></span> <span class='ocrx_word' id='word_1_128' title='bbox 551 546 651 582; x_wconf 80' lang='grc' dir='ltr'><strong>ψυχῆς,</strong></span> <span class='ocrx_word' id='word_1_129' title='bbox 665 547 724 582; x_wconf 85' lang='grc' dir='ltr'><strong>μετ’</strong></span> <span class='ocrx_word' id='word_1_130' title='bbox 734 547 841 579; x_wconf 79' lang='grc' dir='ltr'><strong>εὐνοίας</strong></span> <span class='ocrx_word' id='word_1_131' title='bbox 849 547 988 575; x_wconf 88' lang='grc' dir='ltr'><strong>δουλεύον-</strong></span> 
     </span>
    </p>
   </div>
   <div class='ocr_carea' id='block_1_19' title="bbox 1011 545 1823 582">
    <p class='ocr_par' dir='ltr' id='par_1_19' title="bbox 1038 545 1823 578">
     <span class='ocr_line' id='line_1_19' title="bbox 1038 545 1823 578; baseline -0.001 -3"><span class='ocrx_word' id='word_1_132' title='bbox 1038 546 1087 575; x_wconf 87' lang='lat' dir='ltr'><strong>sed</strong></span> <span class='ocrx_word' id='word_1_133' title='bbox 1114 550 1146 573; x_wconf 91' lang='lat' dir='ltr'><strong>ut</strong></span> <span class='ocrx_word' id='word_1_134' title='bbox 1164 546 1237 574; x_wconf 87' lang='lat' dir='ltr'><strong>servi</strong></span> <span class='ocrx_word' id='word_1_135' title='bbox 1252 545 1368 578; x_wconf 89' lang='lat' dir='ltr'><strong>Christi,</strong></span> <span class='ocrx_word' id='word_1_136' title='bbox 1394 545 1527 573; x_wconf 87' lang='lat' dir='ltr'><strong>facientes</strong></span> <span class='ocrx_word' id='word_1_137' title='bbox 1547 546 1716 574; x_wconf 82' lang='lat' dir='ltr'><strong>voluntatem</strong></span> <span class='ocrx_word' id='word_1_138' title='bbox 1730 546 1775 574; x_wconf 86' lang='lat' dir='ltr'><strong>Dei</strong></span> <span class='ocrx_word' id='word_1_139' title='bbox 1790 555 1823 574; x_wconf 82' lang='lat' dir='ltr'><strong>ex</strong></span> 
     </span>
    </p>
   </div>
   <div class='ocr_carea' id='block_1_20' title="bbox 200 591 1012 628">
    <p class='ocr_par' dir='ltr' id='par_1_20' title="bbox 200 591 987 628">
     <span class='ocr_line' id='line_1_20' title="bbox 200 591 987 628; baseline 0.004 -11"><span class='ocrx_word' id='word_1_140' title='bbox 200 599 246 622; x_wconf 83' lang='grc' dir='ltr'><strong>τες</strong></span> <span class='ocrx_word' id='word_1_141' title='bbox 273 591 312 623; x_wconf 86' lang='grc' dir='ltr'><strong>ὡς</strong></span> <span class='ocrx_word' id='word_1_142' title='bbox 335 591 374 627; x_wconf 85' lang='grc' dir='ltr'>τῷ</span> <span class='ocrx_word' id='word_1_143' title='bbox 391 591 497 627; x_wconf 80' lang='grc' dir='ltr'><strong>Κυρίῳ,</strong></span> <span class='ocrx_word' id='word_1_144' title='bbox 517 592 566 619; x_wconf 70' lang='grc' dir='ltr'><strong>καὶ</strong></span> <span class='ocrx_word' id='word_1_145' title='bbox 579 592 630 619; x_wconf 83' lang='grc' dir='ltr'><strong>οὐκ</strong></span> <span class='ocrx_word' id='word_1_146' title='bbox 649 592 804 628; x_wconf 82' lang='grc' dir='ltr'><strong>ἀνθρώπῳ·</strong></span> <span class='ocrx_word' id='word_1_147' title='bbox 821 593 922 625; x_wconf 82' lang='grc' dir='ltr'><strong>εἰδότες</strong></span> <span class='ocrx_word' id='word_1_148' title='bbox 946 593 987 620; x_wconf 80' lang='grc' dir='ltr'><strong>ὅτι</strong></span> 
     </span>
    </p>
   </div>
   <div class='ocr_carea' id='block_1_21' title="bbox 1011 591 1823 628">
    <p class='ocr_par' dir='ltr' id='par_1_21' title="bbox 1037 591 1823 625">
     <span class='ocr_line' id='line_1_21' title="bbox 1037 591 1823 625; baseline 0.001 -6"><span class='ocrx_word' id='word_1_149' title='bbox 1037 592 1142 625; x_wconf 84' lang='lat' dir='ltr'><strong>animo,</strong></span> <span class='ocrx_word' id='word_1_150' title='bbox 1167 599 1229 619; x_wconf 90' lang='lat' dir='ltr'><strong>cum</strong></span> <span class='ocrx_word' id='word_1_151' title='bbox 1248 591 1319 620; x_wconf 87' lang='lat' dir='ltr'><strong>bona</strong></span> <span class='ocrx_word' id='word_1_152' title='bbox 1340 591 1483 619; x_wconf 82' lang='lat' dir='ltr'><strong>voluntate</strong></span> <span class='ocrx_word' id='word_1_153' title='bbox 1499 592 1651 621; x_wconf 82' lang='lat' dir='ltr'><strong>servientes</strong></span> <span class='ocrx_word' id='word_1_154' title='bbox 1670 592 1742 620; x_wconf 89' lang='lat' dir='ltr'><strong>sicut</strong></span> <span class='ocrx_word' id='word_1_155' title='bbox 1771 592 1823 620; x_wconf 87' lang='lat' dir='ltr'><strong>Do-</strong></span> 
     </span>
    </p>
   </div>
   <div class='ocr_carea' id='block_1_22' title="bbox 201 636 1013 675">
    <p class='ocr_par' dir='ltr' id='par_1_22' title="bbox 201 636 988 675">
     <span class='ocr_line' id='line_1_22' title="bbox 201 636 988 675; baseline 0.004 -12"><span class='ocrx_word' id='word_1_156' title='bbox 201 636 316 669; x_wconf 73' lang='grc' dir='ltr'><strong>ἕκαστος</strong></span> <span class='ocrx_word' id='word_1_157' title='bbox 330 637 344 664; x_wconf 85' lang='grc' dir='ltr'><strong>δ</strong></span> <span class='ocrx_word' id='word_1_158' title='bbox 359 637 407 664; x_wconf 86' lang='grc' dir='ltr'><strong>ὲὰν</strong></span> <span class='ocrx_word' id='word_1_159' title='bbox 426 638 525 673; x_wconf 78' lang='grc' dir='ltr'><strong>ποιήσῃ</strong></span> <span class='ocrx_word' id='word_1_160' title='bbox 538 637 650 672; x_wconf 78' lang='grc' dir='ltr'><strong>ἀγαθὸν,</strong></span> <span class='ocrx_word' id='word_1_161' title='bbox 666 638 745 665; x_wconf 80' lang='grc' dir='ltr'><strong>τοῦτο</strong></span> <span class='ocrx_word' id='word_1_162' title='bbox 760 639 896 674; x_wconf 78' lang='grc' dir='ltr'><strong>κομιεῖται</strong></span> <span class='ocrx_word' id='word_1_163' title='bbox 912 639 988 675; x_wconf 76' lang='grc' dir='ltr'><strong>παρὰ</strong></span> 
     </span>
    </p>
   </div>
   <div class='ocr_carea' id='block_1_23' title="bbox 1011 636 1823 675">
    <p class='ocr_par' dir='ltr' id='par_1_23' title="bbox 1037 636 1823 672">
     <span class='ocr_line' id='line_1_23' title="bbox 1037 636 1823 672; baseline 0 -7"><span class='ocrx_word' id='word_1_164' title='bbox 1037 637 1123 670; x_wconf 89' lang='lat' dir='ltr'><strong>mino,</strong></span> <span class='ocrx_word' id='word_1_165' title='bbox 1147 641 1175 665; x_wconf 90' lang='lat' dir='ltr'><strong>et</strong></span> <span class='ocrx_word' id='word_1_166' title='bbox 1190 645 1244 665; x_wconf 92' lang='lat' dir='ltr'><strong>non</strong></span> <span class='ocrx_word' id='word_1_167' title='bbox 1258 637 1362 665; x_wconf 87' lang='lat' dir='ltr'><strong>homini</strong></span> <span class='ocrx_word' id='word_1_168' title='bbox 1381 647 1387 664; x_wconf 89' lang='lat'>:</span> <span class='ocrx_word' id='word_1_169' title='bbox 1405 637 1526 664; x_wconf 79' lang='lat' dir='ltr'><strong>scientes</strong></span> <span class='ocrx_word' id='word_1_170' title='bbox 1539 636 1612 672; x_wconf 90' lang='lat' dir='ltr'><strong>quod</strong></span> <span class='ocrx_word' id='word_1_171' title='bbox 1636 638 1823 672; x_wconf 78' lang='lat' dir='ltr'><strong>unusquisque</strong></span> 
     </span>
    </p>
   </div>
   <div class='ocr_carea' id='block_1_24' title="bbox 201 680 1013 718">
    <p class='ocr_par' dir='ltr' id='par_1_24' title="bbox 201 680 780 717">
     <span class='ocr_line' id='line_1_24' title="bbox 201 680 780 717; baseline 0.002 -10"><span class='ocrx_word' id='word_1_172' title='bbox 201 680 317 716; x_wconf 82' lang='grc' dir='ltr'><strong>Κυρίου,</strong></span> <span class='ocrx_word' id='word_1_173' title='bbox 332 681 387 708; x_wconf 70' lang='grc' dir='ltr'><strong>εἴτε</strong></span> <span class='ocrx_word' id='word_1_174' title='bbox 405 681 509 715; x_wconf 80' lang='grc' dir='ltr'><strong>δοῦλος,</strong></span> <span class='ocrx_word' id='word_1_175' title='bbox 523 681 580 708; x_wconf 82' lang='grc' dir='ltr'><strong>εἴτε</strong></span> <span class='ocrx_word' id='word_1_176' title='bbox 597 681 752 717; x_wconf 77' lang='grc' dir='ltr'><strong>ἐλεύθερος.</strong></span> <span class='ocrx_word' id='word_1_177' title='bbox 770 692 780 708; x_wconf 82' lang='grc' dir='ltr'><strong>ι</strong></span> 
     </span>
    </p>
   </div>
   <div class='ocr_carea' id='block_1_25' title="bbox 1010 680 1822 718">
    <p class='ocr_par' dir='ltr' id='par_1_25' title="bbox 1036 681 1822 718">
     <span class='ocr_line' id='line_1_25' title="bbox 1036 681 1822 718; baseline -0.003 -8"><span class='ocrx_word' id='word_1_178' title='bbox 1036 683 1222 718; x_wconf 86' lang='lat' dir='ltr'><strong>quodcunque</strong></span> <span class='ocrx_word' id='word_1_179' title='bbox 1234 682 1331 710; x_wconf 85' lang='lat' dir='ltr'><strong>fecerit</strong></span> <span class='ocrx_word' id='word_1_180' title='bbox 1343 682 1520 714; x_wconf 89' lang='lat' dir='ltr'><strong>honum,hoc</strong></span> <span class='ocrx_word' id='word_1_181' title='bbox 1535 681 1650 716; x_wconf 85' lang='lat' dir='ltr'><strong>recipiet</strong></span> <span class='ocrx_word' id='word_1_182' title='bbox 1666 689 1682 709; x_wconf 84' lang='lat' dir='ltr'><strong>a</strong></span> <span class='ocrx_word' id='word_1_183' title='bbox 1699 682 1822 715; x_wconf 83' lang='lat' dir='ltr'><strong>Domino,</strong></span> 
     </span>
    </p>
   </div>
   <div class='ocr_carea' id='block_1_26' title="bbox 1036 728 1409 760">
    <p class='ocr_par' dir='ltr' id='par_1_26' title="bbox 1036 728 1409 760">
     <span class='ocr_line' id='line_1_26' title="bbox 1036 728 1409 760; baseline 0 -5"><span class='ocrx_word' id='word_1_184' title='bbox 1036 728 1094 756; x_wconf 84' lang='lat' dir='ltr'><strong>sive</strong></span> <span class='ocrx_word' id='word_1_185' title='bbox 1108 736 1216 760; x_wconf 81' lang='lat' dir='ltr'><strong>servus.</strong></span> <span class='ocrx_word' id='word_1_186' title='bbox 1228 728 1286 756; x_wconf 88' lang='lat' dir='ltr'><strong>sive</strong></span> <span class='ocrx_word' id='word_1_187' title='bbox 1301 728 1380 756; x_wconf 88' lang='lat' dir='ltr'><strong>liber.</strong></span> <span class='ocrx_word' id='word_1_188' title='bbox 1400 737 1409 754; x_wconf 78' lang='grc' dir='ltr'><strong>ι</strong></span> 
     </span>
    </p>
   </div>
   <div class='ocr_carea' id='block_1_27' title="bbox 237 769 1049 808">
    <p class='ocr_par' dir='ltr' id='par_1_27' title="bbox 237 769 984 807">
     <span class='ocr_line' id='line_1_27' title="bbox 237 769 984 807; baseline 0.003 -12"><span class='ocrx_word' id='word_1_189' title='bbox 237 778 247 795; x_wconf 73' lang='grc' dir='ltr'><strong>ι</strong></span> <span class='ocrx_word' id='word_1_190' title='bbox 269 770 300 796; x_wconf 85' lang='grc' dir='ltr'><strong>οι</strong></span> <span class='ocrx_word' id='word_1_191' title='bbox 316 769 417 803; x_wconf 78' lang='grc' dir='ltr'><strong>δοῦλοι,</strong></span> <span class='ocrx_word' id='word_1_192' title='bbox 430 771 586 797; x_wconf 79' lang='grc' dir='ltr'>ὑπακούετε</span> <span class='ocrx_word' id='word_1_193' title='bbox 605 772 662 803; x_wconf 83' lang='grc' dir='ltr'><strong>τοῖς</strong></span> <span class='ocrx_word' id='word_1_194' title='bbox 677 771 749 798; x_wconf 80' lang='grc' dir='ltr'><strong>κατὰ</strong></span> <span class='ocrx_word' id='word_1_195' title='bbox 760 771 849 807; x_wconf 80' lang='grc' dir='ltr'><strong>σάρκα</strong></span> <span class='ocrx_word' id='word_1_196' title='bbox 867 770 984 806; x_wconf 78' lang='grc' dir='ltr'><strong>κυρίοις,</strong></span> 
     </span>
    </p>
   </div>
   <div class='ocr_carea' id='block_1_28' title="bbox 1009 769 1821 808">
    <p class='ocr_par' dir='ltr' id='par_1_28' title="bbox 1072 773 1821 808">
     <span class='ocr_line' id='line_1_28' title="bbox 1072 773 1821 808; baseline -0.004 -6"><span class='ocrx_word' id='word_1_197' title='bbox 1072 774 1175 802; x_wconf 67' lang='lat' dir='ltr'><strong>Colon.</strong></span> <span class='ocrx_word' id='word_1_198' title='bbox 1190 783 1231 808; x_wconf 93' lang='grc' dir='ltr'><strong>ιιι,</strong></span> <span class='ocrx_word' id='word_1_199' title='bbox 1241 775 1286 807; x_wconf 63' lang='grc' dir='ltr'><strong>Ξῖ,</strong></span> <span class='ocrx_word' id='word_1_200' title='bbox 1303 774 1347 802; x_wconf 76' lang='grc'><strong>23.</strong></span> <span class='ocrx_word' id='word_1_201' title='bbox 1359 789 1394 794; x_wconf 94' lang='grc'><strong><em>--</em></strong></span> <span class='ocrx_word' id='word_1_202' title='bbox 1408 784 1416 800; x_wconf 89' lang='grc' dir='ltr'><strong>ι</strong></span> <span class='ocrx_word' id='word_1_203' title='bbox 1437 774 1524 806; x_wconf 82' lang='lat' dir='ltr'><strong>Servi,</strong></span> <span class='ocrx_word' id='word_1_204' title='bbox 1542 773 1649 801; x_wconf 88' lang='lat' dir='ltr'><strong>ohedite</strong></span> <span class='ocrx_word' id='word_1_205' title='bbox 1667 781 1715 808; x_wconf 82' lang='lat' dir='ltr'><strong>per</strong></span> <span class='ocrx_word' id='word_1_206' title='bbox 1730 773 1821 800; x_wconf 88' lang='lat' dir='ltr'><strong>omnia</strong></span> 
     </span>
    </p>
   </div>
   <div class='ocr_carea' id='block_1_29' title="bbox 201 815 1013 852">
    <p class='ocr_par' dir='ltr' id='par_1_29' title="bbox 201 815 985 852">
     <span class='ocr_line' id='line_1_29' title="bbox 201 815 985 852; baseline 0.003 -11"><span class='ocrx_word' id='word_1_207' title='bbox 201 815 239 850; x_wconf 87' lang='grc' dir='ltr'><strong>μὴ</strong></span> <span class='ocrx_word' id='word_1_208' title='bbox 254 815 282 841; x_wconf 82' lang='grc' dir='ltr'><strong>ὲν</strong></span> <span class='ocrx_word' id='word_1_209' title='bbox 297 815 542 852; x_wconf 72' lang='grc' dir='ltr'><strong>όφθαλμοδουλείᾳ,</strong></span> <span class='ocrx_word' id='word_1_210' title='bbox 566 817 605 848; x_wconf 84' lang='grc' dir='ltr'><strong>ὡς</strong></span> <span class='ocrx_word' id='word_1_211' title='bbox 627 817 866 852; x_wconf 78' lang='grc' dir='ltr'><strong>ἀνθρωπάρεσκοι,</strong></span> <span class='ocrx_word' id='word_1_212' title='bbox 887 817 985 843; x_wconf 78' lang='grc' dir='ltr'><strong>άλλ⁵ὲν</strong></span> 
     </span>
    </p>
   </div>
   <div class='ocr_carea' id='block_1_30' title="bbox 1007 815 1819 852">
    <p class='ocr_par' dir='ltr' id='par_1_30' title="bbox 1037 819 1819 851">
     <span class='ocr_line' id='line_1_30' title="bbox 1037 819 1819 851; baseline -0.003 -3"><span class='ocrx_word' id='word_1_213' title='bbox 1037 820 1157 848; x_wconf 87' lang='lat' dir='ltr'><strong>dominis</strong></span> <span class='ocrx_word' id='word_1_214' title='bbox 1187 821 1361 851; x_wconf 88' lang='lat' dir='ltr'><strong>carnalibus,</strong></span> <span class='ocrx_word' id='word_1_215' title='bbox 1383 820 1491 847; x_wconf 87' lang='lat' dir='ltr'><strong>nonad</strong></span> <span class='ocrx_word' id='word_1_216' title='bbox 1521 820 1631 847; x_wconf 92' lang='lat' dir='ltr'><strong>oculum</strong></span> <span class='ocrx_word' id='word_1_217' title='bbox 1657 819 1819 850; x_wconf 79' lang='lat' dir='ltr'><strong>servientes.</strong></span> 
     </span>
    </p>
   </div>
   <div class='ocr_carea' id='block_1_31' title="bbox 200 853 1012 902">
    <p class='ocr_par' dir='ltr' id='par_1_31' title="bbox 200 853 1012 898">
     <span class='ocr_line' id='line_1_31' title="bbox 200 853 1012 898; baseline 0.001 -11"><span class='ocrx_word' id='word_1_218' title='bbox 200 861 332 896; x_wconf 79' lang='grc' dir='ltr'><strong>ἁπλότητι</strong></span> <span class='ocrx_word' id='word_1_219' title='bbox 363 862 488 897; x_wconf 81' lang='grc' dir='ltr'><strong>καρδίας,</strong></span> <span class='ocrx_word' id='word_1_220' title='bbox 507 862 674 897; x_wconf 78' lang='grc' dir='ltr'><strong>φοϐούμενοι</strong></span> <span class='ocrx_word' id='word_1_221' title='bbox 701 863 747 890; x_wconf 79' lang='grc' dir='ltr'><strong>τὸν</strong></span> <span class='ocrx_word' id='word_1_222' title='bbox 762 862 876 898; x_wconf 80' lang='grc' dir='ltr'><strong>Κύριον.</strong></span> <span class='ocrx_word' id='word_1_223' title='bbox 894 864 927 889; x_wconf 89' lang='grc' dir='ltr'><strong>Ὃ</strong></span> <span class='ocrx_word' id='word_1_224' title='bbox 940 862 987 889; x_wconf 76' lang='grc' dir='ltr'><strong>ἐὰν</strong></span> <span class='ocrx_word' id='word_1_225' title='bbox 1002 853 1012 880; x_wconf 69' lang='lat' dir='ltr'><strong>I</strong></span> 
     </span>
    </p>
   </div>
   <div class='ocr_carea' id='block_1_32' title="bbox 1009 853 1821 902">
    <p class='ocr_par' dir='ltr' id='par_1_32' title="bbox 1009 853 1821 902">
     <span class='ocr_line' id='line_1_32' title="bbox 1009 853 1821 902; baseline -0.004 -9"><span class='ocrx_word' id='word_1_226' title='bbox 1009 853 1115 902; x_wconf 75' lang='lat' dir='ltr'><strong>Bquasi</strong></span> <span class='ocrx_word' id='word_1_227' title='bbox 1143 867 1300 894; x_wconf 88' lang='lat' dir='ltr'><strong>hominibus</strong></span> <span class='ocrx_word' id='word_1_228' title='bbox 1332 866 1483 901; x_wconf 80' lang='lat' dir='ltr'><strong>placentes.</strong></span> <span class='ocrx_word' id='word_1_229' title='bbox 1511 865 1559 893; x_wconf 84' lang='lat' dir='ltr'><strong>sed</strong></span> <span class='ocrx_word' id='word_1_230' title='bbox 1587 865 1619 898; x_wconf 43' lang='lat' dir='ltr'><strong>,in</strong></span> <span class='ocrx_word' id='word_1_231' title='bbox 1645 865 1821 899; x_wconf 74' lang='lat' dir='ltr'><strong>simplicitate</strong></span> 
     </span>
    </p>
   </div>
   <div class='ocr_carea' id='block_1_33' title="bbox 200 907 1012 946">
    <p class='ocr_par' dir='ltr' id='par_1_33' title="bbox 200 907 988 943">
     <span class='ocr_line' id='line_1_33' title="bbox 200 907 988 943; baseline 0 -9"><span class='ocrx_word' id='word_1_232' title='bbox 200 907 305 942; x_wconf 80' lang='grc' dir='ltr'><strong>ποιῆτε,</strong></span> <span class='ocrx_word' id='word_1_233' title='bbox 322 908 355 934; x_wconf 82' lang='grc' dir='ltr'><strong>ἐκ</strong></span> <span class='ocrx_word' id='word_1_234' title='bbox 373 907 462 943; x_wconf 83' lang='grc' dir='ltr'><strong>ψυχῆς</strong></span> <span class='ocrx_word' id='word_1_235' title='bbox 477 907 640 943; x_wconf 75' lang='grc' dir='ltr'><strong>ἐργάζεσθε,</strong></span> <span class='ocrx_word' id='word_1_236' title='bbox 655 908 692 940; x_wconf 86' lang='grc' dir='ltr'><strong>ὡς</strong></span> <span class='ocrx_word' id='word_1_237' title='bbox 706 907 745 943; x_wconf 86' lang='grc' dir='ltr'><strong>τῷ</strong></span> <span class='ocrx_word' id='word_1_238' title='bbox 757 909 862 943; x_wconf 81' lang='grc' dir='ltr'><strong>Κυρίῳ,</strong></span> <span class='ocrx_word' id='word_1_239' title='bbox 883 907 930 934; x_wconf 76' lang='grc' dir='ltr'><strong>καὶ</strong></span> <span class='ocrx_word' id='word_1_240' title='bbox 939 908 988 934; x_wconf 86' lang='grc' dir='ltr'><strong>οὐκ</strong></span> 
     </span>
    </p>
   </div>
   <div class='ocr_carea' id='block_1_34' title="bbox 1008 907 1820 946">
    <p class='ocr_par' dir='ltr' id='par_1_34' title="bbox 1037 910 1820 946">
     <span class='ocr_line' id='line_1_34' title="bbox 1037 910 1820 946; baseline -0.004 -6"><span class='ocrx_word' id='word_1_241' title='bbox 1037 913 1129 941; x_wconf 85' lang='lat' dir='ltr'><strong>cordis</strong></span> <span class='ocrx_word' id='word_1_242' title='bbox 1155 913 1286 941; x_wconf 87' lang='lat' dir='ltr'><strong>timentes</strong></span> <span class='ocrx_word' id='word_1_243' title='bbox 1313 913 1409 941; x_wconf 89' lang='lat' dir='ltr'><strong>Deum.</strong></span> <span class='ocrx_word' id='word_1_244' title='bbox 1440 911 1631 946; x_wconf 84' lang='lat' dir='ltr'><strong>Quodcunque</strong></span> <span class='ocrx_word' id='word_1_245' title='bbox 1659 910 1761 943; x_wconf 86' lang='lat' dir='ltr'><strong>facitis,</strong></span> <span class='ocrx_word' id='word_1_246' title='bbox 1787 919 1820 938; x_wconf 82' lang='lat' dir='ltr'><strong>ex</strong></span> 
     </span>
    </p>
   </div>
   <div class='ocr_carea' id='block_1_35' title="bbox 199 953 1011 993">
    <p class='ocr_par' dir='ltr' id='par_1_35' title="bbox 199 953 988 989">
     <span class='ocr_line' id='line_1_35' title="bbox 199 953 988 989; baseline 0.003 -10"><span class='ocrx_word' id='word_1_247' title='bbox 199 953 352 989; x_wconf 79' lang='grc' dir='ltr'><strong>ἀνθρώπῳ.</strong></span> <span class='ocrx_word' id='word_1_248' title='bbox 382 953 483 986; x_wconf 73' lang='grc' dir='ltr'><strong>εἰδότες</strong></span> <span class='ocrx_word' id='word_1_249' title='bbox 501 953 542 981; x_wconf 85' lang='grc' dir='ltr'><strong>ὅτι</strong></span> <span class='ocrx_word' id='word_1_250' title='bbox 572 953 648 989; x_wconf 68' lang='grc' dir='ltr'><strong>παρὰ</strong></span> <span class='ocrx_word' id='word_1_251' title='bbox 679 953 783 989; x_wconf 78' lang='grc' dir='ltr'>Κυρίου</span> <span class='ocrx_word' id='word_1_252' title='bbox 808 953 925 988; x_wconf 77' lang='grc' dir='ltr'><strong>λήψεσθε</strong></span> <span class='ocrx_word' id='word_1_253' title='bbox 937 954 988 989; x_wconf 86' lang='grc' dir='ltr'><strong>τὴν</strong></span> 
     </span>
    </p>
   </div>
   <div class='ocr_carea' id='block_1_36' title="bbox 1005 953 1817 993">
    <p class='ocr_par' dir='ltr' id='par_1_36' title="bbox 1036 957 1817 993">
     <span class='ocr_line' id='line_1_36' title="bbox 1036 957 1817 993; baseline -0.004 -7"><span class='ocrx_word' id='word_1_254' title='bbox 1036 959 1130 986; x_wconf 90' lang='lat' dir='ltr'><strong>animo</strong></span> <span class='ocrx_word' id='word_1_255' title='bbox 1157 959 1321 993; x_wconf 85' lang='lat' dir='ltr'><strong>operamini,</strong></span> <span class='ocrx_word' id='word_1_256' title='bbox 1351 959 1423 985; x_wconf 90' lang='lat' dir='ltr'><strong>sicut</strong></span> <span class='ocrx_word' id='word_1_257' title='bbox 1448 957 1573 990; x_wconf 88' lang='lat' dir='ltr'><strong>Domino,</strong></span> <span class='ocrx_word' id='word_1_258' title='bbox 1589 961 1616 985; x_wconf 89' lang='lat' dir='ltr'><strong>et</strong></span> <span class='ocrx_word' id='word_1_259' title='bbox 1633 957 1817 988; x_wconf 87' lang='lat' dir='ltr'><strong>nonhomini,</strong></span> 
     </span>
    </p>
   </div>
   <div class='ocr_carea' id='block_1_37' title="bbox 199 998 1011 1039">
    <p class='ocr_par' dir='ltr' id='par_1_37' title="bbox 199 998 420 1026">
     <span class='ocr_line' id='line_1_37' title="bbox 199 998 420 1026; baseline 0 -1"><span class='ocrx_word' id='word_1_260' title='bbox 199 998 389 1026; x_wconf 82' lang='grc' dir='ltr'><strong>ἀνταπόδοσιν.</strong></span> <span class='ocrx_word' id='word_1_261' title='bbox 409 1008 420 1025; x_wconf 70' lang='grc' dir='ltr'><strong>ι</strong></span> 
     </span>
    </p>
   </div>
   <div class='ocr_carea' id='block_1_38' title="bbox 1005 998 1817 1039">
    <p class='ocr_par' dir='ltr' id='par_1_38' title="bbox 1037 1003 1817 1039">
     <span class='ocr_line' id='line_1_38' title="bbox 1037 1003 1817 1039; baseline -0.005 -7"><span class='ocrx_word' id='word_1_262' title='bbox 1037 1005 1154 1032; x_wconf 85' lang='lat' dir='ltr'><strong>scientes</strong></span> <span class='ocrx_word' id='word_1_263' title='bbox 1167 1005 1238 1039; x_wconf 89' lang='lat' dir='ltr'><strong>quod</strong></span> <span class='ocrx_word' id='word_1_264' title='bbox 1254 1012 1268 1030; x_wconf 90' lang='lat' dir='ltr'><strong>a</strong></span> <span class='ocrx_word' id='word_1_265' title='bbox 1280 1004 1395 1032; x_wconf 90' lang='lat' dir='ltr'><strong>Domino</strong></span> <span class='ocrx_word' id='word_1_266' title='bbox 1411 1003 1556 1038; x_wconf 82' lang='lat' dir='ltr'><strong>accipietis</strong></span> <span class='ocrx_word' id='word_1_267' title='bbox 1571 1003 1790 1030; x_wconf 81' lang='lat' dir='ltr'><strong>retributionem.</strong></span> <span class='ocrx_word' id='word_1_268' title='bbox 1808 1012 1817 1028; x_wconf 78' lang='grc' dir='ltr'><strong>ι</strong></span> 
     </span>
    </p>
   </div>
   <div class='ocr_carea' id='block_1_39' title="bbox 235 1044 1047 1084">
    <p class='ocr_par' dir='ltr' id='par_1_39' title="bbox 235 1044 987 1080">
     <span class='ocr_line' id='line_1_39' title="bbox 235 1044 987 1080; baseline -0.003 -8"><span class='ocrx_word' id='word_1_269' title='bbox 235 1054 246 1071; x_wconf 73' lang='grc' dir='ltr'><strong>ι</strong></span> <span class='ocrx_word' id='word_1_270' title='bbox 262 1045 340 1072; x_wconf 83' lang='grc' dir='ltr'><strong>Ὅσοι</strong></span> <span class='ocrx_word' id='word_1_271' title='bbox 355 1045 426 1072; x_wconf 76' lang='grc' dir='ltr'><strong>εἰσὶν</strong></span> <span class='ocrx_word' id='word_1_272' title='bbox 440 1046 492 1072; x_wconf 86' lang='grc' dir='ltr'><strong>ὗπδ</strong></span> <span class='ocrx_word' id='word_1_273' title='bbox 507 1045 588 1080; x_wconf 82' lang='grc' dir='ltr'><strong>ζυγὸν</strong></span> <span class='ocrx_word' id='word_1_274' title='bbox 601 1045 702 1078; x_wconf 82' lang='grc' dir='ltr'><strong>δοῦλοι,</strong></span> <span class='ocrx_word' id='word_1_275' title='bbox 717 1044 780 1077; x_wconf 82' lang='grc' dir='ltr'><strong>τούς</strong></span> <span class='ocrx_word' id='word_1_276' title='bbox 796 1044 878 1076; x_wconf 85' lang='grc' dir='ltr'><strong>ίδίους</strong></span> <span class='ocrx_word' id='word_1_277' title='bbox 896 1044 987 1071; x_wconf 81' lang='grc' dir='ltr'><strong>δεσπό-</strong></span> 
     </span>
    </p>
   </div>
   <div class='ocr_carea' id='block_1_40' title="bbox 1008 1044 1820 1084">
    <p class='ocr_par' dir='ltr' id='par_1_40' title="bbox 1072 1049 1820 1084">
     <span class='ocr_line' id='line_1_40' title="bbox 1072 1049 1820 1084; baseline -0.001 -8"><span class='ocrx_word' id='word_1_278' title='bbox 1072 1049 1087 1076; x_wconf 89' lang='grc'><em>1</em></span> <span class='ocrx_word' id='word_1_279' title='bbox 1104 1050 1172 1077; x_wconf 85' lang='lat' dir='ltr'><strong>Tim.</strong></span> <span class='ocrx_word' id='word_1_280' title='bbox 1185 1057 1223 1082; x_wconf 88' lang='lat' dir='ltr'><strong>vt,</strong></span> <span class='ocrx_word' id='word_1_281' title='bbox 1244 1050 1270 1082; x_wconf 82' lang='grc' dir='ltr'>ί,</span> <span class='ocrx_word' id='word_1_282' title='bbox 1286 1050 1314 1077; x_wconf 77' lang='grc'><strong>’2.</strong></span> <span class='ocrx_word' id='word_1_283' title='bbox 1329 1065 1364 1070; x_wconf 89' lang='grc'><strong>-</strong></span> <span class='ocrx_word' id='word_1_284' title='bbox 1379 1059 1388 1075; x_wconf 86' lang='grc' dir='ltr'><strong>ι</strong></span> <span class='ocrx_word' id='word_1_285' title='bbox 1408 1049 1572 1084; x_wconf 86' lang='lat' dir='ltr'><strong>Quicunque</strong></span> <span class='ocrx_word' id='word_1_286' title='bbox 1587 1053 1651 1076; x_wconf 93' lang='lat' dir='ltr'><strong>sunt</strong></span> <span class='ocrx_word' id='word_1_287' title='bbox 1679 1049 1731 1076; x_wconf 84' lang='lat' dir='ltr'><strong>sub</strong></span> <span class='ocrx_word' id='word_1_288' title='bbox 1754 1049 1820 1084; x_wconf 82' lang='lat' dir='ltr'><strong>jugo</strong></span> 
     </span>
    </p>
   </div>
   <div class='ocr_carea' id='block_1_41' title="bbox 199 1090 1011 1126">
    <p class='ocr_par' dir='ltr' id='par_1_41' title="bbox 199 1090 987 1126">
     <span class='ocr_line' id='line_1_41' title="bbox 199 1090 987 1126; baseline -0.001 -9"><span class='ocrx_word' id='word_1_289' title='bbox 199 1098 248 1122; x_wconf 87' lang='grc' dir='ltr'><strong>τας</strong></span> <span class='ocrx_word' id='word_1_290' title='bbox 274 1091 365 1126; x_wconf 80' lang='grc' dir='ltr'><strong>πάσης</strong></span> <span class='ocrx_word' id='word_1_291' title='bbox 387 1092 471 1126; x_wconf 84' lang='grc' dir='ltr'><strong>τιμῆς</strong></span> <span class='ocrx_word' id='word_1_292' title='bbox 497 1091 589 1124; x_wconf 79' lang='grc' dir='ltr'><strong>ἀξίους</strong></span> <span class='ocrx_word' id='word_1_293' title='bbox 613 1091 799 1126; x_wconf 81' lang='grc' dir='ltr'><strong>ἡγείσθωσαν,</strong></span> <span class='ocrx_word' id='word_1_294' title='bbox 825 1091 868 1117; x_wconf 74' lang='grc' dir='ltr'><strong>ἵνα</strong></span> <span class='ocrx_word' id='word_1_295' title='bbox 887 1090 925 1125; x_wconf 78' lang='grc' dir='ltr'><strong>μὴ</strong></span> <span class='ocrx_word' id='word_1_296' title='bbox 956 1090 987 1116; x_wconf 81' lang='grc' dir='ltr'><strong>τὸ</strong></span> 
     </span>
    </p>
   </div>
   <div class='ocr_carea' id='block_1_42' title="bbox 1007 1090 1819 1126">
    <p class='ocr_par' dir='ltr' id='par_1_42' title="bbox 1037 1092 1819 1126">
     <span class='ocr_line' id='line_1_42' title="bbox 1037 1092 1819 1126; baseline -0.004 -4"><span class='ocrx_word' id='word_1_297' title='bbox 1037 1094 1122 1126; x_wconf 82' lang='lat' dir='ltr'><strong>servi,</strong></span> <span class='ocrx_word' id='word_1_298' title='bbox 1135 1094 1263 1122; x_wconf 89' lang='lat' dir='ltr'><strong>dominos</strong></span> <span class='ocrx_word' id='word_1_299' title='bbox 1275 1101 1340 1122; x_wconf 90' lang='lat' dir='ltr'><strong>suos</strong></span> <span class='ocrx_word' id='word_1_300' title='bbox 1359 1093 1436 1121; x_wconf 90' lang='lat' dir='ltr'><strong>omni</strong></span> <span class='ocrx_word' id='word_1_301' title='bbox 1452 1093 1557 1121; x_wconf 86' lang='lat' dir='ltr'><strong>honore</strong></span> <span class='ocrx_word' id='word_1_302' title='bbox 1571 1092 1668 1126; x_wconf 75' lang='lat' dir='ltr'><strong>dignos</strong></span> <span class='ocrx_word' id='word_1_303' title='bbox 1683 1093 1819 1120; x_wconf 86' lang='lat' dir='ltr'><strong>arbitren-</strong></span> 
     </span>
    </p>
   </div>
   <div class='ocr_carea' id='block_1_43' title="bbox 199 1136 1011 1173">
    <p class='ocr_par' dir='ltr' id='par_1_43' title="bbox 199 1136 986 1173">
     <span class='ocr_line' id='line_1_43' title="bbox 199 1136 986 1173; baseline -0.003 -9"><span class='ocrx_word' id='word_1_304' title='bbox 199 1138 283 1172; x_wconf 75' lang='grc' dir='ltr'><strong>ΰνομα</strong></span> <span class='ocrx_word' id='word_1_305' title='bbox 311 1137 359 1164; x_wconf 82' lang='grc' dir='ltr'><strong>τοῦ</strong></span> <span class='ocrx_word' id='word_1_306' title='bbox 385 1137 465 1170; x_wconf 78' lang='grc' dir='ltr'><strong>Θεοῦ,</strong></span> <span class='ocrx_word' id='word_1_307' title='bbox 491 1138 540 1164; x_wconf 78' lang='grc' dir='ltr'><strong>καὶ</strong></span> <span class='ocrx_word' id='word_1_308' title='bbox 561 1139 578 1173; x_wconf 82' lang='grc' dir='ltr'>ἡ</span> <span class='ocrx_word' id='word_1_309' title='bbox 597 1137 758 1164; x_wconf 77' lang='grc' dir='ltr'><strong>διδασκαλία</strong></span> <span class='ocrx_word' id='word_1_310' title='bbox 778 1136 986 1172; x_wconf 80' lang='grc' dir='ltr'><strong>βλασφημῆται.</strong></span> 
     </span>
    </p>
   </div>
   <div class='ocr_carea' id='block_1_44' title="bbox 1005 1136 1817 1173">
    <p class='ocr_par' dir='ltr' id='par_1_44' title="bbox 1035 1139 1817 1173">
     <span class='ocr_line' id='line_1_44' title="bbox 1035 1139 1817 1173; baseline -0.004 -6"><span class='ocrx_word' id='word_1_311' title='bbox 1035 1144 1093 1172; x_wconf 84' lang='grc' dir='ltr'><strong>ιιιι·,</strong></span> <span class='ocrx_word' id='word_1_312' title='bbox 1112 1147 1146 1167; x_wconf 88' lang='lat' dir='ltr'><strong>ne</strong></span> <span class='ocrx_word' id='word_1_313' title='bbox 1161 1147 1262 1167; x_wconf 91' lang='lat' dir='ltr'><strong>nomen</strong></span> <span class='ocrx_word' id='word_1_314' title='bbox 1280 1139 1389 1167; x_wconf 81' lang='lat' dir='ltr'><strong>Domini</strong></span> <span class='ocrx_word' id='word_1_315' title='bbox 1415 1142 1443 1167; x_wconf 88' lang='lat' dir='ltr'><strong>et</strong></span> <span class='ocrx_word' id='word_1_316' title='bbox 1458 1139 1584 1166; x_wconf 81' lang='lat' dir='ltr'><strong>doctrina</strong></span> <span class='ocrx_word' id='word_1_317' title='bbox 1605 1139 1817 1173; x_wconf 85' lang='lat' dir='ltr'><strong>hlaspltemetur.</strong></span> 
     </span>
    </p>
   </div>
   <div class='ocr_carea' id='block_1_45' title="bbox 200 1181 1012 1218">
    <p class='ocr_par' dir='ltr' id='par_1_45' title="bbox 200 1181 986 1218">
     <span class='ocr_line' id='line_1_45' title="bbox 200 1181 986 1218; baseline -0.004 -9"><span class='ocrx_word' id='word_1_318' title='bbox 200 1183 231 1209; x_wconf 86' lang='grc' dir='ltr'><strong>Οἱ</strong></span> <span class='ocrx_word' id='word_1_319' title='bbox 247 1183 276 1209; x_wconf 83' lang='grc' dir='ltr'><strong>δὲ</strong></span> <span class='ocrx_word' id='word_1_320' title='bbox 295 1183 407 1215; x_wconf 78' lang='grc' dir='ltr'><strong>πιστοὺς</strong></span> <span class='ocrx_word' id='word_1_321' title='bbox 420 1182 528 1218; x_wconf 75' lang='grc' dir='ltr'><strong>ἔχοντες</strong></span> <span class='ocrx_word' id='word_1_322' title='bbox 540 1182 686 1214; x_wconf 83' lang='grc' dir='ltr'><strong>δεσπότας,</strong></span> <span class='ocrx_word' id='word_1_323' title='bbox 709 1181 746 1216; x_wconf 83' lang='grc' dir='ltr'><strong>μὴ</strong></span> <span class='ocrx_word' id='word_1_324' title='bbox 766 1181 986 1216; x_wconf 84' lang='grc' dir='ltr'><strong>καταφρονείτω-</strong></span> 
     </span>
    </p>
   </div>
   <div class='ocr_carea' id='block_1_46' title="bbox 1005 1181 1817 1218">
    <p class='ocr_par' dir='ltr' id='par_1_46' title="bbox 1036 1185 1817 1218">
     <span class='ocr_line' id='line_1_46' title="bbox 1036 1185 1817 1218; baseline -0.004 -6"><span class='ocrx_word' id='word_1_325' title='bbox 1036 1185 1184 1218; x_wconf 85' lang='lat' dir='ltr'><strong>Quiautem</strong></span> <span class='ocrx_word' id='word_1_326' title='bbox 1199 1185 1293 1213; x_wconf 84' lang='lat' dir='ltr'><strong>ﬁdeles</strong></span> <span class='ocrx_word' id='word_1_327' title='bbox 1303 1185 1406 1213; x_wconf 78' lang='lat' dir='ltr'><strong>habent</strong></span> <span class='ocrx_word' id='word_1_328' title='bbox 1417 1185 1553 1216; x_wconf 88' lang='lat' dir='ltr'><strong>dominos,</strong></span> <span class='ocrx_word' id='word_1_329' title='bbox 1564 1192 1617 1212; x_wconf 90' lang='lat' dir='ltr'><strong>non</strong></span> <span class='ocrx_word' id='word_1_330' title='bbox 1631 1187 1817 1214; x_wconf 79' lang='lat' dir='ltr'><strong>contemnant.</strong></span> 
     </span>
    </p>
   </div>
   <div class='ocr_carea' id='block_1_47' title="bbox 200 1226 1012 1263">
    <p class='ocr_par' dir='ltr' id='par_1_47' title="bbox 200 1226 985 1263">
     <span class='ocr_line' id='line_1_47' title="bbox 200 1226 985 1263; baseline -0.004 -8"><span class='ocrx_word' id='word_1_331' title='bbox 200 1237 258 1262; x_wconf 82' lang='grc' dir='ltr'><strong>σαν,</strong></span> <span class='ocrx_word' id='word_1_332' title='bbox 275 1229 315 1255; x_wconf 81' lang='grc' dir='ltr'><strong>ὅτι</strong></span> <span class='ocrx_word' id='word_1_333' title='bbox 328 1229 439 1263; x_wconf 81' lang='grc' dir='ltr'><strong>ἀδελφοί</strong></span> <span class='ocrx_word' id='word_1_334' title='bbox 461 1229 531 1255; x_wconf 78' lang='grc' dir='ltr'><strong>εἰσιν</strong></span> <span class='ocrx_word' id='word_1_335' title='bbox 541 1238 547 1244; x_wconf 89' lang='grc'><strong>·</strong></span> <span class='ocrx_word' id='word_1_336' title='bbox 563 1228 631 1255; x_wconf 71' lang='grc' dir='ltr'><strong>ἀλλὰ</strong></span> <span class='ocrx_word' id='word_1_337' title='bbox 659 1227 760 1263; x_wconf 84' lang='grc' dir='ltr'><strong>μᾶλλον</strong></span> <span class='ocrx_word' id='word_1_338' title='bbox 776 1226 985 1259; x_wconf 85' lang='grc' dir='ltr'><strong>δουλευέτωσαν,</strong></span> 
     </span>
    </p>
   </div>
   <div class='ocr_carea' id='block_1_48' title="bbox 1007 1226 1819 1263">
    <p class='ocr_par' dir='ltr' id='par_1_48' title="bbox 1035 1227 1819 1263">
     <span class='ocr_line' id='line_1_48' title="bbox 1035 1227 1819 1263; baseline -0.001 -9"><span class='ocrx_word' id='word_1_339' title='bbox 1035 1229 1098 1263; x_wconf 83' lang='lat' dir='ltr'><strong>quia</strong></span> <span class='ocrx_word' id='word_1_340' title='bbox 1120 1228 1220 1256; x_wconf 82' lang='lat' dir='ltr'><strong>fratres</strong></span> <span class='ocrx_word' id='word_1_341' title='bbox 1250 1232 1334 1261; x_wconf 87' lang='lat' dir='ltr'><strong>sunt;</strong></span> <span class='ocrx_word' id='word_1_342' title='bbox 1350 1228 1397 1256; x_wconf 85' lang='lat' dir='ltr'><strong>sed</strong></span> <span class='ocrx_word' id='word_1_343' title='bbox 1415 1229 1501 1262; x_wconf 74' lang='lat' dir='ltr'><strong>magis</strong></span> <span class='ocrx_word' id='word_1_344' title='bbox 1521 1228 1653 1260; x_wconf 88' lang='lat' dir='ltr'><strong>serviant,</strong></span> <span class='ocrx_word' id='word_1_345' title='bbox 1675 1227 1739 1262; x_wconf 85' lang='lat' dir='ltr'><strong>quia</strong></span> <span class='ocrx_word' id='word_1_346' title='bbox 1755 1227 1819 1254; x_wconf 82' lang='lat' dir='ltr'><strong>Iide-</strong></span> 
     </span>
    </p>
   </div>
   <div class='ocr_carea' id='block_1_49' title="bbox 199 1264 1011 1309">
    <p class='ocr_par' dir='ltr' id='par_1_49' title="bbox 199 1272 986 1309">
     <span class='ocr_line' id='line_1_49' title="bbox 199 1272 986 1309; baseline -0.005 -8"><span class='ocrx_word' id='word_1_347' title='bbox 199 1275 345 1301; x_wconf 70' lang='lat' dir='ltr'><strong>Sumeret</strong></span> <span class='ocrx_word' id='word_1_348' title='bbox 368 1275 421 1300; x_wconf 86' lang='grc' dir='ltr'><strong>είσι</strong></span> <span class='ocrx_word' id='word_1_349' title='bbox 449 1275 496 1301; x_wconf 69' lang='grc' dir='ltr'><strong>καὶ</strong></span> <span class='ocrx_word' id='word_1_350' title='bbox 518 1274 666 1309; x_wconf 77' lang='grc' dir='ltr'><strong>ἀγαπητοὶ,</strong></span> <span class='ocrx_word' id='word_1_351' title='bbox 688 1273 734 1301; x_wconf 76' lang='grc' dir='ltr'><strong>καὶ</strong></span> <span class='ocrx_word' id='word_1_352' title='bbox 759 1272 810 1307; x_wconf 83' lang='grc' dir='ltr'><strong>τῆς</strong></span> <span class='ocrx_word' id='word_1_353' title='bbox 825 1272 986 1307; x_wconf 82' lang='grc' dir='ltr'><strong>εὐεργεσίας</strong></span> 
     </span>
    </p>
   </div>
   <div class='ocr_carea' id='block_1_50' title="bbox 885 1264 1697 1309">
    <p class='ocr_par' dir='ltr' id='par_1_50' title="bbox 885 1264 1697 1309">
     <span class='ocr_line' id='line_1_50' title="bbox 885 1264 1697 1309; baseline -0.004 -7"><span class='ocrx_word' id='word_1_354' title='bbox 885 1272 986 1306; x_wconf 74' lang='grc' dir='ltr'><strong>ιγεσίας</strong></span> <span class='ocrx_word' id='word_1_355' title='bbox 1036 1275 1075 1302; x_wconf 88' lang='lat' dir='ltr'><strong>les</strong></span> <span class='ocrx_word' id='word_1_356' title='bbox 1087 1279 1162 1308; x_wconf 89' lang='lat' dir='ltr'><strong>sunt,</strong></span> <span class='ocrx_word' id='word_1_357' title='bbox 1178 1279 1205 1302; x_wconf 87' lang='lat' dir='ltr'><strong>ct</strong></span> <span class='ocrx_word' id='word_1_358' title='bbox 1221 1274 1315 1302; x_wconf 86' lang='lat' dir='ltr'><strong>dilecti</strong></span> <span class='ocrx_word' id='word_1_359' title='bbox 1328 1279 1355 1302; x_wconf 87' lang='lat' dir='ltr'><strong>et</strong></span> <span class='ocrx_word' id='word_1_360' title='bbox 1372 1273 1500 1302; x_wconf 82' lang='lat' dir='ltr'><strong>beneﬁcii</strong></span> <span class='ocrx_word' id='word_1_361' title='bbox 1513 1264 1672 1309; x_wconf 80' lang='lat' dir='ltr'><strong>participes.</strong></span> <span class='ocrx_word' id='word_1_362' title='bbox 1688 1281 1697 1298; x_wconf 79' lang='grc' dir='ltr'><strong>ι</strong></span> 
     </span>
    </p>
   </div>
   <div class='ocr_carea' id='block_1_51' title="bbox 199 1320 500 1355">
    <p class='ocr_par' dir='ltr' id='par_1_51' title="bbox 199 1320 500 1355">
     <span class='ocr_line' id='line_1_51' title="bbox 199 1320 500 1355; baseline -0.003 -9"><span class='ocrx_word' id='word_1_363' title='bbox 199 1320 471 1355; x_wconf 81' lang='grc' dir='ltr'><strong>ἀντιλαμϐανόμενοι.</strong></span> <span class='ocrx_word' id='word_1_364' title='bbox 491 1329 500 1345; x_wconf 75' lang='grc' dir='ltr'><strong>ι</strong></span> 
     </span>
    </p>
   </div>
   <div class='ocr_carea' id='block_1_52' title="bbox 237 1357 1049 1400">
    <p class='ocr_par' dir='ltr' id='par_1_52' title="bbox 237 1364 985 1400">
     <span class='ocr_line' id='line_1_52' title="bbox 237 1364 985 1400; baseline -0.001 -9"><span class='ocrx_word' id='word_1_365' title='bbox 237 1373 245 1390; x_wconf 84' lang='grc' dir='ltr'><strong>ι</strong></span> <span class='ocrx_word' id='word_1_366' title='bbox 269 1365 302 1391; x_wconf 79' lang='grc' dir='ltr'><strong>Οἱ</strong></span> <span class='ocrx_word' id='word_1_367' title='bbox 317 1364 433 1398; x_wconf 70' lang='grc' dir='ltr'><strong>οἰκέται,</strong></span> <span class='ocrx_word' id='word_1_368' title='bbox 449 1364 666 1400; x_wconf 77' lang='grc' dir='ltr'><strong>ὑποτασσόμενοι</strong></span> <span class='ocrx_word' id='word_1_369' title='bbox 689 1365 717 1390; x_wconf 86' lang='grc' dir='ltr'><strong>ὲν</strong></span> <span class='ocrx_word' id='word_1_370' title='bbox 733 1364 815 1391; x_wconf 70' lang='grc' dir='ltr'><strong>παντὶ</strong></span> <span class='ocrx_word' id='word_1_371' title='bbox 839 1364 914 1398; x_wconf 81' lang='grc' dir='ltr'><strong>φόϐῳ</strong></span> <span class='ocrx_word' id='word_1_372' title='bbox 929 1365 985 1396; x_wconf 80' lang='grc' dir='ltr'><strong>τοῖς</strong></span> 
     </span>
    </p>
   </div>
   <div class='ocr_carea' id='block_1_53' title="bbox 1006 1357 1818 1400">
    <p class='ocr_par' dir='ltr' id='par_1_53' title="bbox 1071 1357 1818 1390">
     <span class='ocr_line' id='line_1_53' title="bbox 1071 1357 1818 1390; baseline 0 -6"><span class='ocrx_word' id='word_1_373' title='bbox 1071 1357 1086 1384; x_wconf 90' lang='grc'><em>1</em></span> <span class='ocrx_word' id='word_1_374' title='bbox 1100 1357 1172 1385; x_wconf 85' lang='lat' dir='ltr'><strong>Pelr.</strong></span> <span class='ocrx_word' id='word_1_375' title='bbox 1186 1366 1215 1390; x_wconf 91' lang='grc' dir='ltr'><strong>ιι,</strong></span> <span class='ocrx_word' id='word_1_376' title='bbox 1242 1358 1284 1385; x_wconf 79' lang='grc'><strong>18.</strong></span> <span class='ocrx_word' id='word_1_377' title='bbox 1295 1373 1331 1378; x_wconf 90' lang='grc'><strong>-</strong></span> <span class='ocrx_word' id='word_1_378' title='bbox 1344 1367 1352 1383; x_wconf 90' lang='grc' dir='ltr'><strong>ι</strong></span> <span class='ocrx_word' id='word_1_379' title='bbox 1369 1357 1458 1390; x_wconf 86' lang='lat' dir='ltr'><strong>Servi,</strong></span> <span class='ocrx_word' id='word_1_380' title='bbox 1473 1357 1573 1385; x_wconf 82' lang='lat' dir='ltr'><strong>subditi</strong></span> <span class='ocrx_word' id='word_1_381' title='bbox 1599 1361 1686 1385; x_wconf 89' lang='lat' dir='ltr'><strong>estote</strong></span> <span class='ocrx_word' id='word_1_382' title='bbox 1702 1357 1729 1384; x_wconf 93' lang='lat' dir='ltr'><strong>in</strong></span> <span class='ocrx_word' id='word_1_383' title='bbox 1744 1358 1818 1384; x_wconf 88' lang='lat' dir='ltr'><strong>omni</strong></span> 
     </span>
    </p>
   </div>
   <div class='ocr_carea' id='block_1_54' title="bbox 198 1403 1010 1445">
    <p class='ocr_par' dir='ltr' id='par_1_54' title="bbox 198 1409 984 1445">
     <span class='ocr_line' id='line_1_54' title="bbox 198 1409 984 1445; baseline -0.001 -9"><span class='ocrx_word' id='word_1_384' title='bbox 198 1410 345 1442; x_wconf 75' lang='grc' dir='ltr'><strong>δεσπόταις</strong></span> <span class='ocrx_word' id='word_1_385' title='bbox 371 1410 460 1445; x_wconf 83' lang='grc' dir='ltr'><strong>ὑμῶν,</strong></span> <span class='ocrx_word' id='word_1_386' title='bbox 476 1411 506 1437; x_wconf 87' lang='grc' dir='ltr'><strong>οὐ</strong></span> <span class='ocrx_word' id='word_1_387' title='bbox 524 1410 605 1445; x_wconf 87' lang='grc' dir='ltr'><strong>μόνον</strong></span> <span class='ocrx_word' id='word_1_388' title='bbox 621 1409 734 1444; x_wconf 81' lang='grc' dir='ltr'><strong>ἀγαθοῖς</strong></span> <span class='ocrx_word' id='word_1_389' title='bbox 748 1410 797 1437; x_wconf 75' lang='grc' dir='ltr'><strong>καὶ</strong></span> <span class='ocrx_word' id='word_1_390' title='bbox 824 1410 984 1441; x_wconf 73' lang='grc' dir='ltr'><strong>ἐπιεικέσιν,</strong></span> 
     </span>
    </p>
   </div>
   <div class='ocr_carea' id='block_1_55' title="bbox 1006 1403 1818 1445">
    <p class='ocr_par' dir='ltr' id='par_1_55' title="bbox 1035 1403 1818 1436">
     <span class='ocr_line' id='line_1_55' title="bbox 1035 1403 1818 1436; baseline 0 -7"><span class='ocrx_word' id='word_1_391' title='bbox 1035 1403 1133 1430; x_wconf 91' lang='lat' dir='ltr'><strong>timore</strong></span> <span class='ocrx_word' id='word_1_392' title='bbox 1150 1403 1271 1430; x_wconf 90' lang='lat' dir='ltr'><strong>dominis</strong></span> <span class='ocrx_word' id='word_1_393' title='bbox 1288 1403 1399 1436; x_wconf 82' lang='lat' dir='ltr'><strong>vestris,</strong></span> <span class='ocrx_word' id='word_1_394' title='bbox 1422 1411 1476 1430; x_wconf 83' lang='lat' dir='ltr'><strong>non</strong></span> <span class='ocrx_word' id='word_1_395' title='bbox 1490 1407 1594 1430; x_wconf 82' lang='lat' dir='ltr'><strong>tantum</strong></span> <span class='ocrx_word' id='word_1_396' title='bbox 1609 1403 1688 1430; x_wconf 81' lang='lat' dir='ltr'><strong>bouis</strong></span> <span class='ocrx_word' id='word_1_397' title='bbox 1703 1406 1730 1429; x_wconf 90' lang='lat' dir='ltr'><strong>et</strong></span> <span class='ocrx_word' id='word_1_398' title='bbox 1760 1411 1818 1429; x_wconf 91' lang='lat' dir='ltr'><strong>mo-</strong></span> 
     </span>
    </p>
   </div>
   <div class='ocr_carea' id='block_1_56' title="bbox 198 1447 1010 1491">
    <p class='ocr_par' dir='ltr' id='par_1_56' title="bbox 198 1455 985 1491">
     <span class='ocr_line' id='line_1_56' title="bbox 198 1455 985 1491; baseline -0.003 -9"><span class='ocrx_word' id='word_1_399' title='bbox 198 1455 266 1482; x_wconf 70' lang='grc' dir='ltr'><strong>ἀλλὰ</strong></span> <span class='ocrx_word' id='word_1_400' title='bbox 282 1456 328 1482; x_wconf 75' lang='grc' dir='ltr'><strong>καὶ</strong></span> <span class='ocrx_word' id='word_1_401' title='bbox 344 1457 400 1487; x_wconf 83' lang='grc' dir='ltr'><strong>τοῖς</strong></span> <span class='ocrx_word' id='word_1_402' title='bbox 417 1455 546 1487; x_wconf 88' lang='grc' dir='ltr'><strong>σκολιοῖς.</strong></span> <span class='ocrx_word' id='word_1_403' title='bbox 568 1455 653 1482; x_wconf 82' lang='grc' dir='ltr'><strong>Τοῦτο</strong></span> <span class='ocrx_word' id='word_1_404' title='bbox 680 1455 735 1490; x_wconf 88' lang='grc' dir='ltr'><strong>γὰρ</strong></span> <span class='ocrx_word' id='word_1_405' title='bbox 753 1455 833 1491; x_wconf 86' lang='grc' dir='ltr'><strong>χάρις</strong></span> <span class='ocrx_word' id='word_1_406' title='bbox 851 1456 927 1490; x_wconf 75' lang='grc' dir='ltr'><strong>παρὰ</strong></span> <span class='ocrx_word' id='word_1_407' title='bbox 946 1455 985 1490; x_wconf 81' lang='grc' dir='ltr'><strong>τῷ</strong></span> 
     </span>
    </p>
   </div>
   <div class='ocr_carea' id='block_1_57' title="bbox 1005 1447 1817 1491">
    <p class='ocr_par' dir='ltr' id='par_1_57' title="bbox 1035 1447 1817 1483">
     <span class='ocr_line' id='line_1_57' title="bbox 1035 1447 1817 1483; baseline -0.003 -7"><span class='ocrx_word' id='word_1_408' title='bbox 1035 1448 1131 1480; x_wconf 84' lang='lat' dir='ltr'><strong>destis,</strong></span> <span class='ocrx_word' id='word_1_409' title='bbox 1165 1448 1213 1476; x_wconf 87' lang='lat' dir='ltr'><strong>sed</strong></span> <span class='ocrx_word' id='word_1_410' title='bbox 1247 1448 1328 1476; x_wconf 85' lang='lat' dir='ltr'><strong>etiam</strong></span> <span class='ocrx_word' id='word_1_411' title='bbox 1358 1448 1461 1483; x_wconf 88' lang='lat' dir='ltr'><strong>pravis.</strong></span> <span class='ocrx_word' id='word_1_412' title='bbox 1487 1447 1549 1475; x_wconf 64' lang='lat' dir='ltr'><strong>Haec</strong></span> <span class='ocrx_word' id='word_1_413' title='bbox 1570 1452 1612 1476; x_wconf 86' lang='lat' dir='ltr'><strong>est</strong></span> <span class='ocrx_word' id='word_1_414' title='bbox 1626 1449 1698 1475; x_wconf 92' lang='lat' dir='ltr'><strong>enim</strong></span> <span class='ocrx_word' id='word_1_415' title='bbox 1731 1449 1817 1483; x_wconf 81' lang='lat' dir='ltr'><strong>gratia</strong></span> 
     </span>
    </p>
   </div>
   <div class='ocr_carea' id='block_1_58' title="bbox 197 1493 1009 1547">
    <p class='ocr_par' dir='ltr' id='par_1_58' title="bbox 197 1501 1009 1547">
     <span class='ocr_line' id='line_1_58' title="bbox 197 1501 1009 1547; baseline 0 -20"><span class='ocrx_word' id='word_1_416' title='bbox 197 1501 266 1536; x_wconf 82' lang='grc' dir='ltr'><strong>Θεῷ,</strong></span> <span class='ocrx_word' id='word_1_417' title='bbox 283 1502 308 1527; x_wconf 87' lang='grc' dir='ltr'>εί</span> <span class='ocrx_word' id='word_1_418' title='bbox 322 1501 366 1528; x_wconf 74' lang='grc' dir='ltr'><strong>διὰ</strong></span> <span class='ocrx_word' id='word_1_419' title='bbox 396 1501 548 1536; x_wconf 84' lang='grc' dir='ltr'><strong>συνείδησιν</strong></span> <span class='ocrx_word' id='word_1_420' title='bbox 574 1501 643 1528; x_wconf 81' lang='grc' dir='ltr'><strong>Θεοῦ</strong></span> <span class='ocrx_word' id='word_1_421' title='bbox 666 1501 799 1537; x_wconf 80' lang='grc' dir='ltr'><strong>ὑποφέρει</strong></span> <span class='ocrx_word' id='word_1_422' title='bbox 821 1509 862 1532; x_wconf 87' lang='grc' dir='ltr'><strong>τις</strong></span> <span class='ocrx_word' id='word_1_423' title='bbox 885 1501 1009 1547; x_wconf 73' lang='grc' dir='ltr'><strong>λύπας,(</strong></span> 
     </span>
    </p>
   </div>
   <div class='ocr_carea' id='block_1_59' title="bbox 1007 1493 1819 1547">
    <p class='ocr_par' dir='ltr' id='par_1_59' title="bbox 1007 1493 1819 1529">
     <span class='ocr_line' id='line_1_59' title="bbox 1007 1493 1819 1529; baseline 0.001 -9"><span class='ocrx_word' id='word_1_424' title='bbox 1007 1519 1019 1529; x_wconf 49' lang='grc' dir='ltr'>η</span> <span class='ocrx_word' id='word_1_425' title='bbox 1037 1495 1108 1528; x_wconf 89' lang='lat' dir='ltr'><strong>apud</strong></span> <span class='ocrx_word' id='word_1_426' title='bbox 1124 1493 1219 1526; x_wconf 83' lang='lat' dir='ltr'><strong>Deum,</strong></span> <span class='ocrx_word' id='word_1_427' title='bbox 1242 1494 1265 1522; x_wconf 92' lang='lat' dir='ltr'><strong>si</strong></span> <span class='ocrx_word' id='word_1_428' title='bbox 1292 1498 1406 1528; x_wconf 85' lang='lat' dir='ltr'><strong>propter</strong></span> <span class='ocrx_word' id='word_1_429' title='bbox 1426 1494 1622 1522; x_wconf 86' lang='lat' dir='ltr'><strong>conscientiam</strong></span> <span class='ocrx_word' id='word_1_430' title='bbox 1638 1494 1683 1521; x_wconf 86' lang='lat' dir='ltr'><strong>Dei</strong></span> <span class='ocrx_word' id='word_1_431' title='bbox 1698 1495 1819 1522; x_wconf 87' lang='lat' dir='ltr'><strong>sustinet</strong></span> 
     </span>
    </p>
   </div>
   <div class='ocr_carea' id='block_1_60' title="bbox 198 1538 1010 1581">
    <p class='ocr_par' dir='ltr' id='par_1_60' title="bbox 198 1538 1010 1581">
     <span class='ocr_line' id='line_1_60' title="bbox 198 1538 1010 1581; baseline 0.005 -10"><span class='ocrx_word' id='word_1_432' title='bbox 198 1546 311 1581; x_wconf 78' lang='grc' dir='ltr'><strong>πάσχων</strong></span> <span class='ocrx_word' id='word_1_433' title='bbox 325 1546 436 1577; x_wconf 84' lang='grc' dir='ltr'><strong>ἀδίκως.</strong></span> <span class='ocrx_word' id='word_1_434' title='bbox 454 1555 465 1572; x_wconf 85' lang='grc'><strong>›</strong></span> <span class='ocrx_word' id='word_1_435' title='bbox 867 1544 873 1551; x_wconf 76' lang='grc'><strong>⁷</strong></span> <span class='ocrx_word' id='word_1_436' title='bbox 999 1538 1010 1547; x_wconf 63' lang='lat'>‘</span> 
     </span>
    </p>
   </div>
   <div class='ocr_carea' id='block_1_61' title="bbox 755 1538 1567 1581">
    <p class='ocr_par' dir='ltr' id='par_1_61' title="bbox 867 1538 1567 1574">
     <span class='ocr_line' id='line_1_61' title="bbox 867 1538 1567 1574; baseline -0.001 -9"><span class='ocrx_word' id='word_1_437' title='bbox 867 1544 873 1551; x_wconf 92' lang='lat'>&#39;</span> <span class='ocrx_word' id='word_1_438' title='bbox 999 1538 1019 1547; x_wconf 92' lang='lat'><strong>“&#39;</strong></span> <span class='ocrx_word' id='word_1_439' title='bbox 1036 1539 1099 1574; x_wconf 89' lang='lat' dir='ltr'><strong>quis</strong></span> <span class='ocrx_word' id='word_1_440' title='bbox 1117 1538 1282 1572; x_wconf 88' lang='lat' dir='ltr'><strong>injustitias,</strong></span> <span class='ocrx_word' id='word_1_441' title='bbox 1299 1539 1408 1572; x_wconf 87' lang='lat' dir='ltr'><strong>patiens</strong></span> <span class='ocrx_word' id='word_1_442' title='bbox 1427 1539 1539 1573; x_wconf 89' lang='lat' dir='ltr'><strong>injuste.</strong></span> <span class='ocrx_word' id='word_1_443' title='bbox 1558 1548 1567 1564; x_wconf 77' lang='grc' dir='ltr'><strong>ι</strong></span> 
     </span>
    </p>
   </div>
   <div class='ocr_carea' id='block_1_62' title="bbox 1071 1582 1818 1620">
    <p class='ocr_par' dir='ltr' id='par_1_62' title="bbox 1071 1582 1818 1620">
     <span class='ocr_line' id='line_1_62' title="bbox 1071 1582 1818 1620; baseline 0.001 -10"><span class='ocrx_word' id='word_1_444' title='bbox 1071 1583 1100 1611; x_wconf 86' lang='lat' dir='ltr'><strong>S.</strong></span> <span class='ocrx_word' id='word_1_445' title='bbox 1130 1583 1207 1618; x_wconf 75' lang='lat' dir='ltr'><strong>Cret].</strong></span> <span class='ocrx_word' id='word_1_446' title='bbox 1230 1582 1300 1609; x_wconf 75' lang='lat' dir='ltr'><strong>Naz.</strong></span> <span class='ocrx_word' id='word_1_447' title='bbox 1330 1587 1391 1609; x_wconf 82' lang='lat' dir='ltr'><strong>tetr.</strong></span> <span class='ocrx_word' id='word_1_448' title='bbox 1411 1584 1591 1612; x_wconf 76' lang='lat' dir='ltr'><strong>55,—Servi</strong></span> <span class='ocrx_word' id='word_1_449' title='bbox 1620 1593 1653 1611; x_wconf 89' lang='lat' dir='ltr'><strong>ne</strong></span> <span class='ocrx_word' id='word_1_450' title='bbox 1684 1585 1818 1620; x_wconf 73' lang='lat' dir='ltr'><strong>refugiant</strong></span> 
     </span>
    </p>
   </div>
   <div class='ocr_carea' id='block_1_63' title="bbox 1035 1628 1818 1665">
    <p class='ocr_par' dir='ltr' id='par_1_63' title="bbox 1035 1628 1818 1665">
     <span class='ocr_line' id='line_1_63' title="bbox 1035 1628 1818 1665; baseline 0.003 -9"><span class='ocrx_word' id='word_1_451' title='bbox 1035 1628 1254 1656; x_wconf 83' lang='lat' dir='ltr'><strong>benevolentiam</strong></span> <span class='ocrx_word' id='word_1_452' title='bbox 1290 1628 1410 1655; x_wconf 88' lang='lat' dir='ltr'><strong>dominis</strong></span> <span class='ocrx_word' id='word_1_453' title='bbox 1438 1629 1577 1657; x_wconf 83' lang='lat' dir='ltr'><strong>exhibere.</strong></span> <span class='ocrx_word' id='word_1_454' title='bbox 1610 1629 1759 1665; x_wconf 82' lang='lat' dir='ltr'><strong>Ingenuum</strong></span> <span class='ocrx_word' id='word_1_455' title='bbox 1791 1635 1818 1658; x_wconf 75' lang='lat' dir='ltr'><strong>et</strong></span> 
     </span>
    </p>
   </div>
   <div class='ocr_carea' id='block_1_64' title="bbox 1036 1675 1433 1709">
    <p class='ocr_par' dir='ltr' id='par_1_64' title="bbox 1036 1675 1433 1709">
     <span class='ocr_line' id='line_1_64' title="bbox 1036 1675 1433 1709; baseline -0.005 -6"><span class='ocrx_word' id='word_1_456' title='bbox 1036 1683 1146 1703; x_wconf 88' lang='lat' dir='ltr'><strong>servum</strong></span> <span class='ocrx_word' id='word_1_457' title='bbox 1159 1682 1250 1702; x_wconf 81' lang='lat' dir='ltr'><strong>mores</strong></span> <span class='ocrx_word' id='word_1_458' title='bbox 1264 1675 1433 1709; x_wconf 82' lang='lat' dir='ltr'><strong>exprimunt.</strong></span> 
     </span>
    </p>
   </div>
   <div class='ocr_carea' id='block_1_65' title="bbox 232 1591 980 1626">
    <p class='ocr_par' dir='ltr' id='par_1_65' title="bbox 232 1591 980 1626">
     <span class='ocr_line' id='line_1_65' title="bbox 232 1591 980 1626; baseline -0.001 -8"><span class='ocrx_word' id='word_1_459' title='bbox 232 1592 263 1618; x_wconf 87' lang='grc' dir='ltr'><strong>οι</strong></span> <span class='ocrx_word' id='word_1_460' title='bbox 293 1591 396 1618; x_wconf 76' lang='grc' dir='ltr'><strong>οίκέται</strong></span> <span class='ocrx_word' id='word_1_461' title='bbox 420 1591 458 1626; x_wconf 86' lang='grc' dir='ltr'><strong>μὴ</strong></span> <span class='ocrx_word' id='word_1_462' title='bbox 485 1591 661 1626; x_wconf 80' lang='grc' dir='ltr'><strong>φευγέτωσαν</strong></span> <span class='ocrx_word' id='word_1_463' title='bbox 685 1592 788 1618; x_wconf 78' lang='grc' dir='ltr'><strong>εὐνοεῖν</strong></span> <span class='ocrx_word' id='word_1_464' title='bbox 810 1593 868 1623; x_wconf 89' lang='grc' dir='ltr'><strong>τοῖς</strong></span> <span class='ocrx_word' id='word_1_465' title='bbox 882 1591 980 1618; x_wconf 84' lang='grc' dir='ltr'><strong>δεσπό-</strong></span> 
     </span>
    </p>
   </div>
   <div class='ocr_carea' id='block_1_66' title="bbox 199 1637 873 1673">
    <p class='ocr_par' dir='ltr' id='par_1_66' title="bbox 199 1637 873 1673">
     <span class='ocr_line' id='line_1_66' title="bbox 199 1637 873 1673; baseline -0.001 -9"><span class='ocrx_word' id='word_1_466' title='bbox 199 1646 269 1670; x_wconf 85' lang='grc' dir='ltr'><strong>ταις.</strong></span> <span class='ocrx_word' id='word_1_467' title='bbox 293 1637 450 1673; x_wconf 81' lang='grc' dir='ltr'><strong>Ἐλεύθερον</strong></span> <span class='ocrx_word' id='word_1_468' title='bbox 464 1638 511 1664; x_wconf 70' lang='grc' dir='ltr'><strong>καὶ</strong></span> <span class='ocrx_word' id='word_1_469' title='bbox 522 1637 615 1664; x_wconf 87' lang='grc' dir='ltr'><strong>δοῦλον</strong></span> <span class='ocrx_word' id='word_1_470' title='bbox 626 1639 639 1665; x_wconf 80' lang='grc' dir='ltr'><strong>ὀ</strong></span> <span class='ocrx_word' id='word_1_471' title='bbox 651 1639 751 1671; x_wconf 73' lang='grc' dir='ltr'><strong>τρόπος</strong></span> <span class='ocrx_word' id='word_1_472' title='bbox 762 1638 873 1673; x_wconf 76' lang='grc' dir='ltr'><strong>γράφει.</strong></span> 
     </span>
    </p>
   </div>
   <div class='ocr_carea' id='block_1_67' title="bbox 283 1751 1095 1790">
    <p class='ocr_par' dir='ltr' id='par_1_67' title="bbox 283 1755 884 1790">
     <span class='ocr_line' id='line_1_67' title="bbox 283 1755 884 1790; baseline 0 -9"><span class='ocrx_word' id='word_1_473' title='bbox 283 1755 373 1782; x_wconf 80' lang='grc' dir='ltr'><strong>ΤΙΤΛ.</strong></span> <span class='ocrx_word' id='word_1_474' title='bbox 390 1756 454 1782; x_wconf 84' lang='lat' dir='ltr'><strong>KA&#39;.</strong></span> <span class='ocrx_word' id='word_1_475' title='bbox 470 1769 504 1775; x_wconf 92' lang='lat'>—</span> <span class='ocrx_word' id='word_1_476' title='bbox 517 1755 586 1790; x_wconf 76' lang='grc' dir='ltr'><strong>Περὶ</strong></span> <span class='ocrx_word' id='word_1_477' title='bbox 603 1755 722 1783; x_wconf 69' lang='grc' dir='ltr'><strong>δούλων</strong></span> <span class='ocrx_word' id='word_1_478' title='bbox 737 1755 884 1789; x_wconf 68' lang='grc' dir='ltr'><strong>πονηρῶν.</strong></span> 
     </span>
    </p>
   </div>
   <div class='ocr_carea' id='block_1_68' title="bbox 833 1751 1645 1790">
    <p class='ocr_par' dir='ltr' id='par_1_68' title="bbox 834 1751 1645 1782">
     <span class='ocr_line' id='line_1_68' title="bbox 834 1751 1645 1782; baseline -0.001 -1"><span class='ocrx_word' id='word_1_479' title='bbox 834 1755 884 1782; x_wconf 79' lang='grc' dir='ltr'><strong>ὡν.</strong></span> <span class='ocrx_word' id='word_1_480' title='bbox 1191 1751 1259 1779; x_wconf 83' lang='grc' dir='ltr'><strong>ΤΙΤ.</strong></span> <span class='ocrx_word' id='word_1_481' title='bbox 1273 1751 1344 1780; x_wconf 71' lang='lat' dir='ltr'><strong>XXI.</strong></span> <span class='ocrx_word' id='word_1_482' title='bbox 1362 1766 1396 1772; x_wconf 95' lang='lat'><strong>—</strong></span> <span class='ocrx_word' id='word_1_483' title='bbox 1410 1751 1447 1779; x_wconf 86' lang='lat' dir='ltr'><strong>De</strong></span> <span class='ocrx_word' id='word_1_484' title='bbox 1462 1752 1540 1779; x_wconf 74' lang='lat' dir='ltr'><strong>malis</strong></span> <span class='ocrx_word' id='word_1_485' title='bbox 1556 1753 1645 1780; x_wconf 79' lang='lat' dir='ltr'><strong>servis.</strong></span> 
     </span>
    </p>
   </div>
   <div class='ocr_carea' id='block_1_69' title="bbox 235 1809 1047 1848">
    <p class='ocr_par' dir='ltr' id='par_1_69' title="bbox 235 1812 980 1848">
     <span class='ocr_line' id='line_1_69' title="bbox 235 1812 980 1848; baseline 0.001 -9"><span class='ocrx_word' id='word_1_486' title='bbox 235 1823 246 1839; x_wconf 74' lang='grc' dir='ltr'><strong>ι</strong></span> <span class='ocrx_word' id='word_1_487' title='bbox 263 1812 359 1846; x_wconf 85' lang='grc' dir='ltr'><strong>Δόγοις</strong></span> <span class='ocrx_word' id='word_1_488' title='bbox 373 1812 403 1839; x_wconf 81' lang='grc' dir='ltr'><strong>οὐ</strong></span> <span class='ocrx_word' id='word_1_489' title='bbox 423 1812 628 1848; x_wconf 74' lang='grc' dir='ltr'><strong>παιδευθήςεται</strong></span> <span class='ocrx_word' id='word_1_490' title='bbox 641 1813 749 1848; x_wconf 77' lang='grc' dir='ltr'><strong>οἰκέτης</strong></span> <span class='ocrx_word' id='word_1_491' title='bbox 770 1813 896 1848; x_wconf 77' lang='grc' dir='ltr'><strong>σκληρός.</strong></span> <span class='ocrx_word' id='word_1_492' title='bbox 919 1813 980 1840; x_wconf 74' lang='grc' dir='ltr'><strong>Ἐὰν</strong></span> 
     </span>
    </p>
   </div>
   <div class='ocr_carea' id='block_1_70' title="bbox 1003 1809 1815 1848">
    <p class='ocr_par' dir='ltr' id='par_1_70' title="bbox 1070 1809 1815 1840">
     <span class='ocr_line' id='line_1_70' title="bbox 1070 1809 1815 1840; baseline 0.001 -3"><span class='ocrx_word' id='word_1_493' title='bbox 1070 1810 1139 1838; x_wconf 84' lang='lat' dir='ltr'><strong>Prov</strong></span> <span class='ocrx_word' id='word_1_494' title='bbox 1169 1818 1246 1840; x_wconf 76' lang='lat' dir='ltr'><strong>xxxx.</strong></span> <span class='ocrx_word' id='word_1_495' title='bbox 1267 1809 1310 1837; x_wconf 79' lang='lat'><strong>19.</strong></span> <span class='ocrx_word' id='word_1_496' title='bbox 1327 1824 1362 1828; x_wconf 90' lang='lat'><strong>—</strong></span> <span class='ocrx_word' id='word_1_497' title='bbox 1388 1818 1397 1833; x_wconf 81' lang='grc' dir='ltr'><strong>ι</strong></span> <span class='ocrx_word' id='word_1_498' title='bbox 1412 1809 1514 1836; x_wconf 91' lang='lat' dir='ltr'><strong>Servus</strong></span> <span class='ocrx_word' id='word_1_499' title='bbox 1531 1809 1619 1837; x_wconf 91' lang='lat' dir='ltr'><strong>durus</strong></span> <span class='ocrx_word' id='word_1_500' title='bbox 1643 1810 1815 1838; x_wconf 71' lang='lat' dir='ltr'><strong>sermonibus</strong></span> 
     </span>
    </p>
   </div>
   <div class='ocr_carea' id='block_1_71' title="bbox 195 1854 1007 1896">
    <p class='ocr_par' dir='ltr' id='par_1_71' title="bbox 195 1858 760 1896">
     <span class='ocr_line' id='line_1_71' title="bbox 195 1858 760 1896; baseline 0 -10"><span class='ocrx_word' id='word_1_501' title='bbox 195 1861 250 1896; x_wconf 72' lang='grc' dir='ltr'><strong>γὰρ</strong></span> <span class='ocrx_word' id='word_1_502' title='bbox 262 1859 310 1886; x_wconf 80' lang='grc' dir='ltr'><strong>καὶ</strong></span> <span class='ocrx_word' id='word_1_503' title='bbox 322 1859 417 1895; x_wconf 81' lang='grc' dir='ltr'><strong>νοήσῃ,</strong></span> <span class='ocrx_word' id='word_1_504' title='bbox 427 1858 483 1886; x_wconf 78' lang='grc' dir='ltr'><strong>ἀλλ’</strong></span> <span class='ocrx_word' id='word_1_505' title='bbox 496 1859 546 1893; x_wconf 87' lang='grc' dir='ltr'><strong>οὐχ</strong></span> <span class='ocrx_word' id='word_1_506' title='bbox 559 1859 735 1886; x_wconf 71' lang='grc' dir='ltr'><strong>ὐπακοιὲεται.</strong></span> <span class='ocrx_word' id='word_1_507' title='bbox 750 1868 760 1885; x_wconf 73' lang='grc' dir='ltr'><strong>ι</strong></span> 
     </span>
    </p>
   </div>
   <div class='ocr_carea' id='block_1_72' title="bbox 1002 1854 1814 1896">
    <p class='ocr_par' dir='ltr' id='par_1_72' title="bbox 1033 1854 1814 1890">
     <span class='ocr_line' id='line_1_72' title="bbox 1033 1854 1814 1890; baseline -0.003 -6"><span class='ocrx_word' id='word_1_508' title='bbox 1033 1865 1086 1884; x_wconf 90' lang='lat' dir='ltr'><strong>nou</strong></span> <span class='ocrx_word' id='word_1_509' title='bbox 1097 1855 1235 1883; x_wconf 90' lang='lat' dir='ltr'><strong>eruditur.</strong></span> <span class='ocrx_word' id='word_1_510' title='bbox 1253 1854 1456 1890; x_wconf 77' lang='lat' dir='ltr'><strong>Natnquamvis</strong></span> <span class='ocrx_word' id='word_1_511' title='bbox 1470 1854 1645 1885; x_wconf 78' lang='lat' dir='ltr'><strong>intellexerit,</strong></span> <span class='ocrx_word' id='word_1_512' title='bbox 1662 1862 1715 1882; x_wconf 90' lang='lat' dir='ltr'><strong>non</strong></span> <span class='ocrx_word' id='word_1_513' title='bbox 1726 1858 1814 1882; x_wconf 85' lang='lat' dir='ltr'><strong>tamen</strong></span> 
     </span>
    </p>
   </div>
   <div class='ocr_carea' id='block_1_73' title="bbox 1035 1897 1771 1929">
    <p class='ocr_par' dir='ltr' id='par_1_73' title="bbox 1035 1897 1771 1929">
     <span class='ocr_line' id='line_1_73' title="bbox 1035 1897 1771 1929; baseline -0.001 -1"><span class='ocrx_word' id='word_1_514' title='bbox 1035 1901 1154 1929; x_wconf 85' lang='lat' dir='ltr'><strong>ohcdiet.</strong></span> <span class='ocrx_word' id='word_1_515' title='bbox 1172 1910 1182 1927; x_wconf 68' lang='grc' dir='ltr'><strong>ι</strong></span> <span class='ocrx_word' id='word_1_516' title='bbox 1768 1897 1771 1901; x_wconf 83' lang='grc'><em>’</em></span> 
     </span>
    </p>
   </div>
   <div class='ocr_carea' id='block_1_74' title="bbox 232 1946 1044 1984">
    <p class='ocr_par' dir='ltr' id='par_1_74' title="bbox 232 1948 979 1984">
     <span class='ocr_line' id='line_1_74' title="bbox 232 1948 979 1984; baseline -0.003 -7"><span class='ocrx_word' id='word_1_517' title='bbox 232 1959 241 1976; x_wconf 81' lang='grc' dir='ltr'><strong>ι</strong></span> <span class='ocrx_word' id='word_1_518' title='bbox 257 1949 443 1984; x_wconf 85' lang='grc' dir='ltr'><strong>Χορτάσματα</strong></span> <span class='ocrx_word' id='word_1_519' title='bbox 457 1949 505 1975; x_wconf 76' lang='grc' dir='ltr'><strong>καὶ</strong></span> <span class='ocrx_word' id='word_1_520' title='bbox 522 1948 618 1984; x_wconf 80' lang='grc' dir='ltr'><strong>ῥάϐδος</strong></span> <span class='ocrx_word' id='word_1_521' title='bbox 631 1948 695 1984; x_wconf 73' lang='grc' dir='ltr'><strong>ὄνῳ,</strong></span> <span class='ocrx_word' id='word_1_522' title='bbox 715 1949 798 1984; x_wconf 82' lang='grc' dir='ltr'><strong>ἄρτος</strong></span> <span class='ocrx_word' id='word_1_523' title='bbox 809 1949 847 1982; x_wconf 88' lang='grc' dir='ltr'><strong>δὲ,</strong></span> <span class='ocrx_word' id='word_1_524' title='bbox 861 1949 906 1975; x_wconf 75' lang='grc' dir='ltr'><strong>καὶ</strong></span> <span class='ocrx_word' id='word_1_525' title='bbox 917 1957 979 1975; x_wconf 86' lang='grc' dir='ltr'><strong>παι-</strong></span> 
     </span>
    </p>
   </div>
   <div class='ocr_carea' id='block_1_75' title="bbox 1002 1946 1814 1984">
    <p class='ocr_par' dir='ltr' id='par_1_75' title="bbox 1067 1946 1814 1982">
     <span class='ocr_line' id='line_1_75' title="bbox 1067 1946 1814 1982; baseline 0 -8"><span class='ocrx_word' id='word_1_526' title='bbox 1067 1947 1152 1974; x_wconf 82' lang='lat' dir='ltr'><strong>Eccli.</strong></span> <span class='ocrx_word' id='word_1_527' title='bbox 1181 1954 1290 1978; x_wconf 77' lang='lat' dir='ltr'><strong>xum,</strong></span> <span class='ocrx_word' id='word_1_528' title='bbox 1314 1946 1408 1973; x_wconf 73' lang='lat'><strong>25-29.</strong></span> <span class='ocrx_word' id='word_1_529' title='bbox 1435 1961 1470 1966; x_wconf 98' lang='lat'><strong>—</strong></span> <span class='ocrx_word' id='word_1_530' title='bbox 1503 1956 1512 1972; x_wconf 78' lang='grc' dir='ltr'><strong>ι</strong></span> <span class='ocrx_word' id='word_1_531' title='bbox 1538 1946 1656 1980; x_wconf 65' lang='grc' dir='ltr'><strong>ξϐἰὶκιιὶιι</strong></span> <span class='ocrx_word' id='word_1_532' title='bbox 1680 1952 1707 1974; x_wconf 92' lang='lat' dir='ltr'><strong>ct</strong></span> <span class='ocrx_word' id='word_1_533' title='bbox 1740 1947 1814 1982; x_wconf 75' lang='lat' dir='ltr'><strong>virga</strong></span> 
     </span>
    </p>
   </div>
   <div class='ocr_carea' id='block_1_76' title="bbox 193 1992 1005 2029">
    <p class='ocr_par' dir='ltr' id='par_1_76' title="bbox 193 1993 980 2029">
     <span class='ocr_line' id='line_1_76' title="bbox 193 1993 980 2029; baseline -0.001 -8"><span class='ocrx_word' id='word_1_534' title='bbox 193 1995 263 2026; x_wconf 81' lang='grc' dir='ltr'><strong>δεία,</strong></span> <span class='ocrx_word' id='word_1_535' title='bbox 293 1994 340 2020; x_wconf 77' lang='grc' dir='ltr'><strong>καὶ</strong></span> <span class='ocrx_word' id='word_1_536' title='bbox 369 1993 449 2029; x_wconf 76' lang='grc' dir='ltr'><strong>ἔργον</strong></span> <span class='ocrx_word' id='word_1_537' title='bbox 476 1993 578 2029; x_wconf 79' lang='grc' dir='ltr'><strong>οἰκέτῃ.</strong></span> <span class='ocrx_word' id='word_1_538' title='bbox 596 1994 734 2029; x_wconf 83' lang='grc' dir='ltr'><strong>Ἔργασοιι</strong></span> <span class='ocrx_word' id='word_1_539' title='bbox 748 1994 777 2020; x_wconf 82' lang='grc' dir='ltr'><strong>ὲν</strong></span> <span class='ocrx_word' id='word_1_540' title='bbox 795 1994 915 2029; x_wconf 72' lang='grc' dir='ltr'><strong>παιδείᾳ,</strong></span> <span class='ocrx_word' id='word_1_541' title='bbox 933 1994 980 2020; x_wconf 84' lang='grc' dir='ltr'><strong>καὶ</strong></span> 
     </span>
    </p>
   </div>
   <div class='ocr_carea' id='block_1_77' title="bbox 1001 1992 1813 2029">
    <p class='ocr_par' dir='ltr' id='par_1_77' title="bbox 1031 1992 1813 2029">
     <span class='ocr_line' id='line_1_77' title="bbox 1031 1992 1813 2029; baseline 0 -8"><span class='ocrx_word' id='word_1_542' title='bbox 1031 1995 1121 2025; x_wconf 86' lang='lat' dir='ltr'><strong>asino,</strong></span> <span class='ocrx_word' id='word_1_543' title='bbox 1144 1994 1223 2029; x_wconf 89' lang='lat' dir='ltr'><strong>panis</strong></span> <span class='ocrx_word' id='word_1_544' title='bbox 1243 1997 1345 2026; x_wconf 87' lang='lat' dir='ltr'><strong>autem,</strong></span> <span class='ocrx_word' id='word_1_545' title='bbox 1367 1998 1394 2020; x_wconf 86' lang='lat' dir='ltr'><strong>et</strong></span> <span class='ocrx_word' id='word_1_546' title='bbox 1413 1992 1570 2027; x_wconf 85' lang='lat' dir='ltr'><strong>disciplina,</strong></span> <span class='ocrx_word' id='word_1_547' title='bbox 1596 1998 1706 2028; x_wconf 89' lang='lat' dir='ltr'><strong>etopus</strong></span> <span class='ocrx_word' id='word_1_548' title='bbox 1724 2001 1813 2021; x_wconf 88' lang='lat' dir='ltr'><strong>servo.</strong></span> 
     </span>
    </p>
   </div>
   <div class='ocr_carea' id='block_1_78' title="bbox 194 2038 1006 2076">
    <p class='ocr_par' dir='ltr' id='par_1_78' title="bbox 194 2039 979 2076">
     <span class='ocr_line' id='line_1_78' title="bbox 194 2039 979 2076; baseline -0.001 -9"><span class='ocrx_word' id='word_1_549' title='bbox 194 2041 320 2076; x_wconf 85' lang='grc' dir='ltr'><strong>εὑρήσεις</strong></span> <span class='ocrx_word' id='word_1_550' title='bbox 346 2040 508 2066; x_wconf 82' lang='grc' dir='ltr'><strong>ἀνάπαυσιν,</strong></span> <span class='ocrx_word' id='word_1_551' title='bbox 526 2040 606 2071; x_wconf 73' lang='grc' dir='ltr'><strong>’Δνες</strong></span> <span class='ocrx_word' id='word_1_552' title='bbox 636 2040 730 2075; x_wconf 77' lang='grc' dir='ltr'><strong>χεῖρας</strong></span> <span class='ocrx_word' id='word_1_553' title='bbox 744 2039 819 2074; x_wconf 85' lang='grc' dir='ltr'><strong>αὐτῷ</strong></span> <span class='ocrx_word' id='word_1_554' title='bbox 833 2059 841 2072; x_wconf 84' lang='grc'><strong>,</strong></span> <span class='ocrx_word' id='word_1_555' title='bbox 870 2041 918 2066; x_wconf 77' lang='grc' dir='ltr'><strong>καὶ</strong></span> <span class='ocrx_word' id='word_1_556' title='bbox 931 2039 979 2074; x_wconf 82' lang='grc' dir='ltr'><strong>ζη-</strong></span> 
     </span>
    </p>
   </div>
   <div class='ocr_carea' id='block_1_79' title="bbox 1003 2038 1815 2076">
    <p class='ocr_par' dir='ltr' id='par_1_79' title="bbox 1029 2038 1815 2075">
     <span class='ocr_line' id='line_1_79' title="bbox 1029 2038 1815 2075; baseline -0.004 -8"><span class='ocrx_word' id='word_1_557' title='bbox 1029 2040 1151 2075; x_wconf 88' lang='lat' dir='ltr'><strong>Operare</strong></span> <span class='ocrx_word' id='word_1_558' title='bbox 1165 2039 1192 2066; x_wconf 92' lang='lat' dir='ltr'><strong>in</strong></span> <span class='ocrx_word' id='word_1_559' title='bbox 1208 2046 1304 2073; x_wconf 87' lang='lat' dir='ltr'><strong>puero,</strong></span> <span class='ocrx_word' id='word_1_560' title='bbox 1317 2043 1344 2065; x_wconf 91' lang='lat' dir='ltr'><strong>et</strong></span> <span class='ocrx_word' id='word_1_561' title='bbox 1362 2038 1483 2066; x_wconf 86' lang='lat' dir='ltr'><strong>invenies</strong></span> <span class='ocrx_word' id='word_1_562' title='bbox 1506 2038 1638 2073; x_wconf 84' lang='lat' dir='ltr'><strong>requiem.</strong></span> <span class='ocrx_word' id='word_1_563' title='bbox 1663 2038 1736 2065; x_wconf 81' lang='lat' dir='ltr'><strong>Laxa</strong></span> <span class='ocrx_word' id='word_1_564' title='bbox 1759 2046 1815 2065; x_wconf 87' lang='lat' dir='ltr'><strong>ma-</strong></span> 
     </span>
    </p>
   </div>
   <div class='ocr_carea' id='block_1_80' title="bbox 193 2083 1005 2122">
    <p class='ocr_par' dir='ltr' id='par_1_80' title="bbox 193 2085 978 2122">
     <span class='ocr_line' id='line_1_80' title="bbox 193 2085 978 2122; baseline -0.004 -8"><span class='ocrx_word' id='word_1_565' title='bbox 193 2088 270 2122; x_wconf 81' lang='grc' dir='ltr'><strong>τήσει</strong></span> <span class='ocrx_word' id='word_1_566' title='bbox 297 2086 464 2122; x_wconf 77' lang='grc' dir='ltr'><strong>ἐλευθερίαν.</strong></span> <span class='ocrx_word' id='word_1_567' title='bbox 495 2085 581 2120; x_wconf 80' lang='grc' dir='ltr'><strong>Ζυγδς</strong></span> <span class='ocrx_word' id='word_1_568' title='bbox 606 2086 652 2112; x_wconf 67' lang='grc' dir='ltr'><strong>καὶ</strong></span> <span class='ocrx_word' id='word_1_569' title='bbox 673 2086 738 2121; x_wconf 79' lang='grc' dir='ltr'><strong>ἱμὰς</strong></span> <span class='ocrx_word' id='word_1_570' title='bbox 751 2085 887 2120; x_wconf 83' lang='grc' dir='ltr'><strong>τράχηλον</strong></span> <span class='ocrx_word' id='word_1_571' title='bbox 904 2085 978 2120; x_wconf 85' lang='grc' dir='ltr'><strong>κάμ-</strong></span> 
     </span>
    </p>
   </div>
   <div class='ocr_carea' id='block_1_81' title="bbox 1000 2083 1812 2122">
    <p class='ocr_par' dir='ltr' id='par_1_81' title="bbox 1029 2083 1812 2120">
     <span class='ocr_line' id='line_1_81' title="bbox 1029 2083 1812 2120; baseline -0.003 -7"><span class='ocrx_word' id='word_1_572' title='bbox 1029 2093 1083 2114; x_wconf 90' lang='lat' dir='ltr'><strong>nus</strong></span> <span class='ocrx_word' id='word_1_573' title='bbox 1109 2085 1160 2117; x_wconf 86' lang='lat' dir='ltr'><strong>illi,</strong></span> <span class='ocrx_word' id='word_1_574' title='bbox 1187 2089 1215 2112; x_wconf 87' lang='lat' dir='ltr'><strong>et</strong></span> <span class='ocrx_word' id='word_1_575' title='bbox 1231 2088 1336 2120; x_wconf 71' lang='lat' dir='ltr'><strong>qumret</strong></span> <span class='ocrx_word' id='word_1_576' title='bbox 1360 2084 1530 2112; x_wconf 84' lang='lat' dir='ltr'><strong>libertatem.</strong></span> <span class='ocrx_word' id='word_1_577' title='bbox 1549 2083 1647 2118; x_wconf 74' lang='lat' dir='ltr'><strong>Iugum</strong></span> <span class='ocrx_word' id='word_1_578' title='bbox 1674 2089 1700 2111; x_wconf 93' lang='lat' dir='ltr'><strong>ct</strong></span> <span class='ocrx_word' id='word_1_579' title='bbox 1725 2084 1812 2111; x_wconf 90' lang='lat' dir='ltr'><strong>lorum</strong></span> 
     </span>
    </p>
   </div>
   <div class='ocr_carea' id='block_1_82' title="bbox 191 2131 1003 2169">
    <p class='ocr_par' dir='ltr' id='par_1_82' title="bbox 191 2131 1003 2169">
     <span class='ocr_line' id='line_1_82' title="bbox 191 2131 1003 2169; baseline -0.001 -10"><span class='ocrx_word' id='word_1_580' title='bbox 191 2133 284 2169; x_wconf 58' lang='grc' dir='ltr'><strong>ιξουσι,</strong></span> <span class='ocrx_word' id='word_1_581' title='bbox 297 2134 344 2159; x_wconf 69' lang='grc' dir='ltr'><strong>καὶ</strong></span> <span class='ocrx_word' id='word_1_582' title='bbox 357 2132 451 2168; x_wconf 83' lang='grc' dir='ltr'><strong>οίκέτῃ</strong></span> <span class='ocrx_word' id='word_1_583' title='bbox 464 2131 611 2167; x_wconf 79' lang='grc' dir='ltr'><strong>κακούργῳ</strong></span> <span class='ocrx_word' id='word_1_584' title='bbox 639 2131 768 2166; x_wconf 82' lang='grc' dir='ltr'><strong>στρέϐλαι</strong></span> <span class='ocrx_word' id='word_1_585' title='bbox 792 2132 838 2158; x_wconf 72' lang='grc' dir='ltr'><strong>καὶ</strong></span> <span class='ocrx_word' id='word_1_586' title='bbox 854 2131 975 2166; x_wconf 74' lang='grc' dir='ltr'><strong>βάσανοι.</strong></span> <span class='ocrx_word' id='word_1_587' title='bbox 991 2164 1003 2169; x_wconf 81' lang='lat'><em>_</em></span> 
     </span>
    </p>
   </div>
   <div class='ocr_carea' id='block_1_83' title="bbox 1001 2131 1813 2169">
    <p class='ocr_par' dir='ltr' id='par_1_83' title="bbox 1001 2131 1813 2169">
     <span class='ocr_line' id='line_1_83' title="bbox 1001 2131 1813 2169; baseline -0.004 -10"><span class='ocrx_word' id='word_1_588' title='bbox 1001 2164 1013 2169; x_wconf 72' lang='lat'><em>_</em></span> <span class='ocrx_word' id='word_1_589' title='bbox 1029 2131 1132 2159; x_wconf 88' lang='lat' dir='ltr'><strong>collutn</strong></span> <span class='ocrx_word' id='word_1_590' title='bbox 1157 2131 1357 2163; x_wconf 84' lang='lat' dir='ltr'><strong>incurvabunt,</strong></span> <span class='ocrx_word' id='word_1_591' title='bbox 1383 2134 1410 2157; x_wconf 89' lang='lat' dir='ltr'><strong>et.</strong></span> <span class='ocrx_word' id='word_1_592' title='bbox 1427 2137 1508 2160; x_wconf 82' lang='lat' dir='ltr'><strong>servo</strong></span> <span class='ocrx_word' id='word_1_593' title='bbox 1526 2137 1643 2164; x_wconf 83' lang='lat' dir='ltr'><strong>nequam</strong></span> <span class='ocrx_word' id='word_1_594' title='bbox 1662 2133 1776 2157; x_wconf 72' lang='lat' dir='ltr'><strong>torturae</strong></span> <span class='ocrx_word' id='word_1_595' title='bbox 1786 2134 1813 2157; x_wconf 86' lang='lat' dir='ltr'><strong>et</strong></span> 
     </span>
    </p>
   </div>
   <div class='ocr_carea' id='block_1_84' title="bbox 194 2164 1006 2213">
    <p class='ocr_par' dir='ltr' id='par_1_84' title="bbox 194 2164 1006 2213">
     <span class='ocr_line' id='line_1_84' title="bbox 194 2164 1006 2213; baseline -0.002 -9"><span class='ocrx_word' id='word_1_596' title='bbox 194 2164 331 2213; x_wconf 63' lang='grc' dir='ltr'><strong>ῖιιμδοὶλλε</strong></span> <span class='ocrx_word' id='word_1_597' title='bbox 349 2164 481 2209; x_wconf 50' lang='grc' dir='ltr'><strong>αὐτὸν-είς</strong></span> <span class='ocrx_word' id='word_1_598' title='bbox 495 2164 638 2213; x_wconf 79' lang='grc' dir='ltr'><strong>ἐργασίαν,</strong></span> <span class='ocrx_word' id='word_1_599' title='bbox 659 2164 703 2204; x_wconf 56' lang='lat' dir='ltr'><strong>ria</strong></span> <span class='ocrx_word' id='word_1_600' title='bbox 727 2177 764 2212; x_wconf 85' lang='grc' dir='ltr'><strong>μὴ</strong></span> <span class='ocrx_word' id='word_1_601' title='bbox 776 2164 859 2212; x_wconf 76' lang='grc' dir='ltr'><strong>ἀργῇζ</strong></span> <span class='ocrx_word' id='word_1_602' title='bbox 875 2176 977 2212; x_wconf 84' lang='grc' dir='ltr'><strong>Πολλὴν</strong></span> <span class='ocrx_word' id='word_1_603' title='bbox 991 2164 1006 2193; x_wconf 79' lang='grc' dir='ltr'><strong>Ι</strong></span> 
     </span>
    </p>
   </div>
   <div class='ocr_carea' id='block_1_85' title="bbox 999 2164 1811 2213">
    <p class='ocr_par' dir='ltr' id='par_1_85' title="bbox 999 2164 1811 2212">
     <span class='ocr_line' id='line_1_85' title="bbox 999 2164 1811 2212; baseline -0.001 -8"><span class='ocrx_word' id='word_1_604' title='bbox 999 2164 1017 2193; x_wconf 80' lang='lat' dir='ltr'><strong>D</strong></span> <span class='ocrx_word' id='word_1_605' title='bbox 1030 2176 1189 2212; x_wconf 83' lang='lat' dir='ltr'><strong>compedes.</strong></span> <span class='ocrx_word' id='word_1_606' title='bbox 1219 2175 1293 2203; x_wconf 83' lang='lat' dir='ltr'><strong>Mitte</strong></span> <span class='ocrx_word' id='word_1_607' title='bbox 1315 2176 1392 2202; x_wconf 89' lang='lat' dir='ltr'><strong>illum</strong></span> <span class='ocrx_word' id='word_1_608' title='bbox 1410 2175 1437 2202; x_wconf 92' lang='lat' dir='ltr'><strong>in</strong></span> <span class='ocrx_word' id='word_1_609' title='bbox 1455 2176 1657 2210; x_wconf 87' lang='lat' dir='ltr'><strong>operationem,</strong></span> <span class='ocrx_word' id='word_1_610' title='bbox 1674 2183 1708 2203; x_wconf 91' lang='lat' dir='ltr'><strong>ne</strong></span> <span class='ocrx_word' id='word_1_611' title='bbox 1725 2179 1811 2204; x_wconf 82' lang='lat' dir='ltr'><strong>vacet.</strong></span> 
     </span>
    </p>
   </div>
   <div class='ocr_carea' id='block_1_86' title="bbox 191 2220 1003 2260">
    <p class='ocr_par' dir='ltr' id='par_1_86' title="bbox 191 2223 657 2260">
     <span class='ocr_line' id='line_1_86' title="bbox 191 2223 657 2260; baseline -0.004 -9"><span class='ocrx_word' id='word_1_612' title='bbox 191 2225 246 2260; x_wconf 83' lang='grc' dir='ltr'><strong>γὰρ</strong></span> <span class='ocrx_word' id='word_1_613' title='bbox 257 2225 357 2251; x_wconf 81' lang='grc' dir='ltr'><strong>κακίαν</strong></span> <span class='ocrx_word' id='word_1_614' title='bbox 368 2223 488 2256; x_wconf 76' lang='grc' dir='ltr'><strong>ἐδίδαξεν</strong></span> <span class='ocrx_word' id='word_1_615' title='bbox 503 2224 519 2258; x_wconf 81' lang='grc' dir='ltr'>ἡ</span> <span class='ocrx_word' id='word_1_616' title='bbox 535 2223 630 2257; x_wconf 84' lang='grc' dir='ltr'><strong>ἀργία.</strong></span> <span class='ocrx_word' id='word_1_617' title='bbox 647 2232 657 2249; x_wconf 71' lang='grc' dir='ltr'><strong>ι</strong></span> 
     </span>
    </p>
   </div>
   <div class='ocr_carea' id='block_1_87' title="bbox 857 2220 1669 2260">
    <p class='ocr_par' dir='ltr' id='par_1_87' title="bbox 1029 2220 1669 2248">
     <span class='ocr_line' id='line_1_87' title="bbox 1029 2220 1669 2248; baseline -0.005 0"><span class='ocrx_word' id='word_1_618' title='bbox 1029 2221 1141 2248; x_wconf 81' lang='lat' dir='ltr'><strong>Multam</strong></span> <span class='ocrx_word' id='word_1_619' title='bbox 1156 2220 1228 2248; x_wconf 91' lang='lat' dir='ltr'><strong>enim</strong></span> <span class='ocrx_word' id='word_1_620' title='bbox 1245 2220 1376 2247; x_wconf 81' lang='lat' dir='ltr'><strong>malitiam</strong></span> <span class='ocrx_word' id='word_1_621' title='bbox 1393 2220 1487 2247; x_wconf 89' lang='lat' dir='ltr'><strong>docuit</strong></span> <span class='ocrx_word' id='word_1_622' title='bbox 1504 2220 1641 2247; x_wconf 89' lang='lat' dir='ltr'><strong>otiositas.</strong></span> <span class='ocrx_word' id='word_1_623' title='bbox 1661 2230 1669 2245; x_wconf 83' lang='grc' dir='ltr'><strong>ι</strong></span> 
     </span>
    </p>
   </div>
   <div class='ocr_carea' id='block_1_88' title="bbox 230 2265 1042 2304">
    <p class='ocr_par' dir='ltr' id='par_1_88' title="bbox 230 2268 976 2304">
     <span class='ocr_line' id='line_1_88' title="bbox 230 2268 976 2304; baseline -0.004 -8"><span class='ocrx_word' id='word_1_624' title='bbox 230 2279 239 2295; x_wconf 83' lang='lat' dir='ltr'><strong>t</strong></span> <span class='ocrx_word' id='word_1_625' title='bbox 254 2270 367 2296; x_wconf 77' lang='grc' dir='ltr'>Οίκὲτου</span> <span class='ocrx_word' id='word_1_626' title='bbox 394 2268 514 2304; x_wconf 80' lang='grc' dir='ltr'><strong>πονηροῦ</strong></span> <span class='ocrx_word' id='word_1_627' title='bbox 541 2268 578 2303; x_wconf 79' lang='grc' dir='ltr'><strong>μὴ</strong></span> <span class='ocrx_word' id='word_1_628' title='bbox 591 2268 739 2302; x_wconf 82' lang='grc' dir='ltr'><strong>αἰσχυνθῇς</strong></span> <span class='ocrx_word' id='word_1_629' title='bbox 755 2268 876 2303; x_wconf 82' lang='grc' dir='ltr'><strong>πλευρὰν</strong></span> <span class='ocrx_word' id='word_1_630' title='bbox 893 2268 976 2304; x_wconf 75' lang='grc' dir='ltr'><strong>αἱμά-</strong></span> 
     </span>
    </p>
   </div>
   <div class='ocr_carea' id='block_1_89' title="bbox 1001 2265 1813 2304">
    <p class='ocr_par' dir='ltr' id='par_1_89' title="bbox 1064 2265 1813 2302">
     <span class='ocr_line' id='line_1_89' title="bbox 1064 2265 1813 2302; baseline 0.001 -10"><span class='ocrx_word' id='word_1_631' title='bbox 1064 2266 1147 2302; x_wconf 63' lang='grc'><strong>448</strong></span> <span class='ocrx_word' id='word_1_632' title='bbox 1163 2265 1246 2292; x_wconf 74' lang='lat' dir='ltr'><strong>Ectli.</strong></span> <span class='ocrx_word' id='word_1_633' title='bbox 1263 2274 1348 2297; x_wconf 71' lang='lat' dir='ltr'><strong>nvu,</strong></span> <span class='ocrx_word' id='word_1_634' title='bbox 1375 2265 1402 2292; x_wconf 81' lang='grc'><strong>5.</strong></span> <span class='ocrx_word' id='word_1_635' title='bbox 1420 2280 1454 2286; x_wconf 84' lang='lat'><strong>-—</strong></span> <span class='ocrx_word' id='word_1_636' title='bbox 1468 2274 1477 2291; x_wconf 81' lang='grc' dir='ltr'><strong>ι</strong></span> <span class='ocrx_word' id='word_1_637' title='bbox 1497 2265 1582 2293; x_wconf 90' lang='lat' dir='ltr'><strong>Servo</strong></span> <span class='ocrx_word' id='word_1_638' title='bbox 1602 2265 1722 2299; x_wconf 85' lang='lat' dir='ltr'><strong>pessimo</strong></span> <span class='ocrx_word' id='word_1_639' title='bbox 1739 2273 1771 2293; x_wconf 88' lang='lat' dir='ltr'><strong>ne</strong></span> <span class='ocrx_word' id='word_1_640' title='bbox 1787 2270 1813 2293; x_wconf 89' lang='lat' dir='ltr'><strong>te</strong></span> 
     </span>
    </p>
   </div>
   <div class='ocr_carea' id='block_1_90' title="bbox 191 2311 1003 2347">
    <p class='ocr_par' dir='ltr' id='par_1_90' title="bbox 191 2315 287 2347">
     <span class='ocr_line' id='line_1_90' title="bbox 191 2315 287 2347; baseline 0.01 -7"><span class='ocrx_word' id='word_1_641' title='bbox 191 2315 247 2347; x_wconf 80' lang='grc' dir='ltr'><strong>ξαι.</strong></span> <span class='ocrx_word' id='word_1_642' title='bbox 277 2323 287 2341; x_wconf 74' lang='grc' dir='ltr'><strong>ι</strong></span> 
     </span>
    </p>
   </div>
   <div class='ocr_carea' id='block_1_91' title="bbox 629 2311 1441 2347">
    <p class='ocr_par' dir='ltr' id='par_1_91' title="bbox 1029 2311 1441 2346">
     <span class='ocr_line' id='line_1_91' title="bbox 1029 2311 1441 2346; baseline -0.002 -9"><span class='ocrx_word' id='word_1_643' title='bbox 1029 2312 1129 2346; x_wconf 83' lang='lat' dir='ltr'><strong>pudeat</strong></span> <span class='ocrx_word' id='word_1_644' title='bbox 1147 2312 1220 2338; x_wconf 88' lang='lat' dir='ltr'><strong>latus</strong></span> <span class='ocrx_word' id='word_1_645' title='bbox 1236 2311 1413 2346; x_wconf 76' lang='lat' dir='ltr'><strong>sauguinarc.</strong></span> <span class='ocrx_word' id='word_1_646' title='bbox 1433 2320 1441 2336; x_wconf 80' lang='grc' dir='ltr'><strong>ι</strong></span> 
     </span>
    </p>
   </div>
   <div class='ocr_carea' id='block_1_92' title="bbox 223 2356 1035 2395">
    <p class='ocr_par' dir='ltr' id='par_1_92' title="bbox 223 2359 975 2395">
     <span class='ocr_line' id='line_1_92' title="bbox 223 2359 975 2395; baseline -0.001 -8"><span class='ocrx_word' id='word_1_647' title='bbox 223 2360 329 2387; x_wconf 88' lang='grc' dir='ltr'><strong>Δούλων</strong></span> <span class='ocrx_word' id='word_1_648' title='bbox 357 2360 475 2395; x_wconf 83' lang='grc' dir='ltr'><strong>ὑπάρχει</strong></span> <span class='ocrx_word' id='word_1_649' title='bbox 499 2360 592 2387; x_wconf 86' lang='grc' dir='ltr'><strong>κακῶν</strong></span> <span class='ocrx_word' id='word_1_650' title='bbox 615 2360 721 2386; x_wconf 83' lang='grc' dir='ltr'><strong>ἀθετεῖν</strong></span> <span class='ocrx_word' id='word_1_651' title='bbox 736 2359 908 2391; x_wconf 73' lang='grc' dir='ltr'><strong>δεσποτείαν,</strong></span> <span class='ocrx_word' id='word_1_652' title='bbox 928 2361 975 2386; x_wconf 72' lang='grc' dir='ltr'><strong>καὶ</strong></span> 
     </span>
    </p>
   </div>
   <div class='ocr_carea' id='block_1_93' title="bbox 997 2356 1809 2395">
    <p class='ocr_par' dir='ltr' id='par_1_93' title="bbox 1062 2356 1809 2392">
     <span class='ocr_line' id='line_1_93' title="bbox 1062 2356 1809 2392; baseline 0 -9"><span class='ocrx_word' id='word_1_653' title='bbox 1062 2357 1090 2383; x_wconf 88' lang='lat' dir='ltr'><strong>S.</strong></span> <span class='ocrx_word' id='word_1_654' title='bbox 1115 2357 1193 2392; x_wconf 77' lang='lat' dir='ltr'><strong>Greg.</strong></span> <span class='ocrx_word' id='word_1_655' title='bbox 1223 2356 1294 2383; x_wconf 76' lang='lat' dir='ltr'><strong>Nuz.</strong></span> <span class='ocrx_word' id='word_1_656' title='bbox 1323 2361 1394 2384; x_wconf 83' lang='lat' dir='ltr'><strong>orat.</strong></span> <span class='ocrx_word' id='word_1_657' title='bbox 1422 2356 1640 2384; x_wconf 67' lang='lat' dir='ltr'><strong>4.—Malorum</strong></span> <span class='ocrx_word' id='word_1_658' title='bbox 1667 2364 1809 2385; x_wconf 80' lang='lat' dir='ltr'><strong>servorum</strong></span> 
     </span>
    </p>
   </div>
   <div class='ocr_carea' id='block_1_94' title="bbox 188 2402 1000 2441">
    <p class='ocr_par' dir='ltr' id='par_1_94' title="bbox 188 2402 975 2441">
     <span class='ocr_line' id='line_1_94' title="bbox 188 2402 975 2441; baseline -0.001 -8"><span class='ocrx_word' id='word_1_659' title='bbox 188 2407 385 2433; x_wconf 77' lang='grc' dir='ltr'><strong>ἐπανίστασθαι</strong></span> <span class='ocrx_word' id='word_1_660' title='bbox 397 2402 547 2441; x_wconf 74' lang='grc' dir='ltr'><strong>κυριότητι,</strong></span> <span class='ocrx_word' id='word_1_661' title='bbox 556 2406 602 2432; x_wconf 77' lang='grc' dir='ltr'><strong>καὶ</strong></span> <span class='ocrx_word' id='word_1_662' title='bbox 617 2405 759 2440; x_wconf 83' lang='grc' dir='ltr'><strong>ὁμόδουλον</strong></span> <span class='ocrx_word' id='word_1_663' title='bbox 773 2406 878 2438; x_wconf 80' lang='grc' dir='ltr'><strong>ἑαυτοῖς</strong></span> <span class='ocrx_word' id='word_1_664' title='bbox 889 2408 975 2432; x_wconf 84' lang='grc' dir='ltr'><strong>ποιεῖν</strong></span> 
     </span>
    </p>
   </div>
   <div class='ocr_carea' id='block_1_95' title="bbox 996 2402 1808 2441">
    <p class='ocr_par' dir='ltr' id='par_1_95' title="bbox 1026 2402 1808 2438">
     <span class='ocr_line' id='line_1_95' title="bbox 1026 2402 1808 2438; baseline -0.001 -8"><span class='ocrx_word' id='word_1_665' title='bbox 1026 2408 1070 2430; x_wconf 83' lang='lat' dir='ltr'><strong>est</strong></span> <span class='ocrx_word' id='word_1_666' title='bbox 1087 2403 1235 2438; x_wconf 87' lang='lat' dir='ltr'><strong>itnperium</strong></span> <span class='ocrx_word' id='word_1_667' title='bbox 1253 2402 1380 2436; x_wconf 78' lang='lat' dir='ltr'><strong>rejicere,</strong></span> <span class='ocrx_word' id='word_1_668' title='bbox 1401 2406 1428 2429; x_wconf 87' lang='lat' dir='ltr'><strong>et</strong></span> <span class='ocrx_word' id='word_1_669' title='bbox 1444 2403 1577 2430; x_wconf 87' lang='lat' dir='ltr'><strong>adversus</strong></span> <span class='ocrx_word' id='word_1_670' title='bbox 1593 2402 1808 2430; x_wconf 87' lang='lat' dir='ltr'><strong>dominationem</strong></span> 
     </span>
    </p>
   </div>
   <div class='ocr_carea' id='block_1_96' title="bbox 186 2448 998 2489">
    <p class='ocr_par' dir='ltr' id='par_1_96' title="bbox 186 2453 399 2489">
     <span class='ocr_line' id='line_1_96' title="bbox 186 2453 399 2489; baseline 0 -9"><span class='ocrx_word' id='word_1_671' title='bbox 186 2454 233 2481; x_wconf 80' lang='grc' dir='ltr'><strong>τὸν</strong></span> <span class='ocrx_word' id='word_1_672' title='bbox 248 2453 399 2489; x_wconf 77' lang='grc' dir='ltr'><strong>ἐλεύθερον.</strong></span> 
     </span>
    </p>
   </div>
   <div class='ocr_carea' id='block_1_97' title="bbox 996 2448 1808 2489">
    <p class='ocr_par' dir='ltr' id='par_1_97' title="bbox 1027 2448 1808 2484">
     <span class='ocr_line' id='line_1_97' title="bbox 1027 2448 1808 2484; baseline 0.001 -8"><span class='ocrx_word' id='word_1_673' title='bbox 1027 2449 1184 2484; x_wconf 70' lang='lat' dir='ltr'><strong>insurgere,</strong></span> <span class='ocrx_word' id='word_1_674' title='bbox 1197 2456 1317 2483; x_wconf 81' lang='lat' dir='ltr'><strong>eumque</strong></span> <span class='ocrx_word' id='word_1_675' title='bbox 1331 2449 1378 2484; x_wconf 85' lang='lat' dir='ltr'><strong>qui</strong></span> <span class='ocrx_word' id='word_1_676' title='bbox 1390 2449 1459 2476; x_wconf 78' lang='lat' dir='ltr'><strong>liber</strong></span> <span class='ocrx_word' id='word_1_677' title='bbox 1472 2452 1525 2482; x_wconf 84' lang='lat' dir='ltr'><strong>est,</strong></span> <span class='ocrx_word' id='word_1_678' title='bbox 1539 2449 1565 2475; x_wconf 88' lang='lat' dir='ltr'><strong>in</strong></span> <span class='ocrx_word' id='word_1_679' title='bbox 1578 2448 1704 2476; x_wconf 83' lang='lat' dir='ltr'><strong>servilem</strong></span> <span class='ocrx_word' id='word_1_680' title='bbox 1716 2457 1808 2477; x_wconf 88' lang='lat' dir='ltr'><strong>secum</strong></span> 
     </span>
    </p>
   </div>
   <div class='ocr_carea' id='block_1_98' title="bbox 1025 2494 1306 2529">
    <p class='ocr_par' dir='ltr' id='par_1_98' title="bbox 1025 2494 1306 2529">
     <span class='ocr_line' id='line_1_98' title="bbox 1025 2494 1306 2529; baseline -0.007 -7"><span class='ocrx_word' id='word_1_681' title='bbox 1025 2495 1152 2522; x_wconf 86' lang='lat' dir='ltr'><strong>ordinem</strong></span> <span class='ocrx_word' id='word_1_682' title='bbox 1173 2494 1306 2529; x_wconf 81' lang='lat' dir='ltr'><strong>redigere.</strong></span> 
     </span>
    </p>
   </div>
   <div class='ocr_carea' id='block_1_99' title="bbox 221 2539 1033 2578">
    <p class='ocr_par' dir='ltr' id='par_1_99' title="bbox 221 2539 973 2578">
     <span class='ocr_line' id='line_1_99' title="bbox 221 2539 973 2578; baseline -0.003 -9"><span class='ocrx_word' id='word_1_683' title='bbox 221 2542 315 2575; x_wconf 73' lang='grc' dir='ltr'><strong>Οὐδεὶς</strong></span> <span class='ocrx_word' id='word_1_684' title='bbox 329 2541 417 2575; x_wconf 75' lang='grc' dir='ltr'><strong>οὕτως</strong></span> <span class='ocrx_word' id='word_1_685' title='bbox 433 2542 565 2578; x_wconf 76' lang='grc' dir='ltr'><strong>μέμηνεν,</strong></span> <span class='ocrx_word' id='word_1_686' title='bbox 597 2542 635 2574; x_wconf 81' lang='grc' dir='ltr'><strong>ὡς</strong></span> <span class='ocrx_word' id='word_1_687' title='bbox 659 2541 752 2574; x_wconf 84' lang='grc' dir='ltr'><strong>δοῦλος</strong></span> <span class='ocrx_word' id='word_1_688' title='bbox 768 2541 816 2575; x_wconf 82' lang='grc' dir='ltr'><strong>ὢν,</strong></span> <span class='ocrx_word' id='word_1_689' title='bbox 837 2539 973 2568; x_wconf 75' lang='grc' dir='ltr'><strong>ἐναντιοῦ-</strong></span> 
     </span>
    </p>
   </div>
   <div class='ocr_carea' id='block_1_100' title="bbox 995 2539 1807 2578">
    <p class='ocr_par' dir='ltr' id='par_1_100' title="bbox 1060 2539 1807 2575">
     <span class='ocr_line' id='line_1_100' title="bbox 1060 2539 1807 2575; baseline 0.001 -8"><span class='ocrx_word' id='word_1_690' title='bbox 1060 2540 1192 2568; x_wconf 74' lang='lat' dir='ltr'><strong>Philonis.</strong></span> <span class='ocrx_word' id='word_1_691' title='bbox 1210 2555 1244 2560; x_wconf 91' lang='lat'><strong>——-</strong></span> <span class='ocrx_word' id='word_1_692' title='bbox 1255 2539 1352 2568; x_wconf 86' lang='lat' dir='ltr'><strong>Nullus</strong></span> <span class='ocrx_word' id='word_1_693' title='bbox 1370 2540 1407 2567; x_wconf 82' lang='lat' dir='ltr'><strong>ita</strong></span> <span class='ocrx_word' id='word_1_694' title='bbox 1424 2540 1540 2568; x_wconf 87' lang='lat' dir='ltr'><strong>insanus</strong></span> <span class='ocrx_word' id='word_1_695' title='bbox 1566 2545 1618 2574; x_wconf 86' lang='lat' dir='ltr'><strong>est,</strong></span> <span class='ocrx_word' id='word_1_696' title='bbox 1633 2545 1664 2567; x_wconf 95' lang='lat' dir='ltr'><strong>ut</strong></span> <span class='ocrx_word' id='word_1_697' title='bbox 1675 2540 1733 2575; x_wconf 88' lang='lat' dir='ltr'><strong>qui,</strong></span> <span class='ocrx_word' id='word_1_698' title='bbox 1750 2548 1807 2568; x_wconf 91' lang='lat' dir='ltr'><strong>ser-</strong></span> 
     </span>
    </p>
   </div>
   <div class='ocr_carea' id='block_1_101' title="bbox 185 2585 997 2624">
    <p class='ocr_par' dir='ltr' id='par_1_101' title="bbox 185 2587 390 2624">
     <span class='ocr_line' id='line_1_101' title="bbox 185 2587 390 2624; baseline 0 -10"><span class='ocrx_word' id='word_1_699' title='bbox 185 2588 247 2614; x_wconf 65' lang='grc' dir='ltr'><strong>σἹαι</strong></span> <span class='ocrx_word' id='word_1_700' title='bbox 259 2587 390 2624; x_wconf 83' lang='grc' dir='ltr'><strong>δεσπότῃ.</strong></span> 
     </span>
    </p>
   </div>
   <div class='ocr_carea' id='block_1_102' title="bbox 893 2585 1705 2624">
    <p class='ocr_par' dir='ltr' id='par_1_102' title="bbox 1027 2585 1705 2619">
     <span class='ocr_line' id='line_1_102' title="bbox 1027 2585 1705 2619; baseline 0.001 -6"><span class='ocrx_word' id='word_1_701' title='bbox 1027 2594 1077 2614; x_wconf 87' lang='lat' dir='ltr'><strong>vus</strong></span> <span class='ocrx_word' id='word_1_702' title='bbox 1092 2593 1154 2613; x_wconf 86' lang='lat' dir='ltr'><strong>cum</strong></span> <span class='ocrx_word' id='word_1_703' title='bbox 1166 2585 1215 2619; x_wconf 88' lang='lat' dir='ltr'><strong>sit,</strong></span> <span class='ocrx_word' id='word_1_704' title='bbox 1228 2586 1368 2614; x_wconf 80' lang='lat' dir='ltr'><strong>adversari</strong></span> <span class='ocrx_word' id='word_1_705' title='bbox 1386 2586 1498 2614; x_wconf 88' lang='lat' dir='ltr'><strong>domino</strong></span> <span class='ocrx_word' id='word_1_706' title='bbox 1514 2594 1569 2614; x_wconf 89' lang='lat' dir='ltr'><strong>nou</strong></span> <span class='ocrx_word' id='word_1_707' title='bbox 1588 2592 1705 2615; x_wconf 83' lang='lat' dir='ltr'><strong>veretur.</strong></span> 
     </span>
    </p>
   </div>
   <div class='ocr_carea' id='block_1_103' title="bbox 266 2663 1078 2702">
    <p class='ocr_par' dir='ltr' id='par_1_103' title="bbox 266 2665 887 2702">
     <span class='ocr_line' id='line_1_103' title="bbox 266 2665 887 2702; baseline 0 -9"><span class='ocrx_word' id='word_1_708' title='bbox 266 2666 358 2694; x_wconf 86' lang='lat' dir='ltr'><strong>TlTA.</strong></span> <span class='ocrx_word' id='word_1_709' title='bbox 374 2667 439 2694; x_wconf 80' lang='lat' dir='ltr'><strong>KB’.</strong></span> <span class='ocrx_word' id='word_1_710' title='bbox 452 2681 487 2687; x_wconf 80' lang='lat'><strong>--</strong></span> <span class='ocrx_word' id='word_1_711' title='bbox 501 2665 572 2701; x_wconf 73' lang='grc' dir='ltr'><strong>Περὶ</strong></span> <span class='ocrx_word' id='word_1_712' title='bbox 587 2666 887 2702; x_wconf 67' lang='grc' dir='ltr'><strong>δυσαρεστουμένοηπ.</strong></span> 
     </span>
    </p>
   </div>
   <div class='ocr_carea' id='block_1_104' title="bbox 804 2663 1616 2702">
    <p class='ocr_par' dir='ltr' id='par_1_104' title="bbox 804 2663 1616 2693">
     <span class='ocr_line' id='line_1_104' title="bbox 804 2663 1616 2693; baseline -0.001 0"><span class='ocrx_word' id='word_1_713' title='bbox 804 2666 887 2693; x_wconf 77' lang='grc' dir='ltr'><strong>ἔνων.</strong></span> <span class='ocrx_word' id='word_1_714' title='bbox 1209 2663 1277 2691; x_wconf 83' lang='grc' dir='ltr'><strong>ΤΙΤ.</strong></span> <span class='ocrx_word' id='word_1_715' title='bbox 1293 2663 1374 2691; x_wconf 70' lang='lat' dir='ltr'><strong>XXII.</strong></span> <span class='ocrx_word' id='word_1_716' title='bbox 1391 2679 1424 2686; x_wconf 90' lang='lat'><strong><em>—</em></strong></span> <span class='ocrx_word' id='word_1_717' title='bbox 1441 2664 1478 2692; x_wconf 89' lang='lat' dir='ltr'><strong>De</strong></span> <span class='ocrx_word' id='word_1_718' title='bbox 1493 2665 1616 2692; x_wconf 68' lang='lat' dir='ltr'><strong>moratis.</strong></span> 
     </span>
    </p>
   </div>
   <div class='ocr_carea' id='block_1_105' title="bbox 227 2719 1039 2759">
    <p class='ocr_par' dir='ltr' id='par_1_105' title="bbox 227 2719 842 2759">
     <span class='ocr_line' id='line_1_105' title="bbox 227 2719 842 2759; baseline 0.003 -11"><span class='ocrx_word' id='word_1_719' title='bbox 227 2731 236 2747; x_wconf 83' lang='grc' dir='ltr'><strong>ι</strong></span> <span class='ocrx_word' id='word_1_720' title='bbox 256 2719 293 2749; x_wconf 72' lang='grc' dir='ltr'><strong><em>Ὠ</em></strong></span> <span class='ocrx_word' id='word_1_721' title='bbox 306 2723 331 2749; x_wconf 77' lang='grc' dir='ltr'><strong>οἱ</strong></span> <span class='ocrx_word' id='word_1_722' title='bbox 346 2723 557 2759; x_wconf 85' lang='grc' dir='ltr'><strong>εὐφραινόμενοι</strong></span> <span class='ocrx_word' id='word_1_723' title='bbox 567 2724 611 2750; x_wconf 75' lang='grc' dir='ltr'><strong>ἐπ’</strong></span> <span class='ocrx_word' id='word_1_724' title='bbox 626 2724 714 2751; x_wconf 77' lang='grc' dir='ltr'><strong>οὐδενὶ</strong></span> <span class='ocrx_word' id='word_1_725' title='bbox 730 2723 812 2759; x_wconf 85' lang='grc' dir='ltr'><strong>λόγῳ.</strong></span> <span class='ocrx_word' id='word_1_726' title='bbox 832 2732 842 2750; x_wconf 74' lang='grc' dir='ltr'><strong>ι</strong></span> 
     </span>
    </p>
   </div>
   <div class='ocr_carea' id='block_1_106' title="bbox 993 2719 1805 2759">
    <p class='ocr_par' dir='ltr' id='par_1_106' title="bbox 1058 2721 1805 2757">
     <span class='ocr_line' id='line_1_106' title="bbox 1058 2721 1805 2757; baseline 0.003 -9"><span class='ocrx_word' id='word_1_727' title='bbox 1058 2728 1138 2748; x_wconf 76' lang='lat' dir='ltr'><strong>Amos</strong></span> <span class='ocrx_word' id='word_1_728' title='bbox 1154 2729 1191 2753; x_wconf 87' lang='lat' dir='ltr'><strong>Vl,</strong></span> <span class='ocrx_word' id='word_1_729' title='bbox 1203 2722 1244 2748; x_wconf 69' lang='grc'><strong>14.</strong></span> <span class='ocrx_word' id='word_1_730' title='bbox 1257 2737 1290 2742; x_wconf 86' lang='lat'>—</span> <span class='ocrx_word' id='word_1_731' title='bbox 1306 2731 1315 2746; x_wconf 77' lang='grc' dir='ltr'><strong>ι</strong></span> <span class='ocrx_word' id='word_1_732' title='bbox 1329 2721 1405 2757; x_wconf 91' lang='lat' dir='ltr'><strong>Oqui</strong></span> <span class='ocrx_word' id='word_1_733' title='bbox 1420 2723 1549 2750; x_wconf 65' lang='lat' dir='ltr'><strong>laatamini</strong></span> <span class='ocrx_word' id='word_1_734' title='bbox 1563 2723 1589 2750; x_wconf 95' lang='lat' dir='ltr'><strong>in</strong></span> <span class='ocrx_word' id='word_1_735' title='bbox 1605 2724 1680 2752; x_wconf 86' lang='lat' dir='ltr'><strong>nullo</strong></span> <span class='ocrx_word' id='word_1_736' title='bbox 1689 2724 1782 2752; x_wconf 89' lang='lat' dir='ltr'><strong>verbo.</strong></span> <span class='ocrx_word' id='word_1_737' title='bbox 1795 2732 1805 2750; x_wconf 86' lang='lat' dir='ltr'><strong>I</strong></span> 
     </span>
    </p>
   </div>
   <div class='ocr_carea' id='block_1_107' title="bbox 225 2766 1037 2804">
    <p class='ocr_par' dir='ltr' id='par_1_107' title="bbox 225 2767 974 2804">
     <span class='ocr_line' id='line_1_107' title="bbox 225 2767 974 2804; baseline -0.001 -9"><span class='ocrx_word' id='word_1_738' title='bbox 225 2777 234 2794; x_wconf 77' lang='grc' dir='ltr'><strong>ι</strong></span> <span class='ocrx_word' id='word_1_739' title='bbox 251 2768 311 2796; x_wconf 87' lang='grc' dir='ltr'><strong>Τίνι</strong></span> <span class='ocrx_word' id='word_1_740' title='bbox 325 2769 453 2804; x_wconf 80' lang='grc' dir='ltr'><strong>ὁμοιώσω</strong></span> <span class='ocrx_word' id='word_1_741' title='bbox 466 2770 529 2801; x_wconf 82' lang='grc' dir='ltr'><strong>τοὺς</strong></span> <span class='ocrx_word' id='word_1_742' title='bbox 544 2768 703 2804; x_wconf 74' lang='grc' dir='ltr'><strong>ἀνθρώπους</strong></span> <span class='ocrx_word' id='word_1_743' title='bbox 723 2771 772 2804; x_wconf 83' lang='grc' dir='ltr'><strong>τῆς</strong></span> <span class='ocrx_word' id='word_1_744' title='bbox 788 2769 884 2804; x_wconf 82' lang='grc' dir='ltr'><strong>γενεᾶς</strong></span> <span class='ocrx_word' id='word_1_745' title='bbox 903 2767 974 2795; x_wconf 72' lang='grc' dir='ltr'><strong>ταὺο</strong></span> 
     </span>
    </p>
   </div>
   <div class='ocr_carea' id='block_1_108' title="bbox 994 2766 1806 2804">
    <p class='ocr_par' dir='ltr' id='par_1_108' title="bbox 1060 2766 1806 2799">
     <span class='ocr_line' id='line_1_108' title="bbox 1060 2766 1806 2799; baseline 0.005 -5"><span class='ocrx_word' id='word_1_746' title='bbox 1060 2766 1124 2794; x_wconf 85' lang='lat' dir='ltr'><strong>Luc.</strong></span> <span class='ocrx_word' id='word_1_747' title='bbox 1158 2775 1207 2799; x_wconf 87' lang='lat' dir='ltr'><strong>vn,</strong></span> <span class='ocrx_word' id='word_1_748' title='bbox 1228 2767 1324 2795; x_wconf 73' lang='grc'><strong>51-54.</strong></span> <span class='ocrx_word' id='word_1_749' title='bbox 1343 2783 1377 2796; x_wconf 90' lang='lat'><strong>—.</strong></span> <span class='ocrx_word' id='word_1_750' title='bbox 1396 2778 1405 2794; x_wconf 85' lang='grc' dir='ltr'><strong>ι</strong></span> <span class='ocrx_word' id='word_1_751' title='bbox 1419 2769 1470 2796; x_wconf 87' lang='lat' dir='ltr'><strong>Cui</strong></span> <span class='ocrx_word' id='word_1_752' title='bbox 1485 2769 1590 2799; x_wconf 88' lang='lat' dir='ltr'><strong>situiles</strong></span> <span class='ocrx_word' id='word_1_753' title='bbox 1611 2771 1700 2799; x_wconf 81' lang='lat' dir='ltr'><strong>dicam</strong></span> <span class='ocrx_word' id='word_1_754' title='bbox 1718 2771 1806 2799; x_wconf 85' lang='lat' dir='ltr'><strong>homi-</strong></span> 
     </span>
    </p>
   </div>
   <div class='ocr_carea' id='block_1_109' title="bbox 191 2813 1003 2854">
    <p class='ocr_par' dir='ltr' id='par_1_109' title="bbox 191 2814 968 2854">
     <span class='ocr_line' id='line_1_109' title="bbox 191 2814 968 2854; baseline -0.001 -12"><span class='ocrx_word' id='word_1_755' title='bbox 191 2821 257 2853; x_wconf 67' lang='grc' dir='ltr'><strong>τηςι</strong></span> <span class='ocrx_word' id='word_1_756' title='bbox 275 2814 382 2851; x_wconf 86' lang='grc' dir='ltr'><strong>Ὅμοιοὶ</strong></span> <span class='ocrx_word' id='word_1_757' title='bbox 405 2816 458 2843; x_wconf 77' lang='grc' dir='ltr'><strong>εισι</strong></span> <span class='ocrx_word' id='word_1_758' title='bbox 472 2815 603 2854; x_wconf 34' lang='grc' dir='ltr'><strong>όπαιδίοις</strong></span> <span class='ocrx_word' id='word_1_759' title='bbox 627 2816 656 2843; x_wconf 78' lang='grc' dir='ltr'><strong>ὲν</strong></span> <span class='ocrx_word' id='word_1_760' title='bbox 682 2816 769 2852; x_wconf 80' lang='grc' dir='ltr'><strong>ἁγορᾷ</strong></span> <span class='ocrx_word' id='word_1_761' title='bbox 793 2815 968 2849; x_wconf 81' lang='grc' dir='ltr'><strong>καθημένοις,</strong></span> 
     </span>
    </p>
   </div>
   <div class='ocr_carea' id='block_1_110' title="bbox 994 2813 1806 2854">
    <p class='ocr_par' dir='ltr' id='par_1_110' title="bbox 1024 2813 1806 2853">
     <span class='ocr_line' id='line_1_110' title="bbox 1024 2813 1806 2853; baseline 0.008 -13"><span class='ocrx_word' id='word_1_762' title='bbox 1024 2821 1072 2842; x_wconf 84' lang='lat' dir='ltr'><strong>nes</strong></span> <span class='ocrx_word' id='word_1_763' title='bbox 1090 2813 1273 2848; x_wconf 79' lang='lat' dir='ltr'><strong>generationis</strong></span> <span class='ocrx_word' id='word_1_764' title='bbox 1292 2813 1397 2850; x_wconf 83' lang='lat' dir='ltr'><strong>hujus?</strong></span> <span class='ocrx_word' id='word_1_765' title='bbox 1408 2813 1519 2847; x_wconf 83' lang='lat' dir='ltr'><strong>Similes</strong></span> <span class='ocrx_word' id='word_1_766' title='bbox 1530 2821 1594 2845; x_wconf 84' lang='lat' dir='ltr'><strong>sunt</strong></span> <span class='ocrx_word' id='word_1_767' title='bbox 1605 2817 1698 2853; x_wconf 88' lang='lat' dir='ltr'><strong>pueris</strong></span> <span class='ocrx_word' id='word_1_768' title='bbox 1709 2816 1806 2846; x_wconf 49' lang='lat' dir='ltr'><strong>seden‘</strong></span> 
     </span>
    </p>
   </div>
  </div>
