2056 3113
258 127 326 161 1403

847 124 877 154 S.
898 119 1058 153 JOANNIS
1069 118 1284 149 DAMASCENI

1809 117 1881 150 HM

254 187 329 214 tibus
341 185 368 211 in
387 184 459 216 foro,
475 188 503 211 et
516 181 696 217 loquentibus
710 181 744 208 ad
759 181 887 212 invicem,
903 184 930 207 et
944 179 1037 207 dicen-

1100 175 1138 201 ιαὶ
1154 173 1363 210 προσφωνοῦσιν
1392 173 1535 208 ἀλλήλους,
1563 173 1612 199 καὶ
1627 172 1752 207 λέγουσιν
1762 181 1769 188 ”
1783 174 1876 209 Ηύλή-

254 232 330 259 tibus
350 239 358 258 :
373 228 554 257 Cantavimus
569 227 648 255 vobis
662 227 750 259 tibiis,
766 231 793 254 et
816 234 870 253 nou
889 225 1015 253 saltastis
1030 232 1036 250 :

256 275 477 306 lamentavimus,
505 277 533 302 et
549 280 604 300 non
635 273 804 308 ploravistis.
825 271 906 299 Venit
917 271 1039 298 Joannes

248 321 389 356 Baptista.
407 327 499 355 neque
515 319 698 352 manducans,
723 327 814 353 neque
832 318 942 350 bibens,
957 321 985 345 et
998 317 1039 344 di-

255 370 346 394 cunt:
375 365 545 393 Daemonium
572 364 663 391 habet.
694 363 774 392 Venit
808 363 894 390 Filius
921 362 1040 390 hominis

256 411 428 438 manducans
447 414 473 437 et
493 409 602 443 bibens,
617 414 643 436 et
666 408 763 436 dicunt
780 417 788 435 :
810 408 880 436 Ecce
894 408 976 436 homo
987 415 1038 435 vo-

257 460 342 487 rator,
369 460 398 483 et
415 456 514 483 bibens
539 455 645 489 vinum,
671 455 775 483 amicus
791 455 1001 490 publicanorum
1013 459 1041 483 et

258 507 444 538 peccatorum.

259 580 327 608 TIT.
340 580 434 607 XXIII.
447 595 482 600 --
499 579 536 606 De
554 580 585 606 iis
598 579 749 614 quiduplici
767 579 855 606 animo
866 583 938 610 sunt,
954 579 1043 606 vario-

293 624 341 649 que
371 615 493 647 consilio,
511 619 535 641 et
550 613 712 641 iuceustanti
729 619 825 646 mente,
839 622 870 640 ac
887 613 967 648 facile
986 623 1043 641 mtt-

294 655 394 677 tantur.

298 717 362 744 Osee
376 725 430 750 vn,
448 717 492 745 tl.
509 732 543 737 ——-
561 727 570 743 ι
591 716 738 753 Ᾱῐεγριυηι
762 716 937 749 invocabant,
961 721 989 744 et
1009 717 1044 745 ad

259 763 391 798 Assyrios
408 762 546 790 abierunt.
565 772 574 788 )

298 808 379 836 Eccli.
395 816 426 840 ιι,
453 809 497 835 M.
511 823 545 829 —
563 818 571 834 I
593 807 640 835 Vae
658 809 762 843 duplici
786 808 880 841 corde,
902 812 928 836 et
944 815 1043 843 pecca-

260 854 314 880 turi
328 853 493 888 ingredienti
510 846 580 881 duas
595 854 664 881 vias.
684 864 693 880 ι

298 897 382 926 Eccli.
396 906 416 930 ι,
428 898 473 925 56.
488 913 522 919 —
541 907 550 924 ‹
577 897 616 926 Ne
641 898 791 926 accesseris
809 898 841 925 ad
855 907 917 926 eum
940 899 1043 934 duplici

262 943 352 971 corde.
370 953 380 970 ι

298 988 382 1016 Eccli.
395 990 481 1021 xxvui,
499 990 542 1016 I2.
555 1005 588 1010 —
609 998 618 1015 ι
641 990 745 1018 Slultus
762 994 791 1017 ut
802 991 864 1017 luna
881 993 1013 1017 mutatur.
1034 1000 1042 1015 ι
1079 997 1085 1002 ”

298 1033 380 1060 Εεείὶ.
400 1042 440 1067 ιιι,
456 1035 500 1061 28.
514 1050 546 1054 —
564 1044 572 1060 ι
585 1034 639 1062 Cor
654 1035 813 1070 ingrediens
825 1035 894 1063 duas
909 1035 978 1067 vias.
992 1043 1046 1062 non

263 1079 374 1106 habebit
391 1087 549 1107 successus.
568 1090 578 1106 ι

300 1124 384 1152 Ετείὶ.
405 1133 480 1158 χχιι,
497 1126 578 1153 31.-
595 1135 605 1152 ‹
622 1126 683 1154 Vita
712 1134 831 1162 nequam
858 1127 892 1154 de
923 1128 1005 1155 domo
1020 1127 1048 1155 in

262 1171 374 1198 domum
393 1181 399 1198 :
415 1175 442 1199 et
459 1179 514 1199 non
527 1172 676 1206 habitabit,
690 1181 778 1208 neque
792 1174 895 1208 operiet
905 1182 946 1201 os.
967 1184 976 1200 ι

298 1215 378 1243 Zuch.
397 1225 453 1249 vni,
474 1218 514 1244 I0.
532 1232 568 1237 ——
582 1227 591 1243 α
603 1218 759 1253 Egredienti
771 1224 799 1246 et
813 1219 973 1254 ingredienti
995 1227 1047 1247 non

261 1263 313 1289 erit
324 1270 374 1297 pax
389 1270 442 1297 pra:
452 1264 638 1292 tribulatione.
653 1274 664 1291 ι

297 1307 360 1335 Jac.
387 1317 406 1340 ι,
424 1310 450 1337 8.
468 1324 503 1332 σ-
523 1319 532 1336 ε
553 1310 601 1337 Vir
625 1310 723 1346 duplex
749 1313 858 1345 animo,
890 1313 1050 1340 inconstans
1102 1338 1106 1340 Α

262 1358 304 1380 est
324 1354 350 1380 in
364 1354 493 1382 omnibus
506 1356 558 1383 viis
571 1357 640 1383 suis.
654 1367 664 1382 ι

300 1398 391 1426 (ﬁatut.
413 1407 440 1432 v,
451 1400 477 1426 7.
488 1414 523 1420 —
542 1410 551 1426 ι
572 1401 729 1430 Currebatis
740 1402 809 1430 bene
825 1412 831 1430 :
852 1403 915 1437 quis
932 1411 981 1431 vos
996 1403 1049 1431 im-

264 1443 369 1478 pedivit
385 1444 496 1472 veritati
514 1453 568 1473 non
588 1446 723 1474 obedire?
741 1457 751 1473 ι

301 1487 332 1515 S.
346 1488 455 1517 Basilii.
465 1505 502 1510 —
517 1491 639 1524 Quorum
653 1500 730 1521 mens
747 1494 779 1522 ad
796 1495 974 1527 multationem
986 1502 1048 1530 pro—
1060 1506 1082 1535 ο

265 1541 351 1568 pensa
371 1538 425 1567 est,
442 1543 497 1563 non
512 1541 555 1564 est
581 1545 596 1564 a
610 1538 718 1583 ratione
743 1538 952 1566 dissentaneum
979 1540 1047 1575 quin

263 1580 319 1606 vita
332 1587 443 1616 quoque
461 1582 583 1616 ipsorum
600 1580 655 1610 non
674 1584 710 1611 sit
723 1584 862 1611 ordinata.

303 1625 396 1660 Ejuad.
416 1626 542 1661 Epirum!
558 1628 688 1664 Patroph.
714 1645 749 1650 —
765 1629 897 1658 Homines
925 1630 1048 1658 nubibus

265 1672 369 1700 similes
395 1678 470 1705 sunt,
487 1681 547 1708 qua:
565 1678 648 1709 prout
664 1675 847 1703 immutantur
858 1676 942 1709 venti,
975 1685 1049 1704 nunc

265 1717 298 1745 ad
313 1718 395 1750 hanc,
413 1726 487 1746 nunc
507 1719 539 1746 ad
555 1720 628 1747 illam
661 1722 734 1749 aeris
755 1722 894 1756 regionem
912 1723 1048 1750 feruntur.

299 1763 330 1790 S.
362 1762 440 1799 (ἔνθα.
473 1763 544 1792 Naz.
563 1770 632 1792 orat.
650 1766 677 1798 Ι,
703 1766 740 1794 De
775 1774 848 1800 pace.
866 1767 996 1796 —Leves
1024 1772 1051 1796 et

266 1809 383 1837 stolidos
393 1817 441 1838 eos
475 1818 538 1838 esse
555 1818 712 1844 censemus,
727 1813 774 1847 qui
796 1812 876 1841 facile
890 1813 918 1840 in
943 1817 1050 1841 utram-

266 1863 320 1889 que
334 1859 440 1889 partetn
456 1855 595 1889 feruntur,
624 1857 840 1893 ditabunturque
857 1866 864 1884 :
880 1866 936 1886 non
967 1867 1049 1888 secus

266 1908 298 1928 ac
314 1901 505 1930 inconstantes
529 1903 617 1935 venti,
644 1908 691 1930 aut
711 1904 868 1939 euriporum
883 1906 1050 1935 mulationes

264 1950 293 1972 et
309 1945 554 1980 reeiproeationes,
567 1951 615 1974 aut
628 1948 767 1976 instabilis
781 1949 867 1977 maris
888 1949 997 1979 ﬂuetus.

300 1991 433 2019 Philonis.
451 2008 486 2013 —-
501 1993 610 2021 Stultus
628 1994 705 2021 nulla
719 2002 749 2022 re
768 1995 921 2023 consistere
951 1999 1050 2030 potest,

265 2037 442 2073 pendulaque
457 2043 501 2066 est
526 2039 614 2074 ipsius
631 2040 723 2069 omnis
748 2041 815 2074 vita,
834 2048 886 2069 nec
901 2041 957 2069 ullo
973 2042 1052 2069 ﬁrmo

265 2083 351 2118 gradu
366 2083 463 2112 deﬁxa.

302 2128 470 2164 Evagrii.—
487 2129 583 2158 Planta
612 2139 673 2166 qua:
698 2132 860 2167 frequenter
884 2138 910 2160 et
941 2132 1052 2161 assidue

265 2174 327 2202 loco
343 2179 477 2208 mutatur,
490 2184 546 2204 nou
559 2177 621 2204 edet
638 2177 769 2205 fructum.

266 2253 348 2289 M9
362 2254 434 2295 ’ΠΤ-¹
446 2254 593 2295 X_XlV._——
609 2257 646 2295 De
656 2257 742 2295 gloria
754 2262 779 2284 et
795 2257 914 2290 honore;
931 2258 1052 2295 quodque

407 2289 521 2324 gloriam
538 2290 605 2317 dare
619 2289 696 2318 altéri
708 2300 761 2319 non
777 2298 904 2327 oporteat.

301 2354 407 2382 Barac/1
437 2357 513 2389 n33.
533 2372 569 2377 —-
590 2367 602 2383 ‹
635 2358 674 2386 Ne
707 2359 802 2388 tradas
832 2361 910 2389 alteri
935 2362 1050 2397 gloriam

267 2404 353 2433 tuam,
370 2407 466 2438 etquae
480 2403 528 2430 tibi
549 2405 718 2432 conVeniunt
733 2406 808 2442 genti
828 2407 935 2435 alienm.
950 2417 962 2434 ι

302 2446 360 2473 Isa.
376 2447 476 2481 mus.
488 2464 521 2468 —
535 2458 544 2474 ‹
563 2449 684 2477 Gloriam
697 2459 785 2478 meam
798 2451 876 2479 alteri
885 2459 940 2480 non
951 2452 1048 2480 ἀπο.»

303 2502 386 2529 Eccli.
399 2511 496 2536 uxr",
514 2504 560 2537 2i,
573 2504 619 2539 24,
634 2505 680 2533 20.
703 2520 731 2525 -
751 2515 760 2531 ι
776 2505 845 2533 Dum
863 2505 952 2533 adhuc
971 2506 1050 2538 vivis,

268 2552 292 2575 et
304 2549 473 2584 spiraculum
485 2553 527 2577 est
543 2550 571 2577 in
583 2555 620 2582 le,
634 2558 669 2578 ne
685 2555 774 2578 mutes
787 2551 908 2586 teipsum
927 2551 956 2578 in
977 2552 1052 2579 omni

267 2603 359 2622 carne.
376 2594 474 2622 Melius
491 2599 533 2623 est
544 2596 617 2624 enim
633 2599 664 2623 ut
676 2596 723 2623 lilii
751 2600 779 2624 te
797 2599 905 2632 rogent,
917 2604 999 2631 quam
1021 2602 1050 2625 nt

268 2640 326 2674 ipse
347 2640 482 2675 respicias
500 2641 528 2668 in
556 2649 655 2670 manus
682 2641 802 2670 ﬁliorum
834 2647 954 2680 tuorum,
971 2646 998 2670 et
1024 2643 1052 2671 in

270 2689 394 2719 tempore
422 2687 520 2714 mortis
550 2686 686 2715 distribue
709 2687 907 2715 haereditatem.
930 2687 1012 2720 Filio,
1026 2693 1053 2716 et

271 2730 391 2762 mulieri,
411 2736 439 2759 et
453 2734 553 2765 amico,
571 2736 599 2760 et
614 2733 702 2766 fratri,
720 2741 752 2761 ne
764 2733 813 2761 des
829 2737 990 2768 potestatem
1005 2742 1052 2761 su-

275 2780 323 2805 per
336 2778 362 2801 te
377 2775 404 2802 in
420 2777 475 2803 vita
487 2781 545 2804 tua.
563 2777 601 2805 Ne
616 2778 664 2805 des
678 2778 757 2804 alteri
772 2777 886 2812 gloriam
907 2781 992 2810 luam,
1007 2786 1052 2810 ne,

274 2818 298 2846 Si
319 2824 344 2846 Ic
357 2822 496 2855 Pmniteal,
516 2824 673 2859 depreceris
688 2832 735 2858 pro
751 2824 814 2851 illis.
832 2833 840 2848 ι

1091 229 1176 256 σαμεν
1203 221 1284 255 ὑμῖν,
1323 220 1367 247 καὶ
1396 220 1446 246 οὐκ
1481 218 1658 255 ὠρχήσασθε·
1687 219 1879 255 ἐθρηνήσαμεν

1090 266 1164 301 ὑμῖν,
1180 266 1226 293 καὶ
1239 265 1288 292 οὐκ
1312 265 1474 292 ἐκλαύσατε.
1498 264 1624 300 Ἐλήλυθε
1648 264 1702 299 γὰρ
1721 264 1846 299 Ἰωάννης
1861 265 1879 291 ὁ

1089 311 1254 347 Βαπτιστής,
1274 312 1344 347 μήτε
1356 311 1465 342 ἐσθίων,
1484 311 1554 346 μήτε
1573 310 1668 343 πίνων,
1692 310 1876 344 καίιλέγουσι·

1090 358 1232 394 Δαιμόνιον
1246 358 1313 394 ἔχει.
1329 356 1431 384 Ἦλθεν
1445 358 1459 384 ὁ
1482 357 1545 388 Υἱὸς
1559 356 1606 383 τοῦ
1621 356 1764 392 ἀνθρώπου
1778 357 1878 383 ἐσθίων

1090 405 1139 433 καὶ
1163 405 1248 432 πίνων
1261 425 1270 437 ,
1306 405 1353 432 καὶ
1377 404 1517 438 λέγουσιν·
1538 403 1603 430 Ἰδοὺ
1616 403 1759 439 ἄνθρωπος
1779 404 1878 437 φάγος,

1091 452 1138 479 καὶ
1151 452 1304 487 οἰνοπότης,
1324 450 1448 478 τελωνῶν
1459 450 1534 485 φίλος
1548 450 1595 477 καὶ
1612 449 1793 485 ἁμαρτωλῶν.
1811 458 1822 476 ι

1093 573 1185 600 ΤΙΤΛ.
1205 573 1269 600 KI".
1285 590 1319 594 —
1333 574 1403 608 Περὶ
1417 574 1565 609 διψύχων,
1584 575 1633 602 καί
1653 575 1879 609 παλιμσούλων,

1129 609 1178 648 ut}!
1201 609 1411 636 ἀστατούντων
1434 609 1492 644 τὴν
1511 609 1645 645 γνώμην,
1675 610 1725 637 καὶ
1752 612 1880 645 μεταϐα-

1128 651 1198 671 των.

1132 719 1142 735 ε
1158 709 1295 744 Αἴγυπτον
1313 710 1504 744 ἐπεκαλοῦντο,
1520 711 1567 738 καὶ
1584 712 1624 743 είς
1644 711 1802 748 Ἀσσυρίους
1816 713 1882 740 ἐπο-

1098 755 1242 790 ρεύθησαν.
1258 765 1268 782 ι

1135 810 1144 826 ι
1165 801 1234 828 Οὐαὶ
1243 801 1343 837 καρδίᾳ
1355 802 1444 838 δισσῇ,
1467 803 1513 830 καὶ
1528 803 1682 839 ἁμαρτωλῷ
1703 803 1882 839 amazonam.

1060 841 1083 869 Β
1097 845 1142 872 ἐπὶ
1153 845 1200 872 δύο
1214 846 1334 882 τρίϐους.
1351 857 1360 872 ›

1133 902 1142 918 ι
1158 893 1203 929 Μὴ
1215 893 1368 930 προσέλθῃς
1380 894 1479 929 καρδίᾳ
1492 894 1581 930 δισσῇ.
1600 904 1609 920 ›

1135 991 1144 1008 ι
1161 982 1272 1016 ’Ἀφρων
1284 981 1321 1014 ὡς
1342 983 1441 1017 σελήνη
1463 981 1628 1008 ἀλλοιοῦται.
1645 990 1654 1006 ι

1135 1037 1144 1053 ι
1162 1028 1269 1063 Καρδία
1282 1028 1460 1054 ὲπιϐαίνουσα
1485 1028 1562 1054 δυσὶν
1580 1028 1659 1060 ὁδοῖς,
1684 1027 1734 1054 οὐκ
1748 1027 1883 1063 εὐοδωθή-

1099 1079 1185 1098 σεται.
1204 1081 1213 1097 1

1138 1124 1147 1140 ι
1169 1115 1229 1151 Ζωὴ
1243 1116 1350 1151 πονηρὰ
1361 1116 1391 1148 ἐξ
1405 1116 1492 1148 οἰκίας
1505 1117 1545 1148 εἰς
1558 1117 1647 1143 οἰκίαν
1658 1126 1663 1131 ·
1676 1117 1723 1143 καὶ
1737 1114 1767 1144 οὗ
1783 1126 1883 1154 napo:-

1099 1161 1189 1195 κήσει,
1204 1160 1254 1186 οὐκ
1268 1161 1367 1193 ἀνοίξει
1380 1162 1478 1196 στόμα.
1491 1171 1501 1187 ι

1138 1216 1146 1232 ι
1166 1207 1210 1241 Τῷ
1225 1207 1447 1242 ἐκπορευομένῳ,
1471 1207 1517 1234 καὶ
1533 1208 1571 1243 τῷ
1585 1207 1816 1244 εἰσ-πορευομένῳ,
1831 1209 1884 1235 οὐκ

1099 1250 1133 1287 ἦν
1147 1253 1242 1288 εἰρήνη
1258 1253 1311 1279 ἀπὸ
1322 1254 1370 1288 τῆς
1384 1253 1508 1287 θλίψεως.
1525 1263 1533 1279 ι

1137 1305 1146 1321 ι
1170 1295 1253 1332 Ἀνὴρ
1269 1296 1380 1331 δίψυχος
1392 1297 1579 1330 ἀκατάστατος
1590 1299 1619 1324 ἐν
1633 1298 1733 1331 πάσαις
1743 1301 1802 1331 ταῖς
1812 1300 1885 1332 ὁδοῖς

1100 1342 1193 1370 αὑτοῦ.
1215 1352 1225 1369 ι

1140 1409 1150 1426 ι
1175 1400 1313 1435 Ἐτρέχετε
1329 1399 1436 1432 καλῶς·
1450 1400 1491 1432 τίς
1510 1401 1581 1435 ὑμᾶς
1595 1400 1706 1435 ὲνέκοψε
1722 1403 1756 1437 τῇ
1769 1401 1885 1437 ἀληθείᾳ.

1102 1446 1140 1481 μὴ
1158 1446 1298 1473 πείθεσθαι
1311 1455 1320 1480 ;

1135 1488 1182 1522 Οἷς
1206 1490 1316 1523 εὔκολος
1339 1491 1406 1526 πρὸς
1427 1491 1581 1527 μεταϐολὴν
1612 1492 1628 1527 ή
1651 1492 1765 1524 διάνοια,
1779 1493 1885 1525 τούτοις

1098 1536 1175 1564 οὐδὲν
1190 1536 1304 1569 ἀπεικὸς
1318 1537 1365 1564 καὶ
1381 1537 1426 1564 τὸν
1439 1537 1495 1573 βίον
1516 1536 1586 1565 εἶναι
1600 1538 1637 1574 μὴ
1652 1539 1829 1574 τετάγμενον.

1136 1617 1292 1652 Ἄνθρωποι
1311 1617 1372 1649 ταῖς
1395 1617 1521 1650 νεφέλαις
1535 1617 1667 1649 ἐοίκασιν,
1686 1617 1754 1652 πρὸς
1769 1617 1818 1648 τὰς
1829 1617 1886 1644 τῶν

1099 1662 1208 1697 ἀνέμων
1222 1662 1386 1698 μεταϐολὰς,
1410 1662 1503 1690 ἄλλοτε
1520 1663 1581 1689 κατ’
1595 1662 1659 1690 ἄλλο
1686 1663 1769 1698 μέρος
1780 1662 1826 1689 τοῦ
1839 1663 1887 1690 ἀέ-

1101 1717 1147 1743 ρος
1158 1709 1368 1744 ἐμφερομέναις.

1133 1753 1261 1788 Κούφους
1288 1754 1335 1780 καὶ
1349 1755 1491 1789 ἀνοήτους,
1507 1753 1620 1786 τούτους
1641 1754 1885 1789 ὑπολαμϐάνομεν,
1912 1775 1921 1785 ,

1099 1799 1163 1831 τοὺς
1179 1799 1278 1835 ῥᾳδίως
1302 1800 1347 1827 ἐπ’
1362 1800 1504 1836 ἀμφότερα
1519 1800 1697 1836 φερομένους,
1723 1801 1770 1827 καὶ
1785 1802 1888 1837 μεταρ-

1102 1845 1225 1881 ρέοντας,
1243 1845 1370 1881 καθάπερ
1393 1845 1480 1881 αὔρας
1505 1846 1742 1881 μεταπιπτούσας,
1766 1847 1783 1881 ἢ
1799 1855 1886 1881 μετα-

1101 1891 1192 1924 ϐολὰς,
1220 1891 1237 1927 ἦ
1254 1891 1415 1928 παλιρροίας
1430 1892 1560 1928 εὐρίπων,
1576 1893 1592 1928 ἢ
1615 1892 1753 1928 θαλάσσης
1767 1893 1886 1920 ἀστάτου

1101 1937 1224 1972 κύματα.

1138 1983 1263 2017 Πέφυκεν
1283 1985 1297 2010 ὁ
1317 1983 1412 2020 ἄφρων
1426 1983 1473 2011 ἐπὶ
1492 1984 1605 2020 μηδενὸς
1628 1983 1740 2011 ἑστάναι
1755 1984 1887 2019 πράγμα-

1101 2037 1157 2060 τος.
1171 2029 1228 2055 Καὶ
1244 2029 1319 2055 ἐστιν
1335 2029 1409 2064 αὐτῷ
1421 2031 1495 2057 πᾶσα
1510 2031 1526 2065 ή
1544 2029 1601 2065 ζωὴ
1616 2029 1789 2065 κρεμαμένη,
1807 2030 1887 2064 βάσις

1102 2074 1270 2109 ἀκράδαντον
1283 2075 1333 2101 οὐκ
1346 2075 1457 2110 ἔχουσα..

1134 2120 1218 2147 Φυτδν
1243 2121 1463 2156 μεταφερόμενον
1484 2121 1657 2156 συνεχῶς,οὐ
1680 2121 1789 2156 ποιήσει
1817 2129 1885 2157 κοιρ-

1070 2165 1092 2193 Ῑ)
1104 2167 1163 2194 πόν.

1105 2245 1198 2272 ΤΙΤΛ.
1212 2245 1276 2272 KA'.
1290 2258 1323 2264 —-
1338 2244 1408 2279 Περὶ
1424 2244 1526 2277 δόξης,
1543 2243 1591 2269 καὶ
1602 2242 1699 2277 τιμῆςι
1718 2243 1767 2270 καὶ
1784 2243 1828 2270 ὅτι
1850 2245 1886 2270 οὐ

1278 2279 1325 2306 δεῖ
1337 2279 1431 2311 δόξαν
1437 2279 1525 2313 ἑτέρῳ
1532 2278 1708 2313 παρασχεῖν.

1141 2358 1151 2375 ‹
1167 2348 1212 2383 Μὴ
1230 2348 1273 2380 δὸς
1285 2348 1372 2383 ἑτέρῳ
1384 2347 1431 2382 τὴν
1443 2345 1520 2379 δόξαν
1536 2355 1592 2379 σου,
1604 2345 1651 2372 καὶ
1661 2345 1696 2373 τὰ
1713 2345 1888 2381 συμφέροντὰ

1104 2403 1145 2421 σοι
1162 2394 1233 2421 ἔθνει
1250 2394 1392 2428 ἀλλοτρίῳ.
1408 2402 1417 2418 ι

1142 2450 1150 2466 ι
1171 2440 1225 2476 Τὴν
1241 2440 1319 2473 δόξαν
1335 2447 1385 2475 μου
1402 2439 1487 2474 ἑτέρῳ
1504 2438 1535 2465 οὐ
1554 2437 1642 2465 δώσω.
1656 2446 1665 2463 ι

1143 2506 1152 2522 ι
1174 2496 1217 2527 Ὠς
1230 2495 1270 2522 ἐτι
1281 2494 1341 2530 ζῇς,
1356 2494 1403 2520 καὶ
1415 2493 1484 2528 πνοὴ
1500 2493 1529 2520 ἐν
1545 2493 1598 2526 σοὶ,
1617 2492 1654 2527 μὴ
1671 2492 1789 2528 ἀλλάξῃς
1806 2500 1889 2518 σεαυα

1103 2543 1148 2569 τὸν
1162 2542 1190 2569 ὲν
1204 2541 1279 2577 πάσῃ
1307 2540 1399 2574 σαρκί.
1427 2540 1560 2574 Κρεῖσσον
1585 2539 1639 2573 γάρ
1667 2538 1726 2564 ἐστι
1748 2538 1782 2564 τὰ
1805 2538 1889 2564 τέκνα

1102 2587 1230 2623 δεηθῆναί
1246 2596 1304 2620 σου,
1320 2586 1336 2622 ἢ
1352 2586 1381 2613 σὲ
1400 2586 1547 2622 ἐμϐλέπειν
1574 2585 1614 2616 εἰς
1630 2585 1724 2620 χεῖρας
1741 2583 1809 2611 υἱῶν
1824 2590 1888 2610 σου⁹

1105 2635 1152 2662 καὶ
1165 2635 1194 2660 ἐν
1208 2634 1297 2669 καιρῷ
1309 2633 1437 2666 τελευτῆς
1461 2632 1550 2663 διάδος
1569 2630 1751 2666 κληρονομίαν
1764 2638 1822 2656 σου.
1833 2629 1890 2664 Υἰῷ

1107 2681 1155 2708 καὶ
1170 2680 1290 2714 γυναικὶ,
1305 2679 1351 2706 καὶ
1368 2679 1447 2713 φίλῳ,
1467 2677 1516 2704 καὶ
1528 2676 1645 2711 ἀδελφῷ,
1656 2675 1694 2711 μὴ
1705 2675 1750 2707 δὺς
1764 2675 1891 2707 ἐξουσίαν

1107 2728 1154 2754 ἐπὶ
1165 2728 1194 2753 σὲ
1211 2727 1238 2753 ὲν
1256 2725 1312 2761 ζωῇ
1326 2734 1382 2752 σου.
1395 2724 1440 2759 Μὴ
1454 2724 1498 2755 δὺς
1512 2723 1598 2758 ἑτέρῳ
1610 2722 1659 2757 τὴν
1676 2721 1753 2754 δόξαν
1771 2729 1831 2755 σου,
1846 2720 1891 2747 ἵνα

1109 2773 1145 2809 μὴ
1164 2771 1363 2808 μεταμεληθεὶς
1383 2771 1430 2807 δέῃ
1442 2769 1505 2805 περὶ
1516 2769 1614 2796 αὐτῶν.
1630 2778 1639 2794 ι
