2056 3113
175 152 245 185 1ίο5

173 209 262 235 ἸἹΤΛ.
275 206 338 233 KE’.
355 220 388 226 —
402 203 471 242 Περὶ
484 203 647 264 ξιιιῦἑῖλου,

502 246 553 264 aut
572 245 644 264 νων.

502 245 644 272 αιμονων.
780 253 796 266 χ

208 309 218 325 ι
229 298 363 334 Ἐγενὴοη
381 298 410 324 ὲν
423 297 462 332 τῷ
474 295 545 323 εἷναι
561 294 669 328 πνεῦμα
685 291 803 326 πονηρὸν
810 290 856 317 ἐπὶ
864 289 959 321 Σαοὺλ,

172 346 309 381 ἒλάμϐανε
321 344 403 371 Δαϐὶό
412 344 462 379 τὴν
476 342 602 377 κινύραν,
619 340 667 366 καὶ
682 338 795 373 ἔψαλλεν
807 338 835 363 ὲν
846 337 877 372 τῇ
890 336 962 370 χειρὶ

173 391 267 423 αὐτοῦ,
292 391 339 418 καὶ
352 390 472 424 ἀνέψυχε
486 386 582 419 Σαοὺλ,
601 387 647 414 καὶ
664 385 799 420 ἀφίστατο
818 384 866 410 ἀπ’
879 382 961 409 αὑτοῦ

172 435 203 461 τὸ
220 434 329 469 πνεῦμα
341 433 372 460 τὸ
385 432 516 467 πονηρόν.
537 441 546 457 ι

209 491 230 510 ι,
241 481 327 515 Ἐστη
347 479 470 510 διάϐολος
490 479 518 505 ὲν
528 477 567 512 τῷ
585 476 703 512 Ἰσραὴλ,
715 475 763 502 καὶ
777 474 902 501 ἐπέσεισε
916 473 962 499 τὸν

172 527 257 554 Δαϐὶδ
272 526 426 562 ἀριθμῆσαι
444 525 489 551 τὸν
512 523 632 559 Ἰσραήλ.
651 532 661 549 ι

211 583 220 599 ι
247 572 408 606 Ήδύναμις
430 570 477 597 τοῦ
501 570 611 597 Σατανᾶ
631 569 674 595 ἐπ’
693 566 816 603 ὀμφαλοῦ
832 565 962 600 γαστρός.

175 619 309 654 Ἐστησεν
335 617 419 652 οὐρὰν
445 614 529 643 αὑτοῦ
552 615 590 646 ὡς
610 613 792 653 κυπαρίσσου,
803 612 839 639 τὰ
850 611 879 638 δὲ
903 609 964 637 νεῦο

175 675 210 702 ρα
222 664 306 692 αὐτοῦ
321 663 533 699 συμπέπλεκται
546 660 642 695 ὥσπερ
658 651 784 695 σχοινίονι
804 667 812 683 ι

212 720 222 737 ι
242 710 273 737 Ἣ
300 709 373 745 ψυχὴ
397 707 481 735 αὐτοῦ
510 707 656 742 ἄνθρακες,
672 705 689 740 ἡ
706 704 734 731 δὲ
758 703 856 739 καρδία
882 701 965 728 ατιτοῦ

172 757 298 792 πέπηγεν
311 755 406 790 ὥσπερ
422 754 541 788 σίδηρος.
560 752 609 783 Τίς
631 749 803 784 ἀποκαλύψει
819 749 966 784 πρόσωπον

173 801 306 832 ἐνδύσεως
334 799 416 827 αὑτοῦ
427 820 434 832 ,
460 799 499 829 εἱς
523 797 552 824 δὲ
572 797 670 832 πτῆξιν
687 795 812 830 θώρακος
830 792 913 820 αὑτοῦ
926 791 968 823 τίς

173 848 306 881 είσέλθοι;
321 847 411 877 Πύλας
424 845 560 880 στόματος
579 843 633 879 πρὸ
657 841 803 877 προσώπου
821 838 903 866 αὐτοῦ
923 838 965 870 τις

173 895 293 927 ἀ·ιοίξει;
310 893 416 928 ,Κύκλῳ
443 892 557 918 ὀδόντων
584 889 667 916 αὑτοῦ
691 887 784 922 φόϐος,
807 886 842 912 τὰ
862 885 966 919 ἔγκατα.

175 940 256 967 αὐτοῦ
267 939 378 970 ἀσπίδες
389 937 497 973 χαλκαῖ.
509 937 557 963 Ἐκ
569 935 701 970 στόματος
712 931 795 959 αὐτοῦ
803 931 967 966 ἐκπορεύον-

175 994 219 1013 ται
231 985 371 1021 λαμπάδες
384 983 539 1018 καιόμεναι,
552 981 600 1008 καὶ
615 978 839 1015 διαρῥιπτοῦνται
851 975 967 1011 ἐσχάραι

175 1033 273 1066 πυρός.
304 1031 352 1057 Ἐκ
377 1029 526 1064 μυκτήρων
549 1025 631 1053 αὑτοῦ
663 1022 843 1058 ἐκπορεύεται
863 1020 967 1051 καπνὸς

176 1077 292 1112 καμίνου
307 1075 458 1110 καιομένης
475 1073 542 1107 πυρὶ
568 1070 726 1106 ἀνθράκων.
747 1068 780 1095 Ἦ
795 1067 870 1102 ψυχὴ
885 1066 966 1093 αὑτοῦ

177 1123 316 1158 ἄνθρακας
329 1121 430 1156 φλέξει,
458 1118 524 1153 φλὸξ
535 1118 564 1144 δὲ
587 1117 619 1144 ἐκ
635 1116 768 1151 στόματος
782 1114 864 1141 αὑτοῦ
884 1114 967 1140 ἐκπο-

179 1169 298 1204 ρεύεται.
313 1165 488 1202 Ἔμπροσθεν
503 1163 585 1192 αὑτοῦ
610 1162 756 1198 προτρέχει
782 1160 914 1188 ἀπώλεια.
934 1160 968 1186 Ἦ

182 1213 307 1250 στρωμνὴ
324 1211 406 1239 αὑτοῦ
421 1210 557 1238 ὀϐελίσκοι
582 1209 663 1242 ὀξεῖς,
685 1208 738 1239 πᾶς
753 1208 781 1234 δὲ
805 1205 904 1242 χρυσὸς
921 1205 969 1232 θα-

178 1261 282 1295 λάσσης
306 1259 351 1285 ὑπ’
367 1257 449 1283 αὑτὸν
461 1255 555 1290 ὥσπερ
571 1254 655 1290 πηλὸς
678 1251 826 1289 ἀμύθητος.
846 1261 856 1278 ι

218 1316 227 1331 ι
247 1305 350 1338 Ἔδειξὲ
368 1313 413 1338 μοι
436 1302 540 1338 Κύριος
571 1300 677 1336 Ἰησοῦν
706 1299 752 1326 τὸν
773 1298 849 1334 ἱερέα
864 1295 969 1323 ἑστῶτα

180 1351 233 1386 πρὸ
257 1349 407 1386 προσώπου
433 1348 552 1383 ἀγγέλου
579 1346 704 1382 Κυρίου,
733 1345 782 1371 καὶ
806 1344 820 1370 ό
847 1341 970 1373 διάϐολος

180 1397 303 1432 εἱστήκει
316 1396 349 1423 ὲκ
361 1395 457 1427 δεξιῶν
472 1393 566 1421 αὑτοῦ,
580 1393 635 1419 Καὶ
656 1389 732 1418 εἶπεν
747 1391 761 1417 ό
777 1389 894 1424 ἄγγελος
903 1387 971 1422 πρὸς

179 1445 225 1470 τον
240 1442 363 1470 διάϐολον
376 1449 382 1456 ·
417 1440 593 1474 Ἐπιτιμήσει
608 1437 712 1474 Κύριος
731 1437 761 1464 ὲν
785 1436 837 1469 σοι,
851 1433 969 1467 διάϐολε,

180 1491 228 1516 καὶ
241 1489 254 1515 ό
264 1488 443 1522 ἐκλεξάμενος
459 1486 509 1521 τὴν
529 1484 720 1520 Ἰερουσαλήμ.
738 1492 747 1508 ι

806 145 925 175 SACRA
943 142 1174 173 PARALLELA.

679 200 745 235 ἣτςι
775 199 894 226 Σατανᾶ
915 197 964 224 καὶ

1023 195 1083 223 ΙῚΤ.
1102 194 1186 222 XXV.
1202 209 1232 216 —-
1252 193 1289 220 De
1303 191 1421 235 diabolo.
1448 190 1502 216 sive
1516 188 1632 218 Satana,
1652 190 1674 212 et
1699 185 1798 211 du'ma-

1730 127 1800 159 W16

1359 226 1447 253 nibus.

1048 288 1062 314 I
1076 287 1138 322 Reg.
1153 293 1210 317 xw,
1223 284 1309 311 25.——
1331 291 1340 307 ι
1360 282 1394 308 Ει
1429 280 1531 307 factum
1558 282 1612 310 est,
1640 284 1703 304 cum
1728 276 1802 301 esset

1012 334 1126 370 spiritus
1154 331 1243 358 malus
1264 329 1290 356 in
1320 327 1398 358 Saul,
1417 325 1500 352 David
1524 323 1636 351 tollebat
1665 322 1798 355 cinyram,

1011 367 1039 409 et
1053 379 1188 415 psallebat
1200 383 1283 404 manu
1298 381 1359 406 sua,
1376 376 1403 399 ct
1420 370 1632 398 rcfoc’tllabatur
1650 367 1727 397 Saul,
1756 373 1800 392 rc-

1013 426 1181 459 cedebatque
1195 423 1232 450 ab
1248 429 1280 449 eo
1295 420 1409 455 spiritus
1432 424 1560 451 nequam.
1577 425 1587 440 ι

1048 469 1063 497 1
1078 455 1173 496 Paret.
1202 474 1260 497 ut,
1284 465 1310 491 l.
1327 478 1361 484 ——
1383 473 1392 488 ι
1407 460 1587 490 Consurrexit
1617 457 1743 486 diabolus
1774 455 1801 482 in

1013 516 1107 547 lsrael,
1123 518 1152 542 et
1165 511 1291 540 incitavit
1304 514 1333 537 ιιι
1349 511 1512 536 numeraret
1527 505 1621 533 lsrael.
1641 514 1650 530 ι

1049 560 1101 588 Job
1128 567 1173 592 xc,
1188 559 1232 592 Η,
1250 557 1293 584 12.
1304 571 1338 576 ——
1350 565 1358 581 ι
1379 552 1525 582 Fortitudo
1540 552 1650 579 Satanm
1667 550 1693 576 in
1707 549 1803 576 umbi-

1015 608 1071 635 lico
1101 604 1216 634 ventris.
1239 602 1358 630 Strinxit
1387 599 1506 627 caudam
1530 598 1606 625 vclut
1629 601 1802 631 cypressum,

1015 654 1094 683 nervi
1110 653 1171 687 ejus
1183 649 1317 684 complexi
1336 652 1400 675 sunt
1415 647 1490 673 velut
1507 644 1591 671 funis.
1614 652 1622 669 I

1053 700 1104 727 Job
1125 684 1197 729 ἰιιι,
1212 697 1261 728 ει,
1288 695 1335 725 et,
1359 693 1402 724 ιι,
1420 691 1463 723 t9,
1479 690 1523 718 50.
1543 705 1576 710 -
1595 698 1604 713 ι
1625 687 1722 714 Anima
1744 684 1804 720 ejus

1017 746 1152 775 carbones
1170 753 1177 771 :
1205 750 1254 771 cor
1269 746 1359 768 autem
1378 739 1438 773 ejus
1462 736 1561 764 durum
1575 738 1616 762 est
1628 737 1658 760 ut
1689 731 1802 758 ferrttm.

1018 793 1087 826 Quis
1116 789 1246 819 revelabit
1258 787 1355 815 faciem
1370 782 1523 812 indumenti
1547 780 1628 816 ejus?
1645 779 1670 806 in
1690 776 1806 812 compli—

1020 839 1156 866 catioucm
1184 840 1274 863 autem
1305 831 1425 860 thoracis
1450 829 1511 862 ejus
1526 827 1588 862 quis
1613 821 1805 859 ingredietur?

984 868 1004 896 Β
1019 885 1119 912 Portas
1132 883 1190 909 oris
1213 884 1278 907 ante
1303 877 1403 905 faciem
1421 875 1481 910 ejus
1494 874 1557 908 quis
1569 869 1694 906 aperiet?
1708 868 1738 895 ln
1751 867 1805 895 cir-

1017 931 1095 958 cuitu
1111 928 1234 956 dentinnt
1247 926 1310 960 ejus
1325 924 1418 950 timor.
1435 921 1548 948 Viscera
1557 917 1617 953 ejus
1629 919 1707 943 settta
1720 919 1804 940 terea.

1018 977 1058 1004 Ex
1079 982 1126 1002 ore
1149 973 1210 1008 ejus
1226 970 1407 1006 egrediuntur
1438 964 1580 1000 lampades
1609 961 1748 993 ardentes,
1780 961 1807 985 et

1018 1021 1204 1058 projieiuntur
1239 1023 1342 1044 accrrae
1374 1013 1458 1048 ignis.
1476 1012 1512 1038 Ex
1540 1008 1656 1036 naribus
1668 1006 1729 1039 ejus
1754 1005 1808 1032 erit

1019 1041 1199 1058 γ..,,.ν.,.....-.
1385 1041 1399 1048 ν

1019 1068 1110 1095 fumus
1134 1063 1256 1093 fornacis
1288 1059 1413 1088 ardentis
1434 1058 1497 1092 igne
1519 1055 1680 1082 carbonum.
1709 1051 1807 1077 Anima
1825 1041 1831 1044 ”

1018 1114 1079 1148 ejus
1103 1111 1243 1140 carbones
1271 1105 1427 1134 accendet:
1452 1103 1561 1130 flamma
1587 1104 1676 1127 autem
1699 1104 1732 1124 ex
1760 1103 1809 1123 ore

1019 1141 1106 1193 ipsius
1118 1154 1268 1191 egreditur.
1279 1152 1348 1178 Ante
1357 1151 1447 1185 ipsutn
1460 1147 1547 1175 currit
1564 1143 1692 1180 perditio.
1706 1141 1808 1168 Lectus

1020 1204 1081 1238 ejus
1097 1201 1167 1229 obeli
1180 1199 1264 1227 acuti.
1281 1197 1368 1224 Omne
1384 1201 1484 1222 aurum
1511 1191 1596 1219 maris
1612 1189 1664 1217 sub
1687 1188 1748 1221 ipso
1766 1188 1809 1213 est

1020 1249 1094 1277 velut
1114 1248 1202 1274 ltttum
1214 1242 1417 1279 inexplicabile.
1439 1250 1448 1266 ι

1055 1293 1136 1320 Zaclt.
1161 1300 1202 1324 ιιι,
1220 1292 1246 1324 i,
1310 1304 1345 1309 —
1367 1297 1377 1314 ι
1389 1287 1422 1314 Ει
1438 1284 1560 1314 ostendit
1573 1281 1640 1310 milii
1669 1278 1807 1306 Dominus

1020 1339 1114 1368 Iesum
1143 1336 1315 1365 sacerdotem
1332 1339 1461 1367 magnum
1486 1332 1605 1357 stantem
1624 1330 1687 1353 ante
1711 1323 1809 1350 faciem

1021 1384 1110 1420 angeli
1135 1381 1257 1413 Domini,
1273 1385 1301 1408 et
1315 1377 1443 1407 diabolus
1467 1376 1559 1403 stabat
1584 1380 1598 1399 a
1618 1369 1725 1398 dextris
1737 1368 1809 1402 ejus.

1021 1413 1146 1458 Etudixit
1167 1427 1282 1462 angelus
1299 1425 1332 1452 ad
1353 1422 1494 1451 diabolum
1512 1419 1658 1452 :lnerepet
1678 1413 1811 1442 Dominus

1023 1477 1050 1503 in
1071 1480 1109 1508 te,
1128 1473 1248 1506 diabole,
1257 1477 1284 1500 et
1295 1470 1342 1506 qui
1358 1468 1439 1503 elegit
1455 1465 1618 1494 Jerusalem.
1640 1471 1649 1488 ι

221 1504 228 1515 '.
241 1504 442 1522 υδδιιιιιιυιμ-θνυν
465 1504 508 1521 n‘v
540 1504 720 1520 ι-Γνανννσι-.η.-.
738 1504 746 1508 ,

219 1543 229 1561 ι
247 1534 309 1565 Πῶς
321 1533 418 1560 ἔπεσεν
443 1533 476 1558 ἐκ
504 1530 552 1558 τοῦ
570 1529 687 1565 οὐρανοῦ
704 1527 853 1563 ἑωσφόρος,
869 1527 884 1554 ὁ
898 1525 970 1561 πρωῒ

1058 1504 1116 1548 Isti.
1129 1527 1183 1552 ιιι,
1193 1504 1340 1546 ιΞ-ίὶθρξ(
1349 1513 1492 1548 Quomodo
1508 1510 1609 1539 cecidit
1623 1508 1657 1536 de
1670 1506 1740 1535 εωιο
1754 1504 1811 1532 Lu-

181 1578 346 1610 ἀνατὲλλων,
379 1575 523 1611 συνετρίϐη
551 1575 592 1605 εἰς
607 1573 655 1609 τὴν
677 1573 740 1608 γῆν,
759 1573 774 1599 ό
798 1571 970 1599 ἀποστέλλων

183 1625 251 1660 πρὸς
270 1625 360 1651 πάντα
373 1622 407 1649 τὰ
418 1622 502 1656 ἐθνη;
515 1621 552 1647 Σὺ
568 1619 597 1646 δὲ
610 1618 691 1650 εἶπας
703 1618 733 1645 ὲν
746 1619 781 1653 τῇ
793 1617 892 1653 καρδίᾳ
905 1626 951 1644 σου
962 1625 969 1633 υ

181 1671 229 1702 Εἰς
239 1669 284 1696 τὸν
297 1667 411 1703 οὐρανὸν
424 1666 596 1701 ἀναϐήσομαι
609 1672 616 1680 ο
631 1663 724 1690 ἐπάνω
734 1663 789 1690 τῶν
802 1663 911 1698 ἄστρων
923 1661 971 1688 τοῦ

181 1713 296 1749 οὐρανοῦ
311 1713 386 1747 θήσω
395 1711 439 1737 τὸν
448 1709 543 1745 θρόνον
553 1717 613 1744 μου.
626 1707 739 1734 Καθίσω
753 1707 781 1733 ὲν
795 1706 852 1743 όρει
866 1705 971 1740 ὑψηλῷ,

182 1761 228 1786 ἐπὶ
249 1758 284 1785 τὰ
295 1758 344 1794 ὅρη
352 1757 387 1784 τὰ
397 1755 487 1791 ὑψηλὰ
494 1754 562 1790 πρὸς
575 1754 676 1790 βορῥᾶν
688 1753 871 1788 ἀναϐήσομαι,
880 1752 973 1779 ἐπάνω

182 1807 236 1832 τῶν
247 1804 366 1839 νεφελῶν
381 1812 387 1818 ·
404 1803 501 1837 ἔσομαι
519 1802 619 1837 ὅμοιως
628 1800 667 1834 τῷ
678 1799 807 1834 ’Υψιστῳ.
821 1798 879 1825 Νῦν
892 1797 920 1824 δὲ
933 1798 973 1829 εἰς

183 1852 246 1887 ᾅδου
260 1849 413 1885 καταϐήσῃ,
424 1848 519 1879 ualet;
529 1847 564 1874 τὰ
572 1846 686 1881 θεμέλια
696 1845 744 1880 τῆς
754 1844 816 1878 γῆς.
828 1844 860 1870 οι
875 1844 973 1874 ἰδόντες

185 1906 214 1924 σε
223 1896 408 1932 θαυμάσωσιν
416 1895 462 1921 ἐπὶ
472 1894 524 1926 σοὶ,
532 1893 579 1920 καὶ
586 1892 695 1927 ἐροῦσιν
702 1898 708 1904 ·
717 1888 801 1922 Οὗτος
809 1890 822 1916 ὁ
832 1890 973 1925 ἄνθρωπος

184 1944 198 1970 ὁ
211 1942 368 1978 παροξύνων
380 1941 427 1977 τὴν
434 1940 497 1975 γῆν,
508 1940 588 1966 σείων
604 1937 732 1973 βασιλεῖς,
743 1937 757 1963 ό
766 1936 821 1968 θεὶς
830 1936 879 1971 τὴν
887 1936 975 1962 οἰκον-

187 1989 271 2024 μένην
283 1988 346 2023 ὃλην
357 1987 469 2022 ἔρημον,
477 1985 577 2017 καὶτὰς
585 1984 676 2016 πόλεις
687 1983 891 2014 καθεῖλιεν,τοίις
901 1983 930 2009 δὲ
946 1982 974 2009 ἐν

185 2035 321 2069 ἀπαγωγῇ
338 2033 388 2060 οὐκ
417 2032 521 2058 ἔλυσεν.
550 2030 655 2061 Πάντες
673 2030 699 2056 οἱ
718 2028 841 2064 βασιλεῖς
857 2028 909 2062 τῆς
923 2028 975 2062 γῆς

186 2080 374 2116 ἐκοιμήθησαν
392 2079 421 2105 ἐν
436 2079 515 2113 τιμῇ,
535 2076 680 2112 ἄνθρωπος
692 2076 722 2102 ὲν
742 2075 782 2110 τῷ
797 2075 865 2109 οἴκῳ
879 2072 973 2101 αὑτοῦ.

186 2127 223 2153 Σὺ
237 2126 265 2153 δὲ
281 2126 384 2161 ῥιφήσῃ
398 2125 427 2151 ὲν
439 2124 496 2155 τοῖς
508 2123 601 2159 ϐρεσιν
612 2122 649 2154 ὡς
658 2121 755 2157 νεκρὺς
768 2120 975 2155 ὲϐδελυγμένος,

188 2172 258 2207 μετά
273 2171 379 2198 πολλῶν
401 2169 572 2204 τεθνηκότων
586 2167 826 2203 ὲκκεκεντημένων
843 2165 974 2202 μαχαίρᾳ,

1029 1564 1163 1599 cifer,qui
1180 1570 1259 1590 mane
1268 1561 1428 1591 oriebatur;
1444 1556 1584 1585 contritus
1599 1557 1641 1581 est
1656 1553 1683 1579 in
1696 1556 1811 1583 terram,

1024 1612 1070 1646 qui
1089 1596 1214 1636 mittebat
1230 1607 1263 1634 ad
1276 1613 1370 1633 omnes
1378 1603 1495 1640 gentes?
1507 1602 1546 1628 Tu
1565 1603 1656 1627 autem
1679 1597 1771 1624 dixisti
1784 1596 1812 1623 in

1025 1656 1109 1685 corde
1120 1659 1168 1682 tuo
1185 1663 1191 1681 :
1203 1653 1231 1680 ln
1243 1652 1343 1680 cwlum
1352 1647 1538 1677 conscendam
1553 1653 1560 1672 :
1573 1651 1656 1679 super
1667 1647 1741 1670 astra
1748 1640 1812 1668 coeli

1026 1709 1125 1738 ponam
1144 1700 1274 1727 thronum
1290 1703 1393 1724 meum.
1410 1693 1515 1722 Sedebo
1529 1691 1557 1719 in
1577 1694 1672 1718 monte
1687 1686 1812 1717 sublimi,

1026 1755 1110 1783 super
1119 1742 1356 1774 montesexeelsos
1367 1740 1400 1768 ad
1408 1739 1564 1774 aquilonem
1576 1735 1722 1764 ascendam
1732 1739 1814 1766 super

1026 1793 1192 1825 nubes;ero
1204 1787 1304 1816 similis
1322 1785 1476 1813 Altissimo.
1490 1781 1567 1809 Nunc
1582 1783 1673 1807 autem
1685 1779 1712 1804 in
1729 1776 1814 1803 infcr-

1027 1846 1092 1866 num
1119 1824 1283 1866 descendes,
1298 1836 1325 1860 et
1340 1831 1374 1858 ad
1390 1829 1572 1858 fundamenta
1603 1830 1691 1852 terrm.
1706 1824 1757 1856 Qui
1789 1827 1815 1850 te

1026 1883 1156 1915 viderint,
1174 1880 1351 1908 mirabuntur
1365 1883 1450 1912 super
1465 1880 1501 1907 te,
1523 1878 1550 1902 et
1572 1873 1665 1900 dicent
1683 1879 1690 1897 :
1709 1869 1760 1897 llic
1773 1872 1815 1896 est

1027 1931 1108 1958 homo
1124 1929 1239 1956 irritans
1255 1929 1368 1957 terram,
1385 1923 1431 1959 qui
1446 1919 1588 1949 concussit
1599 1926 1687 1953 reges,
1706 1916 1751 1952 qui
1767 1923 1813 1950 po-

1028 1976 1083 2004 suit
1095 1979 1183 2003 totum
1198 1972 1293 2000 orbem
1313 1971 1341 1997 in
1353 1969 1508 2000 desertum,
1523 1970 1550 1994 et
1565 1965 1691 1992 civitates
1718 1961 1813 1991 diruit.

1028 2029 1076 2050 eos
1088 2024 1178 2047 autem
1194 2017 1242 2053 qui
1257 2015 1432 2044 ducebantur
1444 2020 1499 2039 non
1511 2010 1604 2038 solvit.
1622 2009 1723 2040 Omnes
1737 2013 1815 2041 reges

1029 2074 1109 2096 terra:
1122 2066 1296 2094 dormierunt
1311 2063 1339 2090 in
1361 2062 1476 2091 honore,
1500 2059 1583 2086 ltomo
1598 2058 1625 2084 in
1638 2057 1721 2083 dotno
1752 2061 1814 2081 sua.

1029 2115 1069 2142 Tu
1099 2117 1190 2140 autem
1219 2108 1374 2146 projicieris
1390 2107 1417 2134 in
1434 2104 1573 2133 montibus
1595 2103 1668 2131 sicut
1689 2104 1816 2128 mortuus

1029 2157 1235 2189 abominabilis,
1248 2161 1311 2183 cum
1340 2153 1433 2181 multls
1447 2150 1585 2179 confossis
1599 2148 1690 2184 gladio
1702 2147 1816 2174 descenr

187 2194 408 2244 καταϐαινόντων
427 2216 467 2247 εις
477 2194 744 2251 Ιᾷδουίῆνγτρόπον
755 2213 809 2247 γὰρ
827 2194 935 2247 ἱμάτιον

1030 2205 1161 2236 dentibus
1187 2203 1215 2231 in
1253 2201 1405 2229 infernum.
1438 2196 1583 2230 Quomodo
1619 2194 1816 2222 vestimentum

1320 2247 1325 2251 ⁸
1399 2244 1470 2251 ’-Α
1584 2242 1628 2251 η’·
1670 2239 1802 2251 -Α-»μᾸ---ιι

187 2265 283 2299 αἵματι
289 2262 464 2298 πεφυρμένον
473 2262 524 2288 οὐκ
533 2261 610 2297 ἔσται
621 2259 752 2294 καθαρὸν,
764 2257 825 2285 οὐδὲ
834 2257 882 2293 ἔσῃ
893 2257 979 2284 καθα.-

189 2310 251 2345 ρός·
271 2308 367 2344 διόπερ
383 2308 433 2342 τὴν
461 2307 520 2341 ,γῆν
544 2314 595 2341 μου
613 2304 769 2335 ἀπώλεσας,
795 2303 901 2330 καὶτὸν
915 2302 979 2329 λαόν

190 2364 242 2390 μου
256 2354 431 2384 ἀπέκτεινας,
451 2352 526 2386 λέγει
545 2351 658 2386 Κύριος.
675 2359 684 2375 ι

228 2410 237 2425 ‹
257 2399 338 2431 Δόλος
351 2400 380 2426 ὲν
396 2399 430 2434 τῇ
445 2397 519 2433 χειρὶ
527 2396 622 2429 αὑτοῦ,
632 2395 680 2422 καὶ
692 2395 721 2422 ὲν
733 2397 766 2431 τῇ
781 2394 880 2430 καρδίᾳ
894 2393 978 2421 αὐτοῦ

191 2445 436 2481 μεγαλυνθήσεται,
462 2443 510 2470 καὶ
538 2442 607 2477 δόλῳ
628 2441 771 2476 διαφθερεῖ
790 2440 915 2473 πολλοὺς,
932 2440 979 2466 καὶ

191 2491 234 2517 ἐπ’
246 2489 370 2525 ἀπωλείᾳ
382 2488 489 2516 πολλῶν
506 2488 644 2523 στήσεται.
667 2496 676 2512 ι

230 2547 239 2563 ι
255 2537 346 2572 Φθόνῳ
364 2534 488 2563 διαϐόλου
515 2534 629 2566 θάνατος
657 2533 697 2565 εἰς
722 2532 769 2559 τὸν
792 2532 899 2567 κόσμον
921 2531 979 2558 εἰσ-

191 2583 283 2619 ῆλθεν.
303 2592 314 2609 ι

229 2638 240 2656 ι
263 2629 330 2656 Τότε
355 2627 460 2664 Ἰησοῦς
487 2627 593 2662 ἀνήχθη
616 2625 670 2652 ὑπὸ
698 2625 746 2652 τοῦ
765 2623 923 2659 Πνεύματος
940 2624 980 2656 εἰς

192 2676 243 2712 τὴν
260 2676 363 2712 ἔρημον
397 2672 581 2710 πειρασθῆναι
607 2671 660 2698 ὑπὸ
684 2671 732 2698 τοῦ
764 2669 907 2697 διαϐόλου·
933 2669 981 2696 καὶ

193 2721 345 2757 νηστεύσας
366 2720 474 2757 ἡμέρας
495 2718 709 2754 τεσσαράκοντα,
741 2716 789 2744 καὶ
817 2719 843 2751 μ’
868 2715 980 2748 νύκτας,

194 2768 308 2804 ὕστερον
329 2767 468 2793 ἐπείνασε.
481 2765 537 2793 Καὶ
547 2763 703 2800 προσελθὼν
717 2762 792 2797 αὑτῷ
804 2763 818 2789 ό
832 2762 981 2797 πειράζων,

194 2812 286 2840 εἶπεν
302 2813 334 2840 Et
347 2812 410 2844 Υἱὸς
427 2809 452 2838 εἷ
468 2810 517 2838 τοῦ
541 2809 620 2842 Θεοῦ,
638 2808 699 2835 εἰπὲ
717 2808 762 2834 ἵνα
782 2808 806 2834 οἱ
818 2807 887 2834 λίθοι
909 2803 982 2834 οὗτοι

195 2859 274 2896 ἄρτοι
285 2858 429 2895 γένωνται.
454 2858 482 2884 '0
499 2857 527 2885 δὲ
542 2854 700 2889 ἀποκριθεὶς
715 2852 788 2881 εἷπ;“
806 2853 980 2889 Γέγραπται·

1028 2251 1205 2281 commistum
1231 2247 1365 2283 sanguine
1391 2244 1474 2281 5,50
1497 2250 1552 2270 non
1578 2242 1632 2270 erit
1670 2239 1816 2270 mundum,

1030 2300 1070 2327 sic
1083 2305 1134 2326 nec
1145 2297 1203 2325 eris
1216 2293 1350 2326 mundus,
1371 2291 1437 2326 quia
1459 2295 1560 2317 terram
1578 2294 1665 2315 meam
1697 2284 1814 2321 perdidi-

1029 2345 1077 2377 sti,
1088 2347 1116 2371 et
1131 2341 1262 2378 populum
1278 2344 1369 2366 meum
1387 2334 1565 2366 interfecisti,
1580 2332 1647 2359 dicit
1655 2331 1814 2358 Dominus.-

1065 2390 1136 2417 Dan.
1159 2395 1220 2419 νιιι,
1251 2385 1297 2413 25.
1314 2398 1350 2404 —
1365 2392 1376 2410 ‹
1393 2382 1478 2410 Dolus
1496 2381 1524 2408 in
1548 2386 1630 2406 manu
1645 2377 1720 2412 ejus,
1734 2379 1761 2403 ct
1789 2375 1817 2401 in

1029 2436 1113 2464 corde
1134 2441 1186 2462 suo
1202 2429 1435 2467 magniﬁeabitur,
1455 2431 1482 2455 et
1506 2426 1570 2454 dolo
1588 2424 1690 2451 multos
1710 2421 1816 2455 perdet,

1029 2486 1057 2510 et
1072 2482 1099 2509 in
1116 2479 1271 2516 perditione
1285 2476 1436 2504 multorum
1449 2472 1544 2501 stabit.
1557 2480 1566 2496 ι

1066 2511 1130 2561 Suo.
1148 2534 1177 2559 ιι,
1193 2524 1239 2552 ει.
1253 2538 1287 2544 -—
1305 2531 1315 2548 ‹
1331 2519 1436 2548 Invidia
1452 2517 1556 2546 diaboli
1576 2522 1651 2543 mors
1663 2511 1775 2541 intravit
1790 2511 1818 2539 in

1031 2572 1176 2602 mundum.
1191 2579 1201 2596 ι

1069 2617 1165 2646 Matth.
1190 2624 1227 2647 ιν,
1244 2614 1319 2642 1-10.
1332 2627 1368 2634 ——
1386 2621 1396 2638 ι
1413 2611 1491 2638 Tunc
1513 2609 1596 2636 .lesus
1622 2605 1759 2634 adductus
1774 2605 1818 2630 est

1032 2667 1059 2694 in
1075 2666 1213 2693 desertum
1226 2669 1241 2688 ι
1257 2660 1373 2696 Spiritu.
1390 2661 1421 2685 ut
1443 2658 1597 2684 tentaretur
1610 2660 1626 2680 a
1645 2650 1770 2682 diabolo;
1791 2653 1818 2676 et

1034 2720 1096 2740 cum
1109 2710 1265 2746 jejunasset
1280 2705 1464 2743 quadraginta
1478 2702 1577 2730 diebus
1593 2704 1621 2728 et
1636 2696 1818 2735 quadraginta

1033 2741 1174 2788 noctibus,
1189 2741 1409 2790 postcaresuriit.
1435 2749 1467 2776 Et
1479 2747 1613 2775 accedens
1630 2747 1760 2775 tentator,
1777 2741 1819 2769 di-

1034 2804 1073 2831 xit
1090 2802 1126 2830 illi
1143 2810 1151 2829 :
1172 2801 1200 2829 Si
1211 2800 1296 2828 Filius
1312 2798 1358 2827 Dei
1373 2805 1414 2831 es,
1427 2796 1472 2824 die
1488 2799 1517 2822 ut
1538 2793 1641 2828 lapides
1656 2790 1701 2819 isti
1733 2795 1819 2824 panes

1034 2850 1109 2878 ﬁant.
1128 2849 1160 2876 At
1177 2847 1223 2876 illc
1246 2844 1416 2881 respondens
1432 2843 1471 2872 ait
1491 2840 1651 2875 :Scriptum
1665 2843 1728 2867 cst:
1754 2837 1815 2865 Non
