2056 3113
254 130 323 164 Mt)?

857 131 887 161 S.
904 129 1065 161 IOANNIS
1079 131 1298 162 DAMASCENI

1814 126 1885 167 itas

250 189 278 216 in
297 188 357 217 solo
374 194 445 223 pane
460 186 527 215 vivit
546 186 640 219 homo,
655 185 702 214 sed
719 193 752 214 ex
768 187 845 214 omni
861 186 946 215 verbo
966 187 1035 221 quod

1092 187 1150 214 Οὐκ
1161 187 1190 215 ἐν
1200 187 1277 224 ἄρτῳ
1292 187 1366 224 μόνῳ
1380 188 1495 224 ζήσεται
1508 189 1662 225 ἄνθρωπος,
1676 190 1734 218 ἁλλ’
1750 191 1781 218 ἐν
1800 193 1889 219 navit

250 234 375 270 procedit
395 234 428 261 de
441 240 491 260 ore
511 232 571 260 Dei.
594 231 672 260 Tunc
694 232 811 260 assumit
831 240 893 261 eum
910 233 1039 260 diabolus

250 283 277 308 iu
294 283 420 309 sanctatn
435 279 589 311 civitatem,
604 282 632 306 et
645 279 742 306 statuit
762 286 824 306 eum
840 286 923 314 super
941 280 1040 314 pinna-

249 327 343 353 culum
356 325 462 360 templi.
483 329 510 352 et
526 324 596 352 dixit
609 324 633 351 ei
648 332 655 350 :
676 323 705 351 Si
719 323 809 352 Filius
829 325 877 352 Dei
892 333 936 359 es,
962 325 1040 353 mitte

249 377 277 400 te
291 371 432 406 deorsum.
448 369 531 398 Iesus
555 373 646 398 autem
661 369 731 396 dixit
748 370 771 396 ei
792 378 799 396 :
815 369 952 405 Scriptum
967 374 1010 398 est
1030 379 1037 397 :

250 417 309 445 Non
323 417 443 444 tentabis
455 415 601 444 Dominum
618 415 702 444 Deum
729 419 817 442 tuum.
830 415 931 443 lterum
961 423 1040 443 assu-

249 464 299 490 tnit
311 470 373 491 eum
397 462 525 490 diabolus
539 462 567 489 in
583 466 705 489 montem
726 461 866 488 excelsum
894 462 984 494 valde,
1013 465 1040 489 et

249 508 367 538 ostendil
379 508 404 536 ei
419 508 512 535 omnia
529 515 612 542 regna
626 506 734 538 mundi.
752 507 916 547 ct’gloriam
932 514 1038 539 eorum,

197 547 199 550 ’
249 560 277 582 et
293 555 362 582 dixit
378 554 403 582 ei
419 564 426 582 :
443 555 507 581 llaec
536 553 628 580 omnia
644 552 693 579 tibi
718 552 799 584 dabo,
817 551 840 579 si
855 551 956 580 cadens
973 551 1038 579 ado-

251 601 358 628 raveris
375 608 428 627 me.
443 600 523 626 Tunc
548 598 616 625 dixit
631 598 655 626 ei
670 597 750 626 Jesus
763 605 770 624 :
788 597 863 625 Vade
878 601 966 630 retro,
988 598 1037 625 Sav-

251 650 328 673 tana.
344 645 484 679 Scriptum
507 648 549 671 est
569 644 643 671 enim
662 653 668 671 :
689 643 835 671 Dominum
851 643 936 672 Deum
960 648 1041 672 tuum

248 691 390 723 adorabis,
408 694 435 718 ct
448 690 499 725 ipsi
512 689 563 717 soli
574 689 689 717 servies.
709 699 718 715 I

289 823 353 850 Luc.
370 830 398 856 τ,
421 822 465 854 l8,
484 822 526 850 l9.
541 838 575 843 ——
593 832 602 848 ι
622 822 695 849 Dixit
707 822 840 851 Dominus
849 823 1038 858 septuaginta:

1095 233 1199 269 ῥήματι
1224 234 1436 270 ἐκπορευομένῳ
1467 235 1511 262 διὰ
1544 236 1679 271 στόματος
1707 236 1786 264 Θεοῦ.
1817 238 1884 265 Τότε

1095 280 1305 316 παραλαμϐάνει
1331 281 1412 308 αὑτὸν
1438 282 1452 308 6
1480 282 1604 315 διάϐολος
1629 283 1669 315 είς
1681 283 1731 318 τὴν
1742 283 1824 318 ἁγίαν
1839 284 1884 311 πό-

1093 325 1145 357 λιν,
1163 326 1210 353 καὶ
1222 326 1329 361 ἵστησιν
1346 326 1426 353 αὑτὸν
1436 327 1483 354 ἐπὶ
1505 327 1536 354 τὸ
1554 327 1702 363 πτερύγιον
1720 328 1768 355 τοῦ
1797 329 1884 365 ἱεροῦ,

1094 371 1142 398 καὶ
1157 371 1231 406 λέγει
1246 371 1321 408 αὐτῷ
1332 380 1338 388 ³
1357 373 1388 399 Ei
1404 373 1467 405 Υἱὸς
1480 371 1505 400 εἳ
1527 373 1576 400 τοῦ
1595 374 1675 406 Θεοῦ,
1689 374 1754 409 βάλε
1770 376 1884 402 σεαυτὸν

1094 417 1180 445 κάτω.
1200 415 1266 444 Εἶπε
1287 417 1316 444 δὲ
1331 418 1408 452 αὐτῷ
1433 419 1447 445 6
1478 419 1597 454 Ἰησοῦς·
1631 420 1806 455 Γέγραπται·
1825 421 1887 447 Οὐκ

1094 463 1272 498 ἐκπειράσεις
1287 463 1390 499 Κύριον
1402 464 1448 491 τδν
1471 464 1538 491 Θεόν
1556 472 1615 492 σου.
1626 464 1717 499 ,Πάλιν
1733 466 1883 503 παραλαμ-

1094 509 1170 535 ϐάνει
1185 509 1267 536 αὑτὸν
1283 509 1434 542 ὁδιάϐολος
1455 511 1495 542 εἰς
1520 510 1583 546 ὄρος
1606 511 1709 547 ὑψηλὸν
1736 513 1809 547 λίαν,
1835 514 1886 541 καὶ

1093 553 1229 580 δείκνυσιν
1258 554 1334 590 αὑτῷ
1356 555 1448 587 πάσας
1477 555 1527 588 τὰς
1556 556 1696 592 βασιλείας
1711 558 1759 585 τοῦ
1777 559 1883 594 κόσμου

1094 599 1141 626 καὶ
1155 599 1205 634 τὴν
1218 599 1299 632 δόξαν
1314 600 1416 632 αὐτῶν,
1426 602 1472 628 καὶ
1486 601 1561 636 λέγει
1576 602 1667 638 αὐτῷ·
1684 603 1776 631 Ταῦτα
1793 605 1882 632 πάντα

1095 653 1136 671 σοι
1150 644 1240 676 δώσω,
1257 645 1304 672 ἐὰν
1321 646 1413 674 πεσὼν
1428 648 1624 684 προσκυνήσῃς
1647 657 1703 684 μοι.
1725 649 1792 676 Τότε
1807 650 1883 684 λέγει

1094 691 1167 727 αὐτῷ
1184 692 1199 717 6
1219 692 1342 727 Ἰησοῦς·
1360 693 1471 728 ’Ύπαγε
1495 694 1583 721 ὀπίσω
1614 703 1678 729 μου,
1700 695 1818 723 Σατανᾶ.
1830 696 1881 723 Γέ‹

1094 746 1216 773 γραπται
1231 739 1285 774 γάρ
1296 747 1302 753 ·
1320 739 1423 774 Κύριον
1440 740 1484 766 τὸν
1507 740 1575 767 Θεόν
1597 749 1643 767 σου
1668 742 1880 777 προσκυνήσεις,

1094 784 1141 811 καὶ
1155 784 1229 820 αὑτῷ
1243 785 1316 819 μόνῳ
1328 785 1497 820 λατρεύσεις.
1514 796 1523 812 ι

1133 841 1142 857 ι
1159 830 1227 859 Eine
1244 832 1273 859 δὲ
1286 834 1341 864 τοῖς
1358 833 1546 869 ἐϐδομήκοντα
1560 835 1575 861 6
1590 835 1692 871 Κύριος
1704 844 1711 851 ⁸
1731 836 1883 872 Ἐθεώρουν

253 868 386 896 Videbam
404 868 535 895 Satanam
553 868 626 895 sicut
643 868 735 903 fulgur
759 869 794 896 de
805 869 877 896 cmlo
888 869 1035 897 cadentem

1094 879 1139 904 τὸν
1155 879 1263 905 Σατανᾶ
1277 879 1313 911 ὼς
1333 879 1479 915 ἀστραπὴν
1503 881 1536 907 ἐκ
1550 881 1597 908 τοῦ
1615 882 1730 918 οὐρανοῦ
1753 883 1881 910 πεσόντα.

252 915 324 942 Ecce
359 914 421 941 dedi
440 914 519 940 vobis
548 918 710 948 potestatem
727 914 851 942 calcandi
869 923 953 949 super
981 923 1039 943 scr-

251 965 347 995 pcntes
366 966 394 988 et
410 961 582 995 scorpiones,
597 965 625 987 et
636 967 721 994 super
739 968 849 988 onlnetn
876 965 1040 995 potestatem

250 1007 366 1034 inimici.
386 1015 396 1032 δ

284 1051 345 1079 Jac.
357 1059 392 1084 Iv,
404 1051 482 1078 7,—t
495 1050 628 1078 Resistite
635 1050 758 1083 diabolo,
772 1055 799 1078 et
813 1051 898 1086 fugiet
910 1052 1020 1080 avobis.
1029 1063 1037 1079 ι

286 1096 300 1123 1
316 1096 389 1123 Patr.
407 1104 433 1129 v,
456 1096 480 1123 8.
496 1110 527 1116 —
549 1105 558 1121 ι
578 1095 668 1123 Sobrii
691 1099 779 1124 estote
793 1101 821 1124 et
836 1096 960 1131 vigilate,
974 1098 1040 1132 quia

250 1143 424 1170 adversarius
440 1145 532 1170 vester
549 1142 677 1170 diabolus
704 1146 832 1177 tanquam
853 1142 898 1170 leo
914 1143 1038 1178 rugiens,

248 1189 349 1216 circuit
362 1196 489 1223 quaerens
504 1195 586 1224 quem
603 1188 727 1216 devoret.
743 1188 792 1216 Cui
813 1189 934 1217 resistite
955 1189 1040 1217 fortes

248 1236 275 1263 in
296 1235 358 1263 (ide.
378 1245 388 1261 ι

281 1280 310 1308 S.
325 1281 412 1308 Basil.
442 1279 556 1308 Exlzort.
585 1280 620 1307 ad
641 1280 712 1314 bnpt.
728 1295 763 1300 —
777 1280 920 1315 Dominus,
946 1281 1039 1317 probis

247 1326 316 1353 bons
330 1334 364 1353 ne
378 1326 449 1353 mala
466 1326 583 1353 consilia
595 1326 696 1353 diaboli
718 1327 916 1361 suscipiamus,
943 1328 1037 1360 Hodie,

247 1369 348 1405 inquit,
369 1370 393 1397 u'
409 1378 496 1397 vocem
521 1378 607 1396 meam
631 1370 771 1397 audieritis
790 1371 885 1405 (Hebr.
904 1380 943 1405 Ill,
956 1373 986 1404 7;
1001 1380 1037 1405 Iv,

249 1417 282 1450 7;
296 1416 373 1444 Paul.
390 1424 461 1449 κων,
474 1416 511 1451 8).
528 1416 575 1444 Ille
591 1417 666 1449 dicit,
685 1416 853 1445 Hodiernum
869 1419 942 1446 diem
961 1421 1037 1453 mihi,

247 1462 398 1489 crastinum
416 1462 481 1488 Deo.
505 1461 607 1489 Contra
623 1462 757 1490 Dominus
782 1464 911 1491 inclatttat
929 1473 935 1490 :
953 1465 1039 1493 Hodie

247 1508 271 1534 si
295 1515 382 1534 vacem
412 1515 497 1534 nteant
514 1507 665 1534 audieritis.
692 1507 805 1535 llostem
826 1509 1035 1539 animadverte:

1099 923 1166 950 Ἰδοὺ
1177 924 1273 959 δίδωμι
1291 925 1355 960 ὑμῖν
1369 925 1418 960 τὴν
1448 925 1574 958 ἐξουσίαν
1599 927 1648 954 τοῦ
1671 929 1767 955 πατεῖν
1787 929 1883 956 ἐπάνω

1092 969 1180 1004 ὄφεων
1194 970 1242 996 καὶ
1270 970 1419 1006 σκορπίων,
1437 971 1484 998 καὶ
1515 972 1561 999 ἐπὶ
1588 973 1678 1000 πᾶσαν
1694 973 1744 1008 τὴν
1765 973 1883 1008 δύναμιν

1091 1015 1139 1041 τοῦ
1156 1015 1266 1051 ἐχθροῦ.
1285 1026 1294 1041 ι

1130 1071 1139 1086 ‹
1158 1061 1312 1096 Ἀντίστητε
1330 1061 1368 1096 τῷ
1381 1063 1505 1098 διαϐόλῳ,
1520 1064 1566 1090 καὶ
1577 1063 1705 1097 φεύξεται
1716 1066 1763 1100 ἀφ’
1774 1066 1858 1101 ὑμῶν,
1868 1077 1881 1093 ι

1130 1115 1139 1131 ι
1160 1106 1283 1141 Νήψατε,
1298 1108 1504 1142 γρηγορήσατε,
1520 1109 1561 1135 ὄτι
1577 1109 1711 1142 ἀντίδικος
1727 1110 1803 1146 ὑμῶν
1820 1111 1883 1138 διὰ-

1092 1151 1169 1183 6ολος
1192 1152 1229 1183 ὡς
1256 1152 1325 1178 λέων
1345 1153 1505 1188 ὠρυόμενος
1529 1157 1688 1190 περιπατεῖ,
1712 1155 1802 1192 ζητῶν
1820 1157 1882 1184 τίνα

1091 1197 1228 1233 καταπίῃ
1279 1199 1424 1233 ἀντίστητε
1439 1200 1543 1234 στερεοὶ
1558 1201 1586 1226 ἐν
1599 1201 1699 1228 πίστει.
1719 1212 1727 1227 ι

1125 1283 1180 1316 Τὰς
1194 1285 1315 1320 πονηρὰς
1332 1286 1379 1312 τοῦ
1395 1286 1522 1314 διαϐόλου
1536 1289 1701 1324 συμϐουλίας
1712 1290 1882 1318 ἀποκωλύων

1093 1330 1168 1364 ἡμᾶς
1182 1331 1196 1356 ὁ
1215 1330 1318 1366 Κύριος
1334 1331 1473 1364 δέξασθαι,
1490 1333 1633 1368 Σήμερον,
1651 1335 1744 1370 φησὶν,
1759 1335 1813 1362 ἐὰν
1824 1335 1882 1370 τῆς

1089 1375 1192 1410 φωνῆς
1196 1384 1256 1410 μου
1271 1376 1434 1411 ἀκούσητε.
1451 1378 1568 1410 Ἐκεῖνος
1585 1379 1669 1413 λέγει,
1689 1380 1744 1415 Τὴν
1760 1381 1882 1415 σήμεων

1087 1421 1159 1456 ἐμοὶ,
1178 1422 1224 1448 καὶ
1249 1422 1299 1458 τὴν
1318 1422 1412 1459 αὔριον
1427 1424 1467 1459 τῷ
1481 1424 1551 1460 Θεῷ.
1571 1425 1600 1452 '0
1617 1426 1719 1461 Κύριος
1744 1427 1858 1463 don-.6091
1872 1435 1879 1442 '

1089 1466 1222 1501 Σήμερον
1232 1467 1286 1494 ἐὰν
1297 1467 1351 1502 τῆς
1363 1469 1467 1504 φωνῆς
1474 1479 1534 1505 μου
1544 1471 1706 1505 ἀκούσητε.
1717 1473 1822 1508 Νόησον
1834 1473 1882 1500 τὸν

1088 1512 1200 1548 ἐχθρόν’
1219 1513 1249 1539 οὐ
1266 1514 1355 1549 τολμᾷ
1370 1515 1574 1550 συμϐουλεῦσαι
1596 1517 1713 1545 καθόλου
1727 1519 1882 1554 ἀποστῆναι

248 1560 303 1580 non
322 1552 406 1580 audet
422 1543 540 1580 suadere
559 1553 597 1579 uti
617 1560 731 1587 prorsus
744 1553 926 1582 abscedamus
942 1562 958 1582 a
971 1555 1035 1584 Deo.

1089 1558 1136 1584 τοῦ
1149 1558 1229 1586 Θεοῦ.
1247 1557 1323 1586 Οἱδεν
1340 1561 1381 1588 ὅτι
1409 1562 1479 1598 βαρὺ
1507 1563 1588 1590 τοῦτο
1609 1564 1726 1592 ἀκοῦσαι
1745 1566 1880 1601 Χριστια-

248 1599 306 1626 Scit
323 1599 395 1626 enim
425 1606 507 1633 grave
523 1598 575 1625 ltoc
589 1605 653 1625 esse
677 1598 844 1626 Christianis
865 1599 980 1628 auribus
1010 1606 1037 1629 et

247 1645 406 1672 molestum.
438 1643 538 1671 Verum
556 1643 682 1671 subdolis
703 1643 810 1672 artibus
828 1646 969 1680 negotium
983 1650 1038 1673 tra-

247 1695 313 1718 ctat.
330 1690 426 1717 Solers
444 1690 546 1724 quippe
559 1693 586 1716 et
607 1689 720 1724 sapiens
735 1695 776 1718 est
797 1691 832 1717 ad
861 1692 1038 1720 malefacien-

246 1736 324 1762 dum.
354 1735 524 1763 Hodiernum
557 1735 627 1762 diem
642 1739 732 1763 astute
759 1736 840 1764 nobis
873 1736 1036 1770 suﬂ'uratur,

248 1786 329 1815 atque
355 1781 383 1807 in
401 1781 553 1808 crastinum
566 1780 638 1808 diem
657 1780 735 1808 nobis
754 1781 968 1815 pollicitationes
994 1790 1037 1811 re-

248 1826 358 1861 linquit.
375 1825 488 1858 Deinde,
505 1833 566 1853 eum
582 1826 723 1853 crastinus
738 1826 798 1853 dies
815 1826 920 1860 illuxit,
937 1836 1036 1857 rursus

247 1862 346 1906 praisto
365 1876 408 1899 est
422 1871 510 1898 malus
529 1871 583 1903 ille,
604 1876 632 1897 ut
647 1875 740 1898 nostra
764 1871 908 1898 nobiscum
938 1875 1037 1908 partia-

249 1922 305 1948 tur.
334 1917 443 1952 sibique
470 1918 558 1952 poscit
591 1917 755 1943 hodiernum
782 1917 865 1950 diem,
881 1919 1034 1949 crastinum

248 1963 374 1990 Domino.
390 1962 559 1997 Setnperque
575 1961 602 1988 in
616 1962 688 1989 hunc
708 1962 816 1989 modum
834 1967 943 1999 tempus
964 1974 1035 2001 prm-

1086 1605 1158 1635 νοῖς·
1175 1604 1244 1631 ἀλλὰ
1256 1605 1366 1641 τέχναις
1385 1608 1539 1643 ἀπατηλαίς
1554 1609 1694 1644 μεθοδεύει
1708 1611 1758 1646 τὴν
1773 1613 1880 1647 ἐπιχεί-

1088 1657 1176 1684 ρησιν.
1193 1651 1278 1686 Σοφός
1288 1653 1346 1679 ἐστι
1357 1653 1404 1679 τοῦ
1417 1656 1600 1689 κακοποιῆσαι
1610 1665 1616 1671 ·
1633 1657 1754 1694 σήμερον
1767 1658 1880 1685 κλέπτει

1086 1696 1160 1730 ἡμᾶς
1176 1696 1220 1724 διὰ
1243 1699 1294 1734 τῆς
1322 1699 1473 1734 μεθοδείας,
1500 1702 1551 1728 καὶ
1562 1703 1611 1738 τὴν
1628 1703 1726 1739 αὔριον
1741 1705 1807 1739 ἡμῖν
1827 1706 1878 1737 τὰς

1086 1741 1253 1777 ἐπαγγελίας
1281 1745 1472 1780 περιαφίησιν,
1509 1746 1575 1775 Εἶτα
1601 1749 1712 1776 ἐπειδὰν
1739 1751 1755 1785 ή
1783 1751 1879 1786 αὔριον

1091 1785 1166 1822 ἔλθῃ,
1182 1789 1262 1816 πάλιν
1275 1789 1383 1825 ἔρχεται
1396 1792 1489 1824 κακῶς
1497 1796 1696 1830 συμμεριστὴς,
1708 1795 1786 1831 ἡμῶν
1795 1785 1880 1828 ἀξιῶν

1089 1833 1138 1868 τὴν
1156 1835 1276 1870 σήμερον
1292 1836 1376 1872 αὐτῷ,
1403 1839 1452 1874 τὴν
1470 1839 1499 1865 δὲ
1522 1839 1617 1875 αὔριον
1637 1841 1676 1876 τῷ
1692 1842 1787 1877 Κυρίῳ
1801 1851 1808 1858 ·
1829 1843 1879 1869 καὶ

1089 1879 1174 1912 οὕτως
1188 1881 1242 1913 ἀεὶ,
1256 1882 1286 1909 τὶ)
1308 1883 1356 1917 μὲν
1380 1884 1468 1920 παρὸν
1489 1885 1522 1911 δι’
1544 1886 1644 1921 ἡδονῆς
1662 1887 1877 1923 ἀφαιρούμενος,

1088 1924 1118 1951 τὸ
1131 1925 1159 1952 δὲ
1175 1926 1272 1961 μέλλον
1290 1930 1351 1961 ταῖς
1364 1929 1470 1957 ἐλπίσιν
1485 1931 1565 1966 ἡμῶν
1587 1934 1760 1968 προςαφιεὶς,
1777 1935 1878 1962 λανθά-

1089 1979 1129 1997 νει
1142 1972 1216 2006 ήμᾱς
1232 1973 1424 2001 ἀποϐουκολῶν
1437 1977 1486 2012 τῆς
1500 1977 1584 2012 ζωῆς.

246 2017 311 2037 scus
329 2017 376 2044 per
394 2008 560 2043 voluptatein
577 2007 702 2043 rapiens,
720 2016 752 2036 ac
771 2007 893 2036 futurum
910 2012 968 2046 spei
985 2018 1088 2042 nostra:
1123 2017 1294 2052 relinquens,
1322 2020 1425 2047 sensim
1548 2007 1597 2050 nec
1636 2024 1782 2059 opinantes
1821 2026 1878 2054 vita

257 2056 346 2082 u‘ivat.

257 2063 346 2082 )l‘lval.

246 2063 255 2090 Ι
280 2102 416 2138 Ejusdem,
427 2103 463 2130 De
477 2102 684 2130 invid.—!llalus
696 2107 738 2130 est
752 2103 892 2139 diabolus,
905 2110 932 2134 et
944 2108 1033 2135 omni-

246 2149 307 2183 geni
319 2149 383 2175 ntali
392 2147 506 2181 artifex;
522 2153 549 2176 et
560 2149 791 2184 quemadmodum
804 2150 957 2181 liberalitas
967 2153 1031 2181 boni

1122 2109 1242 2144 Πονηρὸς
1253 2111 1266 2136 ὁ
1284 2110 1416 2143 διάϐολος,
1429 2112 1474 2139 καὶ
1491 2114 1589 2145 κακίας
1600 2115 1732 2146 παντοίας
1746 2115 1876 2151 δημιουρ,

1086 2154 1146 2188 γός·
1164 2155 1211 2180 καὶ
1228 2154 1322 2191 ὥσπερ
1337 2155 1433 2183 ἕπεται
1454 2157 1494 2192 τῷ
1505 2158 1627 2194 ἁγαθῷή
1645 2160 1771 2194 ἀφθονία,
1788 2161 1875 2194 οὕτως

245 2195 418 2222 consectaria
426 2198 478 2225 est,
494 2195 530 2221 ira
545 2194 879 2223 etdiabolntninvidentia
890 2199 1029 2234 sequitur.

1088 2199 1228 2227 Ξικολουθεῖ
1237 2199 1275 2235 τῷ
1285 2200 1401 2236 διαϐόλῳ
1413 2203 1429 2237 ἡ
1445 2191 1591 2238 βασκανίαί

277 2240 350 2268 .Ibid.
369 2239 576 2267 —-lnvidcntite
599 2240 655 2267 telo
675 2248 689 2266 a
719 2241 861 2270 creatione
885 2245 979 2271 mundi
998 2245 1032 2272 ad

245 2293 332 2320 usque
350 2286 444 2313 stceuli
457 2285 537 2312 linem
562 2293 659 2312 omnes
673 2285 738 2312 ferit
755 2288 973 2324 prosternitque,
988 2291 1033 2319 ille

247 2332 309 2358 vita:
323 2336 422 2358 nostra:
432 2331 613 2366 interemptor
625 2330 761 2365 diabolus,
777 2338 930 2369 nostroque
946 2337 1032 2364 exitio

244 2377 377 2413 gaudens.
391 2376 442 2409 Qui
457 2381 568 2411 propter
589 2376 768 2405 invidentiam
787 2379 814 2406 in
836 2385 938 2408 terram
969 2389 1032 2410 cor-

244 2422 310 2455 ruit,
320 2422 415 2449 eodem
432 2429 484 2448 nos
498 2420 602 2459 disjicit
619 2421 683 2449 telo.

278 2469 357 2504 45],
368 2468 491 2503 Ejusdem
500 2468 570 2495 Itom.
581 2467 657 2501 Quod
675 2469 743 2497 Deus
754 2479 807 2498 non
821 2472 856 2499 sit
871 2478 963 2501 auctor
976 2483 1032 2502 nta-

244 2514 274 2542 li.
289 2529 324 2533 —
347 2513 490 2542 Undenam
508 2514 638 2542 diabolus
654 2515 744 2543 malus
757 2516 820 2543 est?
835 2524 867 2544 es
885 2525 935 2545 sua
952 2520 1031 2554 plane

244 2560 333 2595 ipSius
341 2559 494 2587 voluntate.
504 2559 630 2587 Liberam
641 2561 714 2588 enim
730 2561 900 2591 voluntatem
913 2564 1029 2599 habens,

243 2607 380 2640 silanlqne
400 2605 427 2632 in
454 2612 485 2633 se
508 2609 683 2640 potestatem,
717 2607 759 2634 vel
784 2608 942 2637 adluerendi
963 2611 1030 2646 Deo,

243 2651 316 2678 vela
335 2651 407 2678 bono
426 2650 611 2678 desciscendi.
633 2650 747 2679 Gabriel
769 2653 884 2689 angelus
907 2661 979 2690 erat,
999 2665 1032 2685 ac

245 2695 301 2723 Deo
317 2704 426 2732 semper
440 2696 528 2724 astitit
540 2705 547 2727 ;
563 2697 678 2732 angelus
692 2703 752 2726 erat
766 2697 897 2734 Satanas,
913 2706 941 2729 et
952 2710 967 2729 a
979 2711 1030 2731 suo

243 2738 343 2766 ordine
361 2747 483 2775 prorsus
508 2740 625 2770 excidit.
653 2742 753 2777 Atque,
779 2747 810 2770 ut
836 2744 913 2772 illum
930 2748 1030 2776 tuentis

245 2782 370 2810 inductio
382 2784 409 2811 in
425 2785 556 2820 supernis
573 2787 759 2820 conservavit,
773 2788 814 2815 sic
833 2789 907 2817 hunc
921 2799 1030 2826 quoque

243 2827 393 2857 voluntatis
410 2830 523 2871 libertas
546 2832 712 2867 praecipitem
733 2841 747 2861 c
765 2834 841 2863 cmlis
859 2837 1026 2866 exturbavit.

1124 2246 1169 2272 Ἐν
1181 2245 1220 2280 τῷ
1231 2246 1280 2281 τῆς
1311 2247 1461 2281 βασκανίας
1482 2249 1557 2285 ὅπλῳ
1575 2250 1629 2277 ἀπὸ
1648 2252 1803 2287 καταϐολῆς
1826 2254 1874 2279 κό-

1084 2299 1165 2326 σμου,
1195 2291 1278 2327 μέχρι
1291 2293 1447 2326 συντελείας
1469 2295 1578 2328 αἰῶνος,
1598 2297 1703 2329 πάντας
1726 2299 1874 2333 τιτρώσκει

1082 2337 1129 2364 καὶ
1144 2337 1309 2365 καταϐάλλει
1322 2340 1335 2365 6
1352 2339 1462 2373 λυμεὼν
1481 2342 1532 2376 τῆς
1553 2341 1628 2377 ζωῆς
1643 2343 1874 2379 ἡμῶνδιάϐολος,

1082 2383 1129 2410 καὶ
1139 2384 1151 2410 ί.
1162 2384 1266 2419 χαίρων
1274 2386 1306 2420 τῇ
1319 2385 1453 2422 ἀπωλείᾳ.
1463 2388 1492 2413 '0
1505 2389 1670 2416 καταπεσὼν
1685 2391 1730 2417 διὰ
1747 2390 1795 2417 τοῦ
1809 2391 1872 2426 φθό-

1082 2437 1138 2462 νου,
1148 2430 1194 2457 καὶ
1205 2431 1279 2466 ἡμᾶς
1291 2431 1381 2467 ἑαυτῷ
1395 2432 1439 2459 διὰ
1449 2433 1496 2460 τοῦ
1512 2433 1570 2460 ῐσου
1584 2435 1667 2462 ὅπλου
1681 2437 1872 2465 καταϐάλλων.

1117 2476 1203 2503 Πόθεν
1225 2477 1343 2512 πονηρὸς
1355 2479 1369 2505 6
1383 2478 1521 2512 διάϐολοςζ
1543 2481 1575 2508 ἐκ
1590 2483 1640 2516 τῆς
1658 2482 1762 2515 οἰκείας
1774 2491 1873 2519 προαι-

1082 2522 1194 2557 ρέσεως.
1223 2523 1390 2559 Δὺθαὶρετον
1410 2525 1464 2561 γὰρ
1477 2525 1546 2561 ἔχων
1574 2527 1624 2562 τὴν
1652 2528 1736 2564 ζωὴν,
1759 2529 1806 2556 καὶ
1826 2530 1871 2556 ἐπ’

1081 2568 1156 2604 αὐτῷ
1169 2570 1298 2605 κειμένην
1309 2571 1359 2605 τὴν
1372 2571 1506 2605 ἐξουσίαν,
1521 2573 1538 2608 ἣ
1560 2574 1732 2609 παραμένειν
1746 2574 1785 2610 τῷ
1799 2574 1869 2610 Θεῷ,

1081 2615 1097 2650 ἢ
1113 2615 1328 2652 ἀλλοτριωθῆναι
1349 2617 1396 2644 τοῦ
1415 2618 1528 2652 ἀγαθοῦ,
1549 2619 1671 2656 Γαϐριὴλ
1683 2621 1805 2655 ἄγγελος,
1823 2623 1870 2648 καὶ

1082 2661 1240 2696 παρέστηκε
1260 2661 1300 2697 τῷ
1321 2662 1380 2698 Θεῷ
1401 2663 1533 2699 διηνεκῶς
1546 2685 1553 2697 ,
1573 2665 1588 2691 6
1604 2665 1728 2698 Σατανᾶς
1740 2667 1869 2701 ἄγγελος.

1081 2706 1128 2733 καὶ
1143 2706 1255 2739 ἐξέπεσε
1282 2708 1332 2743 τῆς
1358 2710 1463 2741 οἰκείας
1487 2711 1602 2743 τάξεως.
1622 2712 1758 2738 Κὰκεῖνον
1785 2712 1836 2748 μὲν
1853 2715 1870 2748 ἡ

1081 2752 1240 2787 προαίρεσις
1262 2753 1407 2788 διεφύλαξε
1434 2757 1491 2787 τοῖς
1517 2755 1584 2788 ἄνω,
1608 2757 1657 2784 καὶ
1675 2757 1771 2784 τοῦτον
1801 2767 1870 2785 κατ-

1082 2795 1178 2831 έρῤιψε
1197 2798 1245 2832 τῆς
1274 2798 1387 2834 γνώμης
1403 2800 1433 2827 τὸ
1451 2800 1636 2834 αὐτεξούσιον.
1660 2802 1790 2829 Ἦδύνατο
1813 2803 1871 2839 γὰρ

1082 2842 1205 2874 κάκεῖνος
1237 2844 1398 2880 ἀποστῆναι,
1416 2845 1462 2874 καὶ
1476 2844 1553 2879 οὗτος
1574 2847 1611 2882 μὴ
1626 2848 1754 2875 ἐκπεσεῖν
1771 2856 1777 2863 ”
1801 2848 1870 2885 an;
