2056 3113
172 153 241 195 ιιοθ

799 148 916 179 SACRA
935 147 1156 181 T’ARALLELA

1729 155 1796 191 “10

175 211 220 238 τδν
239 210 288 246 μὲν
303 209 450 235 διεσώσατο
477 207 526 242 τῆς
543 207 655 242 ἀγάπης
673 206 721 233 τοῦ
735 206 804 232 Θεοῦ
819 206 850 232 τὸ
862 206 956 241 ἀκόρε-

1013 207 1125 234 Poterat
1140 207 1213 234 enim
1230 208 1257 234 et
1271 207 1317 234 ille
1332 215 1346 235 ιι
1363 209 1417 236 Deo
1431 209 1599 244 desciscere,
1622 215 1650 239 et
1675 211 1721 240 hic
1741 222 1795 242 non

177 265 248 290 στον,
263 255 308 282 τὸν
322 255 349 281 δὲ
364 253 517 289 ἀπόϐλητον
538 252 636 285 ἔδειξεν
655 253 671 288 ἠ
686 254 718 279 ὲκ
737 251 805 279 Θεοῦ
817 251 962 287 ἀναχώρη-

177 310 229 334 σις.

209 387 296 415 Πόθεν
316 385 363 414 οὖν
379 387 454 422 αὑτῷ
468 387 483 413 ὁ
497 387 566 422 πρὸς
589 388 673 423 ἡμᾶς.
688 387 806 422 πόλεμος
819 395 826 420 ;
840 387 901 413 Ὅτι
917 387 959 413 δο-

174 435 246 469 χεῖον
259 434 288 460 ὃν
307 434 400 469 πάσης
426 433 537 465 κακίας,
553 432 663 465 ἐδέξατο
677 433 724 460 καὶ
738 433 786 459 τοῦ
799 433 896 467 φθόνου
910 433 960 468 τὴν

174 480 262 512 νόσον,
281 479 329 506 καὶ
343 479 494 514 ἐϐάσκηνεν
508 479 574 514 ἡμῖν
593 479 642 513 τῆς
657 479 749 514 τιμῆς.
763 479 800 504 Οὐ
815 479 870 513 γὰρ
880 478 961 512 ἠνεγ-

175 535 207 552 κε
222 526 273 560 τὴν
287 525 390 552 ἄλυπον
418 525 495 560 ὴμῶν
526 524 597 560 ζωὴν
613 525 662 559 τὴν
680 525 708 551 ὲν
720 524 758 559 τῷ
790 524 960 559 παραδείσῳ,

172 571 259 603 δόλοις
266 570 347 597 δὲκαὶ
360 570 554 606 μηχανήμασιν
569 570 744 605 ἐξαπατήσας
752 569 796 595 τὸν
805 568 959 604 ἄνθρωπον,

175 617 220 643 καὶ
235 616 284 651 τὴν
299 615 447 650 ἐπιθυμίαν
459 615 541 642 αὐτοῦ
553 615 586 649 ἣν
602 614 680 649 ἔσχεν
699 615 765 650 πρὸς
779 614 809 641 τὸ
826 613 960 648 ὁμοιωθῆ-

173 671 217 689 ναι
231 661 301 696 Θεῷ,
317 661 403 697 ταύτῃ
425 661 493 696 πρὸς
522 660 571 696 τὴν
597 660 704 695 ἀπάτην
719 659 958 694 ἀποχρησάμενος,

173 707 257 738 ἔδειξε
275 706 306 733 τὸ
322 705 411 738 ξύλον,
434 706 482 732 καὶ
503 705 684 740 ἐπηγγείλατο
710 705 754 732 διὰ
769 706 818 740 τῆς
831 705 960 741 βρώσεως

173 753 255 780 αὑτοῦ
271 753 364 788 ὅμοιον
376 751 436 786 Θεῷ
457 752 650 788 καταστήσειν.
680 752 747 778 Ἐὰν
759 751 813 786 γὰρ
833 750 957 786 φάγητε,

175 799 269 835 φησιν,
286 799 394 826 ἔσεσθε
414 799 453 830 ὡς
470 798 542 830 θεοὶ,
573 797 774 832 γινώσκοντες
792 797 889 824 καλὸν
910 797 960 824 και

174 844 319 879 πονηρόν.
333 844 391 870 Οὐκ
418 843 514 878 ἐχθρὸς
542 844 632 869 τοίνυν
655 844 721 878 ἡμῖν
738 842 956 878 κατεσκευάσθη,

172 890 231 917 ἀλλ’
248 891 280 917 ὲκ
303 890 468 925 ζηλοτυπίας
489 890 554 924 ἡμῖν
571 890 610 920 εἰς
636 889 736 924 ἔχθραν
763 888 957 923 ἀντικατέστη.
975 879 996 906 Β

179 935 264 970 Ὁρῶν
280 935 333 971 γὰρ
349 935 446 962 ἑαυτὸν
460 935 556 962 ἐκτῶν
579 934 703 968 ἀγγέλων
736 933 878 968 ῥιφθέντι,
906 933 956 960 οὐκ

172 981 253 1016 ἔφερε
264 981 374 1016 βλέπειν
388 981 432 1008 τὸν
445 981 537 1016 γήϊνον
557 984 596 1012 εἰς
607 980 655 1014 τὴν
672 979 750 1012 ἀξίαν
765 979 818 1005 τῶν
834 979 957 1013 ἀγγέλων

170 1028 215 1054 διὰ
242 1027 385 1062 προκοπῆς
413 1027 609 1061 ἀνυψοὺμενον.
640 1025 749 1060 Ἐπειδὴ
778 1022 824 1051 οὖν
846 1025 956 1058 γέγονεν

172 1073 267 1108 ἐχθρὸς
285 1073 373 1108 ἡμῶν,
391 1072 524 1107 ἐφύλαξεν
538 1071 628 1108 ἡμῖνὸ
641 1071 705 1102 Θεὸς
724 1071 772 1105 τὴν
788 1070 856 1105 πρὸς
874 1069 956 1096 αὑτὸν

168 1118 340 1150 ἐναντίωσιν,
352 1117 427 1152 δι’ἢν
440 1117 479 1151 τῷ
489 1116 726 1151 ὑπηρετησαμὲνῳ
739 1114 813 1148 αὐτῷ
821 1113 955 1147 διελέγετο

171 1164 239 1198 πρὸς
253 1164 334 1190 αὐτον
356 1163 404 1198 τὴν
421 1162 546 1198 ἀπειλὴν,
564 1162 604 1188 ὅτι
621 1162 753 1196 Ἓχθραν
779 1161 861 1193 θήσω
885 1160 956 1186 dra-

171 1206 266 1240 μέσον
273 1214 341 1239 σου,
358 1206 407 1233 καὶ
421 1206 575 1240 ἀναμέσον
591 1205 644 1231 τοῦ
662 1204 834 1239 σπέρματος
850 1203 954 1237 αὐτῆς.

1011 253 1137 280 excidere
1155 262 1161 279 :
1182 256 1209 279 at
1225 253 1302 280 illum
1315 255 1425 288 quidem
1443 256 1617 291 inexplebilis
1629 265 1693 293 erga
1711 257 1795 286 Deum

1011 297 1134 325 Charitas
1146 299 1318 326 conservavit
1334 308 1341 332 ;
1360 300 1423 327 huic
1438 308 1503 328 vero
1524 309 1621 330 rursus
1638 304 1759 331 secessio
1780 312 1797 331 a

1011 342 1067 370 Deo
1082 343 1134 370 hoc
1147 344 1251 375 attulit,
1266 349 1296 371 ut
1310 345 1470 379 ejiceretur.

1046 388 1141 424 Ejusd.
1153 390 1218 416 ibid.
1237 404 1271 410 —
1282 390 1351 424 Quid
1365 399 1457 419 causm
1472 393 1555 428 igitur
1571 397 1612 421 est
1626 401 1676 422 cur
1686 395 1796 424 diaboltt

1010 434 1067 461 lum
1082 435 1228 462 adversum
1246 443 1297 463 nos
1320 437 1492 472 susceperit?
1513 438 1594 471 Quia,
1618 448 1680 468 cum
1706 442 1796 469 omnis

1010 479 1168 508 vitiositatis
1192 482 1420 516 conceptaculum
1457 488 1539 515 esset.
1567 485 1663 513 livoris
1687 494 1797 521 quoque

1011 525 1138 553 morbum
1153 528 1273 562 excepit,
1291 532 1318 555 et
1341 533 1465 556 nostrum
1484 530 1564 557 nobis
1580 529 1711 558 honorent
1726 532 1797 559 invi-

1011 570 1058 596 dit.
1080 570 1173 606 Neque
1195 573 1267 599 enim
1288 577 1412 600 nostram
1433 575 1459 601 in
1478 575 1609 610 paradiso
1625 577 1710 604 vitam
1736 585 1797 605 mo-

1010 615 1096 643 lestiae
1112 617 1203 644 omnis
1219 621 1359 653 expertem
1383 619 1456 646 ferre
1479 621 1567 654 potuit
1588 629 1596 649 :
1613 630 1710 649 verum
1724 623 1796 652 dolis

1010 665 1036 689 et
1049 661 1128 689 malis
1149 663 1255 691 artibus
1276 664 1413 692 hominem
1443 665 1597 694 luditicatus
1614 672 1667 701 est,
1692 676 1797 705 suaque

1010 705 1054 733 illa
1071 706 1234 741 cupiditate,
1248 717 1301 743 qua
1318 708 1374 737 Deo
1388 709 1447 737 ﬁcri
1464 711 1582 738 similem
1595 713 1751 747 expetebat,
1761 714 1796 742 ad

1010 750 1133 778 fraudem
1159 753 1309 786 abutendo,
1331 754 1433 790 lignum
1459 757 1635 790 monstravit,
1655 766 1740 793 seque
1760 760 1797 786 ia-

1010 800 1118 824 cturum
1135 798 1277 832 pollicitus
1294 804 1337 827 cst
1362 805 1401 832 ut.
1424 801 1446 829 si
1468 809 1500 829 ex
1520 810 1553 830 eo
1571 803 1676 837 ederet,
1694 804 1739 831 Dei
1757 799 1800 833 si:

1011 841 1194 870 militudinem
1218 844 1428 880 adipisceretur.
1458 846 1488 874 Si
1515 847 1603 875 enim“
1617 850 1794 883 comederilis,

1010 886 1111 922 inquit,
1138 889 1212 922 eritis
1229 891 1296 917 sicut
1323 891 1373 922 dii,
1391 892 1502 919 scientes
1521 892 1617 920 bonum
1646 898 1671 921 et
1695 895 1795 922 malum

1011 932 1087 967 (Gen.
1105 942 1146 966 ni,
1164 935 1202 971 5).
1225 935 1360 968 Quoeirca
1385 945 1437 964 non
1463 932 1548 966 nobis
1562 938 1650 967 hostis
1666 939 1796 969 conditus

1009 982 1062 1010 est,
1080 979 1126 1006 sed
1149 987 1183 1007 ex
1204 981 1354 1009 invidentia
1378 984 1405 1009 in
1428 983 1521 1010 odium
1549 985 1634 1012 nostri
1658 985 1794 1020 prorupit.

1008 1021 1076 1049 Nam
1090 1031 1151 1050 cum
1166 1031 1196 1051 se
1207 1025 1241 1052 ab
1255 1026 1412 1060 angelorum
1428 1027 1515 1055 classe
1528 1027 1646 1061 ejectum
1665 1029 1722 1063 ipse
1734 1037 1797 1057 cer-

1009 1073 1097 1102 neret,
1115 1077 1177 1097 eum
1194 1071 1239 1105 qui
1257 1075 1386 1100 terrenus
1399 1077 1472 1100 esset
1486 1073 1519 1100 ad
1536 1075 1694 1109 angelorum
1710 1075 1799 1109 dignL

1010 1118 1094 1141 tatem
1110 1121 1234 1143 erectum
1249 1117 1343 1146 videre
1360 1125 1413 1146 non
1427 1123 1548 1154 poterat.
1561 1119 1695 1152 Quoniam
1712 1120 1796 1156 igitur

1009 1159 1097 1188 bostis
1120 1167 1215 1191 noster
1234 1163 1348 1192 eﬂ'cctus
1366 1168 1420 1198 est,
1447 1165 1551 1192 idcirco
1570 1165 1641 1193 Deus
1660 1166 1712 1193 hoc
1727 1166 1794 1201 egit,

1010 1209 1040 1232 ut
1053 1206 1113 1241 ejus
1130 1208 1280 1236 adversarii
1297 1216 1440 1243 essemus;
1467 1210 1531 1238 dum
1549 1210 1665 1238 bestiam
1681 1219 1742 1246 qum
1755 1212 1794 1243 illi

166 1258 279 1286 operam
310 1255 470 1285 navaverat,
485 1250 689 1283 comminando,
705 1250 745 1278 sic
759 1249 836 1277 illum
849 1248 984 1275 allocutus
1001 1254 1044 1277 est
1066 1258 1073 1276 :
1100 1251 1260 1281 Inimicitias
1294 1263 1390 1289 ponam
1419 1255 1488 1282 inter
1512 1260 1546 1288 te,
1567 1261 1591 1283 et
1617 1257 1685 1283 inter
1708 1265 1801 1302 semen

169 1300 227 1334 ejus
243 1299 324 1334 (Ibid.
341 1299 396 1335 ιε).

211 1347 320 1383 Ἐπειδὴ
333 1347 443 1382 γέγονεν
458 1347 614 1382 ἀποστάτης
623 1347 637 1373 ὁ
648 1346 782 1378 διάϐολος,
795 1343 891 1380 ἐχθρὸς
905 1345 954 1379 μὲν

168 1394 254 1426 Θεοῦ,
269 1394 365 1429 ἐχθρὸς
383 1393 411 1419 δὲ
427 1393 481 1420 τῶν
503 1392 666 1428 ἀνθρώπων,
692 1391 747 1419 τῶν
773 1391 834 1417 κατ’
862 1389 956 1416 εἰκόνα

165 1439 235 1465 Θεοῦ
263 1437 466 1473 γεγενημένων,
493 1437 538 1464 διὰ
562 1437 641 1464 τοῦτό
671 1438 730 1464 ἐστι
752 1436 953 1472 μισάνθρωπος

170 1485 238 1511 διότι
251 1485 297 1511 καὶ
313 1484 458 1518 θεομάχος,
474 1483 520 1509 καὶ
534 1484 609 1518 μισεῖ
620 1484 695 1518 ἡμᾶς
709 1483 746 1514 ὡς
758 1482 895 1516 κτίσματα
907 1479 954 1506 τοῦ

169 1528 317 1560 Δεσπότου,
339 1528 387 1554 καὶ
403 1527 440 1559 ὡς
454 1527 581 1562 ὁμοίωμα
603 1526 671 1553 Θεοῦ
680 1527 749 1573 ““καὶ
769 1525 955 1573 συνεχρήσατο
969 1544 991 1573 c

165 1571 252 1599 αὐτοῦ
270 1573 304 1606 τῇ
320 1571 436 1606 πονηρίᾳ
448 1571 486 1602 εἰς
502 1571 653 1605 γυμνάσιον
669 1570 723 1596 τῶν
748 1571 891 1606 ἡμετέρων
902 1570 955 1604 ψυ-

171 1617 228 1653 χῶν
237 1619 251 1645 ὁ
264 1617 353 1651 σοφῶς
364 1617 412 1643 καὶ
437 1616 625 1652 προνοητικῶς
644 1616 793 1651 οἰκονομῶν
805 1616 839 1642 τὰ
850 1615 955 1650 ἀνθρὼ-

171 1673 245 1696 πινα,
259 1664 354 1698 ὥσπερ
372 1662 463 1697 ἰατρὸς
474 1661 519 1688 τὸν
532 1662 581 1697 τῆς
595 1661 702 1696 ἐχίδνης
728 1661 767 1688 ιδν
797 1661 837 1693 εἰς
865 1669 954 1696 σωτη·

171 1709 238 1745 ρίων
267 1708 423 1743 φαρμάκων
444 1707 616 1742 κατασκευὴν
643 1705 955 1741 ἀποχρώμενος.ξΣατᾶν

172 1756 220 1791 μὲν
229 1753 275 1782 οὖν
289 1755 409 1789 λέγεται,
426 1753 471 1781 διὰ
482 1753 512 1780 τὺ
523 1751 691 1780 ἀντικεῖσθαι
702 1752 741 1787 τῷ
755 1751 859 1787 ἀγαθῷ.

204 1898 264 1925 Τῶν
294 1897 600 1932 ἀγγέλωνὸστασιὰσαι
625 1895 775 1930 τολμήσας,
809 1895 856 1920 καὶ
883 1893 952 1929 ὑπὲρ

169 1944 218 1979 τὴν
228 1943 305 1975 ἀξίαν
320 1943 446 1978 ἀρθῆναι,
471 1941 616 1969 κατέναντι
636 1940 740 1975 Κυρίου
768 1939 953 1974 παντοκράτο-

170 1996 216 2025 ρος
239 1988 438 2024 τραχηλιάσας,
466 1988 513 2015 καὶ
529 1987 600 2023 ὑπὲρ
611 1986 645 2013 τὶς
656 1986 724 2020 νέφη
743 1985 878 2020 καθέδραν
892 1986 953 2011 ἑπι-

169 2036 247 2067 νοῶν,
261 2035 298 2067 ὡς
314 2036 327 2062 ὁ
341 2034 430 2068 λόγος,
443 2034 521 2069 δίκην
549 2032 633 2060 ἔδωκε
649 2032 699 2067 τῆς
718 2031 846 2063 ἀπονοίας
863 2031 951 2064 ἀξὶαν,

171 2080 265 2111 σκότος
278 2079 337 2106 ἀντὶ
350 2078 439 2113 φωτὸς
456 2075 524 2105 εἶναι
541 2076 731 2112 κατακριθείς.

169 2246 259 2285 TITI}.
271 2246 344 2285 κεῖς.
358 2245 427 2285 μερὲ
451 2244 634 2285 δυσπιᾳτίας
651 2251 657 2258 ·
669 2243 735 2285 Auiti.
761 2243 806 2270 ὅτι
821 2244 838 2270 δ
849 2242 951 2285 affer)-

206 2282 283 2315 λόγῳ
304 2278 384 2314 αἰτίᾳ
397 2278 635 2312 δυσπιστήσας,
666 2278 726 2310 Θεῷ
746 2278 951 2313 συγγινώσκε-

205 2324 260 2341 ται.

206 2393 215 2409 ι
230 2381 312 2409 Εἶπεν
325 2383 339 2408 ὁ
355 2382 421 2413 Θεὸς
437 2381 475 2416 τῷ
494 2380 637 2416 ’Δὸραὰμ“
653 2381 727 2416 Σάρα
741 2381 758 2416 ἡ
769 2380 837 2415 γυνή
862 2389 908 2406 σου
920 2381 949 2406 οὐ

169 2428 334 2463 κληθήσεται
345 2426 375 2453 τὸ
390 2426 476 2461 ὄνομα
490 2425 575 2460 αὐτῆς
588 2425 674 2460 Σάρα,
687 2423 755 2451 ἀλλὰ
767 2424 860 2459 Σάρῤα
873 2424 950 2451 ἔσται

167 2473 197 2500 τὸ
213 2473 297 2507 ὄνομα
309 2472 403 2506 αὐτῆς.
423 2471 570 2506 Εὑλογήσω
584 2471 612 2496 δὲ
623 2469 718 2505 αὐτὴν,
746 2470 794 2496 καὶ
810 2469 888 2496 δώσω
909 2478 950 2496 σοι

167 2518 196 2550 ἐξ
207 2517 290 2552 αὐτῆς
308 2517 413 2548 τέκνον,
428 2516 475 2542 καὶ
494 2515 634 2550 εὐλογήσω
655 2514 747 2547 αὐτὸν,
764 2513 812 2540 καὶ
821 2513 896 2540 ἔσται
910 2515 949 2545 εἰς

167 2564 255 2596 ἔθνος,
276 2562 322 2588 καὶ
346 2561 465 2597 βασιλεῖς
477 2561 506 2593 ἐξ
520 2560 602 2588 αὐτοῦ
631 2559 747 2586 ἔσονται.
772 2559 826 2585 Καὶ
851 2558 949 2585 ἔπεσεν

173 2608 297 2642 Ἀϐραὰμ
327 2607 374 2633 ἐπὶ
404 2606 561 2641 πρόσωπον,
589 2605 637 2632 καὶ
661 2602 739 2631 εἶπεν
753 2604 782 2630 ὲν
792 2604 825 2639 τῇ
846 2602 950 2640 διανοίᾳ

166 2652 247 2679 αὑτοῦ
258 2653 344 2686 λέγων
357 2661 363 2667 ·
374 2652 405 2678 El
419 2651 458 2687 τῷ
470 2652 668 2683 ἑκατονταετεῖ,
684 2652 732 2678 καὶ
746 2650 839 2686 saepe:
854 2651 949 2685 ἐνενή-

167 2707 248 2725 κοντα
270 2698 337 2724 ἑτῶν
354 2696 420 2724 οὖσα
446 2695 652 2731 τέξεται;Εῐπε
667 2697 696 2724 δὲ
722 2697 847 2732 Ἀὃραὰμ
880 2697 948 2732 πρὸς

165 2743 210 2773 τὸν
226 2742 292 2769 Θεόν
305 2750 312 2757 ·
335 2742 446 2778 Ἶσμαὴλ
457 2740 536 2774 οὗτος
546 2741 659 2777 ζήσεται
673 2743 793 2769 ἐναντίον
808 2751 864 2770 σου.
879 2740 948 2770 Eius

165 2788 194 2814 δὲ
216 2789 230 2814 ὁ
246 2786 313 2818 Θεδς
340 2788 379 2823 τῷ
401 2787 526 2823 Ἀϐραάμ
541 2796 548 2803 ·
576 2787 643 2814 Ἰδοὺ
673 2788 765 2824 Σάρρα
779 2789 795 2823 ἡ
809 2790 877 2825 γυνή
900 2798 947 2816 σου

166 2833 273 2868 τέξεταί
282 2842 322 2861 σοι
336 2834 404 2868 υἱὸν,
417 2834 465 2861 καὶ
475 2834 599 2866 καλέσεις
606 2833 636 2861 τὸ
645 2834 730 2870 ὄνομα
742 2835 825 2863 αὐτοῦ
843 2837 948 2866 Ἰσαάκ.

1044 1342 1161 1370 Ibid.—
1172 1345 1308 1378 Quoniam
1329 1346 1455 1374 diabolus
1470 1347 1571 1375 defecit
1584 1348 1793 1384 rebellavitque,

1008 1394 1039 1415 ac
1056 1395 1117 1416 cum
1131 1389 1191 1423 Dci,
1207 1395 1262 1417 tum
1276 1392 1357 1418 etiam
1370 1392 1522 1426 hominum,
1534 1393 1580 1428 qui
1597 1393 1630 1421 ad
1647 1394 1793 1430 imaginem

1010 1433 1055 1461 Dei
1068 1435 1174 1462 conditi
1191 1440 1266 1470 sunt,
1285 1437 1389 1464 hostem
1405 1445 1434 1465 se
1450 1438 1596 1473 professus
1613 1443 1665 1472 est,
1681 1440 1716 1467 ob
1733 1448 1795 1468 eam

1008 1485 1119 1506 causam
1131 1480 1257 1510 homines
1270 1482 1340 1516 odit,
1359 1485 1423 1517 quia
1441 1483 1487 1512 Dei
1502 1492 1614 1520 quoque
1629 1490 1671 1513 est
1687 1486 1792 1519 hostis;

1008 1530 1114 1559 nosque
1128 1532 1178 1553 ceu
1193 1526 1302 1554 Domini
1321 1532 1476 1561 creaturas,
1491 1530 1572 1564 cujus
1591 1535 1618 1558 et
1631 1531 1792 1560 similitudi-

1007 1576 1068 1596 nem
1082 1577 1221 1604 geramus,
1238 1571 1337 1599 infesto
1356 1573 1419 1600 odio
1434 1574 1597 1603 insectatur.
1616 1576 1688 1604 Deus
1699 1571 1802 1612 porro;

1007 1615 1092 1649 utqui
1105 1616 1245 1650 sapienter
1256 1621 1283 1644 ct
1294 1619 1406 1652 provide
1418 1626 1463 1647 res
1477 1619 1614 1649 humanas
1624 1622 1791 1656 moderetur,

1006 1660 1039 1687 ad
1065 1660 1223 1688 animorum
1260 1667 1417 1690 nostrorum
1445 1665 1672 1694 exercitationem
1707 1668 1792 1702 ipsius

1007 1704 1145 1740 impietate
1165 1713 1232 1734 usus
1246 1711 1299 1740 est,
1330 1708 1443 1743 perinde
1454 1714 1536 1745 atque
1557 1711 1681 1739 medicus
1691 1707 1800 1748 viperae»

1005 1756 1109 1777 veneno
1123 1751 1156 1778 ad
1172 1752 1334 1780 salutarium
1362 1754 1623 1783 medicamentorum
1641 1756 1799 1790 confectio-f

1005 1801 1066 1821 nem
1081 1795 1157 1822 abuti
1175 1796 1254 1825 solet.
1277 1796 1360 1824 Satan
1384 1805 1450 1826 vero
1475 1798 1581 1827 idcirco
1603 1793 1799 1837 nuncupatur,E

1004 1838 1077 1873 quod
1093 1839 1165 1867 bono
1179 1841 1338 1870 contrarius
1352 1842 1398 1870 sit.
1795 1839 1799 1843 ’

1038 1895 1066 1924 S.
1081 1895 1187 1932 Gregor.
1207 1897 1277 1926 Naz.
1292 1904 1361 1927 erat.
1376 1899 1414 1928 De
1433 1909 1507 1933 pace.
1524 1918 1558 1922 —
1573 1902 1612 1930 Ex
1629 1905 1797 1940 angclorum‘

1003 1945 1076 1968 cmtu
1099 1942 1123 1969 is
1147 1943 1192 1977 qui
1208 1944 1373 1972 seditionem
1395 1953 1506 1974 movere
1521 1955 1607 1976 ausus
1625 1948 1687 1982 fuit,
1706 1958 1791 1986 scqtte

1003 1994 1086 2022 supra
1107 1987 1268 2022 dignitatem
1290 1996 1368 2016 suam
1398 1990 1506 2023 eii'erre.
1531 1992 1567 2020 ita
1599 1997 1628 2021 ut
1656 1995 1790 2023 adversus

1001 2032 1218 2066 omnipotentem
1244 2032 1389 2061 Dominum
1407 2036 1575 2070 superbiret,
1591 2042 1618 2065 ct
1633 2047 1716 2075 supra
1739 2049 1790 2068 nu—

1002 2077 1061 2111 bes,
1079 2082 1108 2105 ut
1132 2077 1171 2104 ait
1193 2077 1345 2113 Scriptura,
1367 2087 1471 2114 ponere
1492 2081 1622 2110 thronum
1644 2084 1789 2120 cogitaret,

1003 2131 1098 2159 poenas
1122 2124 1279 2159 arrogantia
1299 2131 1349 2153 sua
1367 2125 1464 2161 dignas
1479 2126 1569 2161 dedit;
1592 2128 1643 2157 hoc
1660 2130 1796 2160 nimirum’

1004 2169 1141 2204 supplicio
1159 2170 1303 2204 tnultatus,
1316 2174 1346 2198 ut
1362 2179 1412 2206 pro
1428 2173 1488 2200 luce
1501 2174 1590 2210 caligo
1604 2175 1690 2203 ﬁeret.

1002 2247 1183 2288 ΤΙῬᾸΧῩΙ.
1199 2242 1234 2269 ὲ
1252 2249 1510 2288 Βςίιιονειίιιίίιαιω
1529 2257 1553 2279 cl
1582 2253 1652 2286 quod
1666 2254 1713 2288 qui
1727 2263 1788 2288 pro-

1039 2283 1121 2310 babili
1138 2292 1169 2311 ea:
1184 2292 1266 2312 causa
1279 2285 1333 2312 Deo
1349 2294 1401 2313 non
1416 2283 1508 2314 statim
1537 2283 1632 2320 credit,
1649 2283 1786 2317 is'ren'ium

1037 2324 1218 2354 ranaequalur.

1039 2383 1103 2412 Gen.
1119 2392 1185 2416 xm,
1210 2384 1304 2413 15-19.
1321 2400 1356 2406 —-
1375 2395 1384 2411 ι
1406 2386 1480 2414 Dixit
1500 2386 1634 2416 Dominus
1649 2388 1682 2415 ad
1698 2389 1786 2416 Abra-

1001 2428 1064 2456 ham
1086 2437 1092 2455 :
1111 2429 1179 2456 Sara
1198 2437 1268 2457 uxor
1297 2434 1343 2458 tua
1360 2439 1416 2458 non
1444 2433 1590 2460 vocabitur
1614 2435 1787 2469 nomencjus

1001 2473 1081 2506 Sara,
1109 2474 1157 2502 sed
1174 2475 1258 2503 Sarra
1276 2476 1329 2503 erit
1354 2484 1454 2504 nomen
1487 2478 1586 2512 ipsius.
1603 2479 1680 2507 Hanc
1692 2485 1786 2508 autem

1001 2518 1170 2553 bcnedicam,
1187 2524 1215 2548 et
1230 2521 1302 2549 dabo
1321 2521 1369 2549 tibi
1385 2529 1418 2549 ex
1430 2529 1462 2550 ea
1472 2522 1569 2556 ﬁlium,
1585 2527 1612 2552 et
1628 2524 1785 2553 benedicant

979 2583 980 2586 η
1002 2564 1092 2597 illum,
1106 2569 1134 2593 et
1147 2566 1199 2593 erit
1215 2566 1242 2594 in
1263 2571 1383 2602 gentem,
1398 2573 1426 2595 et
1441 2575 1520 2604 rcges
1548 2576 1581 2597 ex
1605 2569 1668 2605 ipso
1692 2575 1784 2599 erunt.

1001 2609 1034 2637 Et
1060 2610 1161 2638 cecidit
1176 2612 1314 2640 Abraham
1330 2613 1411 2649 452
1427 2614 1455 2641 in
1481 2614 1580 2643 faciem
1597 2623 1689 2649 suam,
1705 2622 1733 2645 et
1746 2619 1786 2646 ait

1001 2655 1028 2683 in
1046 2660 1138 2685 mente
1151 2664 1200 2685 sua
1211 2657 1309 2686 dicens
1323 2668 1330 2686 :
1348 2658 1376 2686 Si
1394 2661 1564 2694 centenario,
1581 2662 1604 2690 si
1621 2662 1702 2690 Sarra
1713 2671 1784 2699 quo~

1000 2709 1054 2737 que
1067 2705 1253 2738 nonagenaria
1270 2706 1379 2740 pariet?
1397 2705 1470 2734 Dixit
1489 2714 1574 2742 porro
1595 2707 1733 2736 Abraham
1750 2711 1783 2737 ad

1001 2746 1085 2775 Deum
1101 2747 1216 2777 :lsmael
1232 2749 1285 2777 iste
1299 2750 1373 2778 vivat
1387 2759 1480 2779 coram
1496 2757 1533 2780 te.
1558 2752 1591 2779 Et
1608 2753 1646 2780 ait
1661 2752 1735 2781 Deus
1749 2755 1784 2782 ad

999 2792 1137 2820 Abraham
1155 2801 1161 2820 :
1184 2795 1253 2823 Ecce
1272 2794 1355 2824 Sarra
1371 2804 1441 2824 uxor
1455 2801 1502 2825 tua
1519 2799 1607 2833 pariet
1618 2799 1666 2826 tibi
1683 2799 1782 2831 tilium.

1000 2842 1027 2867 et
1042 2839 1153 2869 vocabis
1169 2848 1268 2870 nomen
1284 2841 1445 2880 cjus_lsaac.
1463 2843 1496 2871 Et
1519 2847 1638 2873 statuam
1670 2849 1782 2879 pactum
