2073 3112
250 137 317 171 1411

845 130 875 159 S.
896 128 1056 160 JOANNIS
1074 127 1291 158 DAMASCENI

1823 125 1892 158 1-112

249 202 340 224 meum
355 194 393 221 illi
409 193 437 220 in
453 193 561 227 pactum
576 187 787 223 sempiternum,
805 191 835 214 ut
850 188 903 215 sim
914 187 939 214 ei
961 186 1044 219 Deus.

1104 185 1153 212 Kal
1172 184 1265 219 στήσω
1275 183 1325 219 τὴν
1341 182 1475 227 διαθήκην
1491 190 1542 217 μου
1558 181 1629 217 πρὸς
1655 180 1737 208 αὑτὸν
1746 181 1787 214 εἰς
1797 180 1892 218 διαοή-

250 247 277 269 et
289 240 389 270 semini
401 239 461 273 ejus
475 240 538 272 post
552 242 626 263 eum.
649 243 658 260 ι

284 328 328 356 1V
346 327 410 362 ch.
440 332 488 356 vn,
507 324 532 357 1,
547 323 575 349 2.
597 337 632 342 -—
651 331 660 347 ι
677 320 751 357 Dixjt
780 319 890 347 Eliseus
911 328 917 345 :
936 317 1042 352 Duplex

250 381 380 403 mensura
412 371 482 399 eicio
496 370 559 401 erit.
575 372 602 396 et
624 373 753 394 mensura
769 365 867 393 similae
885 364 954 392 siclo
988 370 1042 390 uno

250 421 305 449 erit
318 420 370 447 hac
402 418 463 453 ipsa
480 417 548 443 hora
564 414 685 442 crastina
701 412 746 439 die
764 411 792 438 in
809 413 886 444 porta
902 408 1042 437 Samaria}.

251 468 284 495 Et
298 464 443 501 respondit
456 461 603 499 praefectus
619 458 722 490 Eliseo,
746 462 775 485 et
789 455 859 484 dixit
877 463 883 480 :
897 454 970 482 Ecce
989 454 1044 481 Do-

251 513 345 540 minus
361 510 446 537 l'aciat
469 511 624 536 cataractas
639 505 665 532 in
683 504 765 535 ccelo,
781 509 838 529 non
855 501 908 528 erit
925 501 1040 528 verbum

253 559 315 586 hoc.
336 556 369 584 Et
389 556 458 584 dixit
486 554 592 581 Eliseus
606 561 613 579 :
627 551 698 579 Ecce
724 548 833 576 videbis
850 546 940 575 oculis
975 547 1043 580 tuis,

253 609 280 632 et
295 602 394 631 exinde
414 606 588 635 nequaquam
607 596 746 625 comedes.
764 603 773 620 ι

290 649 354 676 Luc.
372 656 392 680 ι,
410 646 546 674 18-20.-—
563 653 572 670 ι
592 642 823 670 DixitZacharias
836 641 870 669 ad
889 639 1015 676 angelum
1035 647 1042 666 :

254 693 398 729 Quomodo
428 692 480 719 hoc
509 690 616 725 sciam?
645 689 701 724 Ego
728 688 802 715 enim
826 695 887 715 sum
907 694 1002 718 senex,
1019 689 1046 712 et

255 747 324 767 uxor
340 745 400 765 mea
418 735 553 772 processit
570 735 597 762 in
612 734 710 761 diebus
727 733 797 760 suis.
819 732 852 759 Et
870 730 1045 766 respondens

254 786 368 822 angelus
382 784 452 811 dixit
474 783 499 810 ei
518 791 525 809 :
541 780 600 817 Ego
615 788 676 809 sum
693 779 818 812 Gabriel,
833 778 882 813 qui
899 782 961 805 asto
983 780 1047 804 ante

254 832 353 862 Deum,
369 834 397 858 et
424 830 524 856 missus
551 835 612 855 sum
643 826 718 861 loqui
734 825 767 852 ad
785 831 822 857 te,
855 828 884 852 et
912 824 970 851 luce
997 822 1046 850 tibi

1094 237 1147 264 κην
1161 228 1282 260 αἰώνιον,
1294 226 1364 255 εἶναι
1375 226 1451 261 αὐτῷ
1476 226 1553 259 Θεὸς,
1568 226 1616 253 καὶ
1634 225 1674 262 τῷ
1688 225 1827 262 σπέρματι
1841 227 1891 253 αὑ-

1094 274 1141 301 τοῦ
1159 275 1219 309 μετ’
1235 273 1328 301 αὐτόν.
1345 283 1354 299 ι

1132 329 1141 345 ι
1161 317 1245 347 Εἶπεν
1268 317 1406 346 Ἐλισαιέ”
1424 318 1557 354 Διμετρον
1585 317 1685 353 κριθῆς
1711 317 1817 351 σίκλου,
1844 318 1892 346 καὶ

1095 365 1195 401 μέτρον
1225 365 1393 401 σεμιδάλεως
1416 365 1510 392 σίκλου
1542 363 1620 390 ἔσται
1640 364 1707 398 ὠςὴ
1730 363 1790 398 ὥρα
1821 363 1891 399 αὕτη

1094 410 1190 446 αὔριον
1198 411 1227 438 ὲν
1244 410 1315 447 πύλῃ
1325 411 1492 446 Σαμαρείας.
1505 410 1561 437 Kal
1572 409 1709 444 ἀπεκρίθη
1722 410 1736 436 ὁ
1745 410 1892 444 τριστάτης

1095 455 1135 492 τῷ
1158 455 1288 488 Ἐλισαιὲ,
1315 456 1362 482 καὶ
1388 453 1484 482 εἶπεν·
1508 455 1573 482 ’1δοῦ
1595 454 1699 490 Κύριος
1723 455 1796 481 ποιεῖ
1808 463 1893 481 κατα-

1097 502 1200 537 ράκτας
1214 502 1243 529 ὲν
1262 500 1301 536 τῷ
1316 500 1435 536 οὐρανῷ,
1450 501 1480 527 οὐ
1498 493 1629 536 μὴ²ἐσται
1652 498 1778 534 τδιρῆμα
1801 499 1891 527 τοῦτο.

1095 547 1152 574 Καὶ
1164 544 1242 574 εἶπεν
1270 547 1388 573 Ἐλισαιέ
1403 555 1410 562 ·
1430 546 1496 572 Ἰδοὺ
1511 546 1573 581 διιει
1596 546 1652 577 τοῖς
1668 545 1819 580 egeam,-
1832 553 1892 579 σου,

1096 593 1143 620 καὶ
1157 593 1264 620 ἐκεῖθεν
1272 593 1302 620 οὺ
1317 593 1355 628 μὴ
1372 593 1473 628 φάγῃς.
1487 602 1496 618 ι

1134 635 1226 665 «Εἷπε
1251 638 1391 673 Ζαχαρίας
1417 638 1486 672 πρὸς
1513 637 1560 664 τὸν
1591 637 1730 671 ἄγγελον⁸
1759 636 1839 663 Κατὰ
1865 638 1892 664 τι

1096 683 1238 719 γνώσομαι
1257 683 1354 716 ruﬁ-ro;
1375 682 1447 716 Ἐγὼ
1462 682 1522 717 γάρ
1541 683 1597 717 εἰμι
1625 681 1793 717 πρεσϐύτης,
1817 682 1893 717 καὶὴ

1097 729 1166 765 γυνή
1186 738 1237 764 μου
1256 728 1447 764 προὸεϐηκυῖα
1461 728 1489 754 ἐν
1501 729 1561 760 ταῖς
1577 728 1696 763 ἡμέραις
1723 727 1820 762 αὐτῆς.
1839 727 1894 755 Kal

1098 774 1262 810 ἀποκριθεὶς
1276 774 1290 800 6
1308 773 1436 808 ἄγγελος,
1463 771 1542 800 εἶπεν
1556 773 1644 808 αὐτῷ·
1671 773 1742 807 Ἐγώ
1766 774 1826 808 εἰμι
1839 773 1892 800 Γα-

1100 820 1192 856 6ριὴλ,
1203 821 1217 847 6
1228 819 1412 855 παρεστηκὼς
1424 818 1540 846 ἐνώπιον
1554 819 1601 845 τοῦ
1613 819 1692 851 Θεοῦ,
1709 818 1758 846 xal
1774 819 1896 846 ἀπεστά-

255 877 454 912 evangelizare.
471 874 504 902 Et
519 881 584 902 ecce
601 872 655 900 eris
672 876 777 904 tacens,
794 875 821 898 et
850 877 906 898 non
940 868 1045 904 poteris

1104 867 1151 902 λην
1165 866 1282 901 λαλῆσαι
1297 865 1364 900 πρὸς
1379 865 1420 898 σὲ,
1435 865 1482 893 καὶ
1494 864 1724 899 εὐαγγελίσασθαί
1741 873 1782 891 σοι
1794 864 1893 893 ταῦτα.

255 924 342 959 loqui,
358 930 447 957 usque
467 921 494 948 in
517 921 588 947 diem
606 926 661 954 quo
678 919 736 945 lucc
757 917 842 949 (iant;
858 923 909 951 pro
925 922 958 943 eo
974 913 1048 949 quod

256 977 312 997 non
338 967 481 996 credidisti
499 965 590 993 verbis
607 965 686 995 meis.
717 970 781 998 quae
795 961 999 1000 implebuntur
1022 960 1051 987 in

256 1021 380 1050 tempore
396 1021 459 1042 suo.
478 1021 487 1039 ι

292 1101 364 1130 Ibid.
380 1101 425 1133 54,
439 1100 484 1127 55.
498 1112 532 1119 —-
547 1107 556 1124 ι
569 1097 644 1124 Dixit
661 1099 755 1123 autem
771 1093 857 1121 Maria
876 1101 883 1120 :
898 1091 1043 1124 Quomodo

257 1148 303 1176 ﬂet
328 1145 412 1178 istud,
428 1144 560 1180 quoniam
590 1141 679 1170 virum
701 1146 755 1167 non
788 1136 946 1173 cognosco?
963 1135 996 1163 Et
1010 1144 1052 1163 re-

256 1190 397 1228 spondens
424 1188 549 1223 angelus,
565 1187 636 1214 dixit
654 1185 678 1213 ei
696 1193 703 1211 :
720 1182 845 1219 Spiritus
870 1185 985 1209 sanctus
1003 1188 1052 1208 su-

256 1226 398 1272 perveniet
412 1234 440 1261 in
454 1238 490 1266 te,
503 1237 530 1260 et
545 1232 635 1260 virtus
644 1229 782 1258 Altissimi
797 1226 978 1256 obumbrabit
990 1226 1050 1253 tibi.

256 1283 320 1311 ideo
344 1287 371 1309 et
386 1280 460 1316 quod
482 1282 611 1306 nascetur
637 1280 775 1309 sanctum,
794 1273 938 1302 vocabitur
967 1272 1051 1301 Filius

258 1329 316 1357 Dei.
335 1338 345 1355 ι

293 1373 376 1401 Joan.
394 1380 441 1405 xx,
453 1371 489 1398 ‘21
504 1370 550 1398 29.
565 1385 600 1390 —
620 1378 630 1394 ι
649 1368 771 1395 Thomas
794 1370 890 1394 autem
920 1372 994 1393 unus
1017 1372 1051 1393 ex
1069 1360 1071 1363 ’

258 1418 415 1451 duodecim,
433 1417 480 1451 qui
492 1415 594 1443 dicitur
609 1413 756 1449 Didymus,
786 1419 841 1439 non
859 1415 994 1439 eratcum
1012 1410 1052 1438 eis

259 1463 370 1501 quando
395 1462 472 1490 venit
486 1460 580 1489 Jcsus.
597 1459 735 1487 Dixerunt
752 1465 819 1492 ergo
836 1457 862 1485 ei
885 1456 934 1483 alii
964 1455 1052 1484 disci-

259 1511 318 1546 puli
335 1518 343 1538 :
360 1509 484 1537 Vidimus
507 1507 666 1534 Dominum.
696 1505 759 1540 Ipse
786 1507 880 1532 autem
897 1503 971 1530 dixit
985 1503 1026 1531 eis
1043 1510 1050 1530 :

259 1535 318 1546 .-——-
335 1535 343 1538 -
457 1535 461 1536 ν
709 1535 718 1540 .

258 1555 319 1585 Nsi
342 1556 436 1583 videro
448 1554 476 1582 in
497 1552 624 1580 manibus
639 1551 700 1585 ejus
722 1551 833 1586 signum
853 1549 1009 1581 clavorum,
1023 1553 1051 1577 et
1066 1535 1089 1564 θ

259 1603 367 1631 mittam
382 1607 493 1628 manum
510 1605 598 1626 meam
616 1597 645 1624 in
664 1597 737 1624 latus
755 1595 831 1631 ejus,
853 1603 906 1623 non
928 1595 1052 1623 credam.

259 1646 294 1674 Et
312 1650 375 1681 post
387 1645 447 1672 dies
461 1647 535 1675 octo,
555 1642 658 1669 iterum
681 1645 761 1668 erant
779 1640 910 1675 discipuli
938 1640 999 1675 ejus
1011 1640 1054 1667 in-

260 1696 315 1725 tus,
331 1695 359 1719 et
386 1690 506 1717 Thomas
520 1695 582 1715 cum
600 1687 651 1715 eis.
665 1686 747 1714 Venit
761 1686 844 1715 Jesus
857 1686 953 1722 januis
969 1686 1047 1714 clau-

262 1739 351 1770 sis,et
359 1736 434 1764 stetit
450 1735 478 1762 in
494 1734 596 1767 medio,
613 1738 640 1760 et
653 1733 724 1760 dixit
740 1740 747 1759 :
764 1732 822 1760 Pax
844 1732 933 1761 vobis.
949 1731 1056 1759 Deinde

262 1784 329 1812 dicit
360 1782 473 1810 Thomae
491 1789 498 1807 :
516 1779 592 1807 Mitte
605 1779 722 1814 digitum
745 1782 823 1806 tuum
853 1778 919 1810 huc,
938 1782 966 1806 et
993 1778 1056 1806 vide

262 1836 363 1858 nmnus
390 1834 476 1859 meas,
495 1830 523 1854 et
534 1825 600 1852 affer
622 1831 733 1851 manum
759 1828 836 1850 tuam
858 1832 865 1850 :
884 1828 911 1851 et
928 1823 1007 1851 mitte
1027 1825 1056 1851 in

263 1877 336 1904 latus
352 1881 461 1907 meum;
478 1877 504 1900 et
519 1871 576 1899 noli
592 1878 654 1898 esse
672 1869 847 1900 incredulus,
873 1868 922 1897 sed
955 1868 1055 1897 ﬁdelis.

264 1921 298 1948 Et
311 1918 453 1954 respondit
475 1917 609 1948 Thomas,
628 1919 656 1943 et
674 1915 742 1942 dixit
758 1914 784 1942 ei
802 1922 809 1940 :
825 1914 961 1943 Dominus
978 1922 1056 1943 meus

263 1973 290 1998 et
315 1967 388 1995 Deus
417 1973 506 1994 meus.
539 1964 610 1991 Dicit
624 1963 649 1990 ei
665 1962 747 1990 Jesus
766 1961 859 1995 :Quia
884 1962 977 1990 vidisti
1005 1969 1058 1996 me,

263 2013 418 2042 credidisti.
448 2012 524 2040 Beati
553 2011 600 2046 qui
619 2017 673 2038 non
707 2009 847 2043 viderunt,
867 2013 896 2037 et
927 2009 1054 2036 credide-

264 2064 342 2088 runt.
355 2069 364 2086 ι

370 2146 439 2175 TiT.
450 2145 557 2173 XXVII.
581 2159 616 2164 —
635 2143 672 2170 Dc
687 2151 760 2170 caena
773 2147 800 2170 et
816 2142 948 2170 convivio.

301 2196 381 2223 Prov.
399 2201 476 2225 xxtn,
489 2191 547 2219 1-6.
559 2206 595 2211 —
612 2200 622 2217 ι
640 2190 681 2217 Ne
697 2196 792 2217 omnes
807 2196 869 2216 cum
892 2188 1003 2216 homine
1015 2188 1057 2215 in-
1074 2203 1096 2231 υ

264 2242 340 2273 vido,
355 2247 442 2274 neque
452 2238 595 2266 desideres
620 2236 697 2264 cibos
713 2235 799 2262 illius.
814 2233 1057 2267 Quemadmodum

265 2288 340 2315 enim
358 2286 382 2314 si
402 2285 463 2320 quis
488 2284 600 2311 devoret
611 2282 731 2313 crinem,
749 2282 789 2308 sic
807 2280 958 2307 manducat
976 2285 1002 2307 et
1018 2281 1059 2308 bi-

267 2334 316 2362 bit.
334 2331 451 2366 Quando
467 2329 571 2358 sederis
590 2328 624 2355 ad
644 2326 810 2355 coenandum
830 2333 912 2362 super
929 2334 1055 2364 mensam

266 2379 398 2415 potentis,
431 2375 581 2412 prudenter
608 2374 725 2402 attende
743 2381 804 2408 qua:
832 2372 960 2408 apposita
992 2377 1060 2400 sunt

267 2425 329 2453 tibi.
350 2434 359 2450 ι

306 2471 393 2497 Ειειε.
419 2477 466 2497 vni
482 2488 489 2500 ,
510 2467 555 2495 15.
571 2481 606 2488 --
622 2476 632 2492 ι
651 2466 711 2494 Non
739 2469 782 2495 est
802 2465 905 2493 bonum
935 2464 1057 2496 homini,

268 2516 323 2544 nisi
339 2515 405 2552 quid
418 2513 568 2542 comederit
587 2517 614 2540 et
633 2511 746 2544 biberit,
761 2515 787 2538 et
795 2509 948 2538 ostenderit
962 2509 1060 2537 anima:

269 2569 328 2590 sua;
344 2562 457 2588 bonum.
476 2559 508 2585 Et
525 2559 578 2586 hoc
591 2558 626 2585 de
641 2564 724 2585 manu
742 2556 790 2584 Dei
800 2561 853 2583 est.
870 2564 879 2581 ι

303 2607 395 2635 Eccle.
427 2613 464 2638 Ix,
480 2606 507 2632 'l.
524 2619 559 2624 —
575 2613 585 2630 ι
603 2603 672 2631 Veni
687 2624 694 2636 ,
711 2607 738 2631 et
771 2601 885 2630 comede
915 2601 943 2630 in
964 2600 1060 2628 laetitia

269 2661 368 2689 panem
382 2657 458 2680 luum
465 2673 470 2683 ,
485 2661 494 2677 I

306 2699 364 2726 ha.
380 2707 437 2730 xxi,
455 2698 482 2726 5.
493 2712 529 2717 —-
546 2706 556 2723 ι
574 2696 672 2724 Parate
698 2702 836 2727 mensam,
854 2693 1002 2726 comedite,
1018 2692 1060 2720 hi-

270 2745 327 2774 bite
345 2753 351 2771 :
367 2745 481 2780 surgite,
500 2744 647 2778 principes,
664 2746 760 2778 parate
774 2741 897 2776 clypeos.
919 2748 929 2766 ι

306 2791 391 2818 Eccli.
406 2799 444 2822 ix,
460 2791 505 2817 2'2.
519 2805 555 2810 -—
572 2799 582 2815 ι
602 2789 659 2816 Viri
676 2788 746 2824 justi
759 2787 818 2815 sint
832 2785 957 2814 convivae
977 2785 1028 2812 lui.
1048 2795 1057 2812 ι

305 2836 387 2875 [’53
410 2837 490 2864 Eccli.
512 2845 586 2869 xxxi,
610 2835 654 2869 12,
679 2836 726 2868 16,
754 2833 895 2862 19-21.—
914 2840 923 2858 ι
938 2830 1060 2861 Comede

1103 912 1159 940 Kal
1177 912 1231 938 ἰδοὺ
1249 911 1299 947 ἔσῃ
1328 910 1460 941 σιωπῶν,.
1480 911 1528 938 καὶ
1543 910 1581 946 μὴ
1607 910 1757 945 δυνάμενος
1781 910 1896 946 λαλῆσαι

1102 958 1166 993 ἄχρι
1180 954 1213 993 ἧς
1227 957 1334 992 ἡμέρας
1347 957 1461 991 γένηται
1473 950 1559 984 ταῦτᾶ
1578 955 1638 983 ἀνθ’
1651 952 1688 982 ὦν
1699 956 1749 982 οὐκ
1766 955 1897 984 ἐπίστευ-

1104 1012 1154 1036 σας
1182 1006 1239 1035 τοϊς
1271 1003 1360 1036 λόγοις
1394 1011 1456 1038 μου,
1481 1003 1580 1034 οἵτινες
1607 1001 1834 1038 πληρωθήσονται
1856 1003 1898 1036 εἰς

1103 1049 1149 1075 τὸν
1161 1048 1256 1084 καιρὸν
1266 1047 1365 1075 αὐτῶν.
1389 1056 1398 1073 ι

1141 1104 1150 1120 ι
1170 1092 1238 1121 Eine
1257 1093 1375 1129 Μαριὰμ
1402 1092 1471 1128 πρδς
1494 1092 1540 1119 τὸν
1565 1092 1682 1127 ἄγγελον
1698 1101 1706 1109 ·
1731 1093 1794 1125 Πῶς
1819 1093 1899 1120 ἔσται

1105 1149 1150 1176 μοι
1158 1140 1251 1173 τοῦτο,
1265 1140 1328 1167 ἐπεὶ
1352 1139 1437 1174 ἄνδρα
1456 1139 1486 1165 οὒ
1501 1137 1650 1172 γινώσκω,
1667 1138 1724 1165 Kal
1737 1139 1898 1174 ἀποκριθεὶς

1103 1187 1118 1213 6
1133 1186 1248 1221 ἄγγελος
1276 1183 1352 1212 εἶπεν
1377 1185 1462 1220 αὐτῇ·
1479 1183 1594 1219 Πνεῦμα
1623 1183 1700 1218 ἅγιον
1718 1184 1898 1212 ἐπελεύσεται

1104 1231 1152 1258 ἐπὶ
1169 1232 1209 1265 σὲ,
1239 1232 1287 1258 καὶ
1314 1230 1429 1266 δύναμις
1449 1229 1578 1265 Ὑψίστου
1601 1230 1759 1258 ἐπισκιάσει
1776 1239 1829 1258 σοι.
1852 1230 1899 1258 Διὸ

1103 1277 1189 1305 καιτὺ
1199 1276 1370 1312 γεννώμενον
1386 1277 1462 1311 ἅγιον
1475 1275 1641 1311 κληθήσεται
1659 1276 1720 1309 Υἱὸς
1730 1276 1809 1303 Θεοῦ.
1831 1285 1841 1303 ι

1138 1361 1241 1398 Θωμᾶς
1256 1361 1284 1389 δὲ
1298 1359 1339 1394 εἷς
1352 1355 1388 1388 Γὲκ
1402 1361 1458 1389 τῶν
1487 1362 1593 1390 δώδεκα
1604 1382 1611 1395 ,
1626 1363 1640 1390 6
1655 1363 1802 1398 λεγόμενος
1821 1364 1898 1392 Δίδυ-

1106 1416 1167 1443 μος,
1177 1407 1229 1434 οὐκ
1243 1405 1277 1443 ἦν
1291 1407 1350 1442 μετ’
1365 1407 1455 1434 αὐτῶν
1469 1407 1512 1434 ὅτε
1524 1405 1607 1443 ἦλθεν
1621 1409 1635 1434 6
1650 1407 1768 1443 Ἰησοῦς.
1786 1409 1900 1444 Ἔλεγον

1104 1451 1150 1480 οὖν
1163 1453 1236 1488 αὐτῷ
1253 1454 1278 1480 oi
1288 1453 1364 1480 ἄλλοι
1379 1453 1516 1489 μαθηταί·
1535 1453 1715 1490 Ἑωράκαμεν
1727 1454 1774 1481 τὸν
1786 1455 1898 1491 Κύριον.

1111 1499 1140 1526 '0
1151 1499 1179 1526 δὲ
1192 1497 1268 1526 εἶπεν
1286 1499 1379 1531 αὐτοῖς
1393 1507 1401 1516 ’
1427 1499 1490 1527 Ἐὰν
1511 1499 1549 1535 μὴ
1566 1500 1614 1527 ίδω
1629 1501 1657 1527 ἐν
1668 1501 1729 1532 ταῖς
1742 1501 1836 1536 χερσὶν
1851 1502 1901 1529 αὐ-

1105 1545 1153 1573 τοῦ
1171 1547 1217 1572 τὶν
1245 1545 1330 1572 τύπον
1353 1545 1407 1572 τῶν
1422 1545 1507 1579 ἥλων,
1524 1545 1572 1572 καὶ
1592 1545 1666 1580 βάλω
1692 1546 1739 1573 τὸν
1763 1547 1898 1574 δάκτυλόν

1106 1600 1158 1626 μου
1172 1592 1211 1623 εἰς
1230 1590 1276 1618 τὸν
1296 1590 1381 1617 τύπον
1396 1590 1450 1617 τῶν
1465 1591 1549 1626 ἥλων,
1575 1592 1624 1618 καὶ
1653 1590 1728 1626 βάλω
1752 1591 1802 1627 τὴν
1817 1593 1900 1628 χεῖρά

1107 1646 1159 1673 μου
1176 1638 1217 1670 εἰς
1233 1637 1282 1672 τὴν
1304 1636 1426 1673 πλευρὰν
1456 1637 1551 1669 αὑτοῦ,
1568 1637 1599 1664 οὐ
1621 1637 1658 1673 μὴ
1674 1638 1823 1665 πιστεύσω.
1845 1639 1902 1666 Καὶ

1107 1683 1167 1718 μεθ’
1183 1683 1290 1718 ἡμέρας
1306 1682 1390 1716 ὀκτὼ,
1416 1682 1498 1710 πάλιν
1512 1681 1583 1718 ἦσαν
1594 1682 1648 1710 ἔσω
1663 1684 1688 1710 οἱ
1708 1684 1832 1719 μαθηταὶ
1850 1685 1902 1711 αὖ-

1106 1729 1164 1761 τοῦ,
1176 1731 1222 1756 καὶ
1235 1729 1336 1764 Θωμᾶς
1354 1729 1414 1764 μετ’
1431 1729 1531 1756 αὐτῶν.
1550 1729 1680 1765 Ἔρχεται
1697 1731 1711 1756 6
1729 1730 1833 1765 Ἰησοῦς
1848 1731 1901 1757 τῶν

1107 1774 1197 1810 Ουρῶν
1215 1774 1430 1810 κεκλεισμένων,
1447 1774 1494 1801 καὶ
1511 1774 1577 1808 ἔστη
1598 1775 1638 1805 είς
1646 1774 1676 1800 τὸ
1688 1774 1781 1808 μέσον,
1801 1775 1848 1801 καὶ
1863 1773 1902 1801 εἷ-

1107 1829 1158 1848 πεν
1168 1829 1175 1836 ⁸
1192 1821 1296 1856 Εἰρήνη
1318 1821 1392 1853 ὑμῖν.
1406 1817 1475 1846 Εἶτα
1500 1819 1575 1853 λέγει
1590 1819 1629 1854 τῷ
1644 1819 1730 1854 Θωμᾷ
1740 1825 1747 1833 ·
1761 1819 1830 1855 Φέρε
1856 1819 1903 1847 τὸν

1108 1866 1241 1893 δάκτυλόν
1255 1874 1301 1892 σου
1317 1863 1380 1897 ὧδε,
1398 1865 1446 1892 καὶ
1462 1865 1500 1891 ἴδε
1520 1864 1570 1896 τὰς
1580 1863 1675 1899 χεῖράς
1691 1872 1753 1899 μου,
1777 1865 1824 1892 καὶ
1836 1865 1903 1901 φέρε

1108 1915 1158 1949 τὴν
1172 1914 1252 1950 χεῖρά
1269 1922 1316 1940 σου
1331 1921 1337 1928 ·
1354 1913 1401 1941 καὶ
1416 1912 1480 1949 βάλε
1492 1913 1531 1944 εἱς
1559 1912 1610 1947 τὴν
1633 1911 1755 1947 πλευράν
1775 1921 1838 1948 μου,
1857 1913 1905 1940 καὶ

1111 1960 1233 1996 μὴγίνου
1258 1960 1384 1992 ἄπιστος,
1405 1959 1474 1986 ἀλλὰ
1489 1958 1595 1990 πιστός.
1613 1958 1668 1985 Καὶ
1688 1958 1826 1994 ἀπεκρίθη
1845 1960 1903 1986 8m-

1112 2007 1177 2042 μᾶς,
1193 2006 1240 2032 καὶ
1255 2003 1332 2032 εἶπεν
1344 2004 1419 2040 αὐτῷ
1430 2003 1475 2031 "0
1488 2003 1589 2038 Κύριός
1605 2012 1655 2038 μου
1669 2004 1716 2030 καὶ
1730 2005 1743 2031 6
1759 2004 1824 2036 Θεός
1839 2013 1902 2040 μου.

1111 2051 1192 2086 Λέγει
1207 2050 1282 2086 αὐτῷ
1295 2051 1309 2077 6
1330 2049 1457 2086 'lqooﬁgn
1475 2050 1537 2076 Ὀτι
1551 2048 1676 2084 ἑώρακάς
1696 2058 1741 2084 με,
1757 2050 1904 2077 πεπίστευ-

1113 2105 1173 2128 κας.
1191 2096 1330 2131 Μακάριοι
1343 2096 1367 2122 οἱ
1386 2095 1423 2130 μὴ
1437 2095 1548 2128 ἰδόντες,
1564 2095 1611 2121 καὶ
1630 2094 1838 2127 πιστεύσαντες.
1855 2105 1865 2121 ι

1113 2143 1203 2170 ΤΙΤΛ.
1214 2143 1278 2170 KZ'.
1291 2156 1321 2164 —-
1336 2141 1407 2176 Περὶ
1424 2141 1560 2173 δείπνου,
1592 2140 1642 2167 καὶ
1668 2142 1902 2175 συνεστιάσεως.

1151 2197 1159 2215 ι
1179 2187 1226 2224 Μὴ
1245 2188 1397 2215 συνδείπνει
1421 2187 1500 2223 ἀνδρὶ
1523 2186 1663 2222 βασκάνῳ,
1683 2187 1752 2222 μηδὲ
1767 2188 1904 2224 ἐπιθυμή-

1112 2243 1160 2271 σῃς
1185 2234 1239 2261 τῶν
1262 2234 1421 2269 ἐδεσμάτων
1441 2232 1535 2260 αὑτοῦ.
1550 2233 1599 2259 Ὃν
1620 2233 1722 2268 τρόπον
1751 2233 1805 2269 γὰρ
1823 2233 1850 2260 εἴ
1862 2243 1905 2266 τις

1110 2281 1240 2308 καταπίοι
1253 2280 1346 2316 τρίχα,
1364 2279 1451 2311 οὕτως
1477 2278 1564 2305 ἐσθίει
1574 2279 1622 2305 καὶ
1645 2279 1729 2306 πίνει.
1751 2279 1815 2307 Ἐὰν
1839 2280 1907 2307 καο-

1114 2327 1172 2361 (an;
1197 2326 1317 2353 δειπνεῖν
1338 2325 1385 2352 ἐπὶ
1400 2324 1541 2360 τραπέζης
1557 2324 1702 2358 δυνάστου,
1719 2324 1823 2360 νοητῶς
1851 2325 1905 2354 νόει

1110 2372 1144 2398 τὰ
1159 2370 1369 2406 παρατιθέμενα
1382 2379 1433 2397 σοι.
1448 2380 1457 2395 ι

1150 2471 1158 2487 ι
1178 2462 1234 2488 Οὐκ
1250 2461 1323 2488 ἐστιν
1346 2461 1450 2495 ἀγαθὸν
1464 2462 1618 2498 ἀνθρώπῳ,
1638 2464 1662 2490 εἰ
1686 2463 1724 2499 μὴ
1738 2463 1769 2495 ὃς
1784 2464 1905 2498 φάγεται

1112 2507 1159 2533 καὶ
1185 2507 1288 2539 πίεται,
1321 2507 1368 2533 καὶ
1378 2507 1417 2539 ὡς
1438 2507 1513 2543 δείξῃ
1544 2508 1646 2542 ἀγαθὸν
1659 2510 1691 2544 τῇ
1713 2508 1785 2544 ψυχῇ
1811 2509 1905 2537 αὐτοῦ.

1112 2553 1166 2579 Καί
1177 2561 1208 2586 γε
1224 2552 1303 2579 τοῦτο
1316 2554 1349 2580 ὲκ
1364 2552 1457 2588 χειρὸς
1472 2552 1541 2579 Θεοῦ
1556 2554 1642 2580 ἐστιν.
1665 2562 1675 2579 ι

1152 2608 1160 2624 ι
1175 2598 1270 2634 Δεῦρο,
1283 2598 1354 2633 φάγε
1370 2599 1399 2625 ὲν
1417 2599 1573 2636 εὐφροσύνῃ
1587 2598 1633 2626 τὸν
1652 2599 1734 2635 ἄρτον
1747 2609 1805 2628 σου.
1815 2611 1826 2627 ι

1152 2697 1161 2714 ‹
1186 2688 1366 2724 Ἑτοιμάσατε
1400 2689 1540 2724 τράπεζαν
1555 2698 1562 2706 ·
1580 2690 1695 2725 φάγετε,
1730 2691 1808 2717 nisi:
1819 2697 1827 2706 ⁸
1841 2689 1908 2717 ἀνά-

1114 2743 1207 2769 στητε,
1219 2735 1243 2761 οι
1258 2734 1399 2770 ἄρχοντες,
1419 2735 1584 2771 ἑτοιμάσατε
1600 2736 1726 2772 θυρεούς.

1154 2791 1162 2806 ι
1183 2781 1296 2815 Ἄνδρες
1311 2780 1412 2808 δίκαιοι
1425 2781 1550 2809 εστωσαν
1566 2782 1720 2810 σύνδειπνοῐ
1738 2790 1796 2810 σου.
1811 2791 1822 2808 ›

1153 2835 1162 2854 ι
1177 2827 1250 2861 Φάγε
1265 2827 1303 2859 ὡς
1317 2826 1471 2863 ἄνθρωπος,
1486 2828 1534 2856 ἐὰν
1554 2829 1600 2856 ἐπὶ
1614 2828 1758 2865 τραπέζης
1784 2815 1920 2864 μεγάλης¹

1859 2976 1873 2983 κ
