2056 3113
164 160 232 193 1413

793 160 910 190 SACRA
930 158 1162 188 PARALLELA.

164 217 304 248 ἐκάθιαας.
323 197 370 252 Μή
384 216 493 252 ἀνοίξῃς
505 216 548 242 ἐπ’
561 215 648 251 αὐτὴν
671 215 802 250 φάρυγγᾰ
833 223 891 245 σου,
907 214 953 241 καὶ

1008 214 1083 246 quasi
1099 213 1193 245 homo,
1211 212 1235 240 si
1251 211 1284 239 ad
1304 220 1427 241 mensam
1446 220 1572 248 magnam
1586 213 1705 242 sederis.
1729 215 1790 243 Non

167 262 204 297 μὴ
232 262 326 298 εἴπῃς·
343 261 432 288 Πολλά
446 269 478 295 γε
494 260 538 287 ἐπ’
549 260 643 295 αὐτῆς.
666 257 703 286 Οὖ
720 260 767 286 ἐὰν
789 259 951 294 emerso“.

167 307 205 342 μὴ
217 306 342 342 ὲκτείνῃς
368 306 418 341 τὴν
443 307 523 342 χεῖρά
535 314 594 337 σου,
609 306 656 332 καὶ
671 305 709 341 μὴ
724 304 865 332 συνολίὸου
879 305 953 340 αὐτῷ

165 353 194 378 ἐν
219 351 347 387 τρυὸλίῳ,
374 351 447 385 Φάγε
473 350 511 382 ὡς
539 350 682 385 ἄνθρωπος
707 350 742 377 τὰ
761 350 953 387 παρακείμενά

167 406 220 430 σοι,
236 397 284 423 καὶ
305 396 342 432 μὴ
356 396 511 432 διαμασσῶ,
526 395 564 431 μὴ
576 396 706 431 μισηοῇς.
720 395 828 422 Παῦσαι
845 395 954 430 πρῶτος

166 443 245 478 χάριν
262 442 397 475 παιδείας,
422 441 468 469 καὶ
481 441 520 477 μὴ
532 441 715 476 ἁπληστεύου,
736 440 866 477 μή[πο]τε
885 450 953 477 προ-

167 489 280 524 σκόψῃς.
297 489 352 515 Καὶ
366 489 390 514 εί
412 487 548 523 ἁναμέσον
569 487 700 514 πλειόνων
720 487 862 521 ὲκάθισας,
888 487 954 523 πρό-

166 542 244 570 τερος
259 534 348 561 αὐτῶν
364 534 402 569 μὴ
416 533 538 570 ὲκτείνῃς
553 533 603 568 τὴν
617 533 697 569 χεῖρά
714 541 773 560 σου.
787 542 797 559 ›

204 631 214 648 ι
229 622 342 656 Ἔλεγεν
359 623 373 649 6
401 622 505 658 Κύριος
521 622 560 658 τῷ
582 622 727 657 κεκληκότι
756 620 837 648 αὐτόν
848 629 855 637 ο
871 621 955 648 Ὅταν

169 669 249 703 ποιῇς
261 668 372 703 ἄριστον
385 668 401 704 ἢ
415 668 532 701 δεῖπνον,
549 669 587 704 μὴ
604 668 687 703 φώνει
711 668 773 700 τοὺς
788 667 882 702 φίλους
895 675 954 699 σου,

170 714 238 748 μηδὲ
250 714 374 748 γείτονας
390 714 550 747 πλουσίους,
573 715 641 750 μηδὲ
659 714 722 746 τοὺς
738 714 879 748 συγγενεῖς
897 721 954 746 σου,

171 760 237 795 μηδὲ
252 760 314 792 τοὺς
329 760 461 795 ἀδελφούς
489 769 547 794 σου,
567 761 673 796 μήποτε
690 761 738 787 καὶ
751 760 828 787 αὐτοὶ
845 760 957 786 ἀντικαο

169 805 270 832 λέσωσί
287 814 327 838 σε,
349 806 394 832 καὶ
414 806 526 841 γένηταί
541 814 583 832 σοι
604 806 790 841 ἀνταπόδομα.
811 804 880 832 Ἀλλ’
892 806 956 832 ὅταν

171 852 251 886 ποιῇς
266 851 357 887 δοχὴν,
387 851 465 879 κάλει
493 852 629 886 πτωχοὺς,
646 852 817 888 ἀναπήρους,
841 850 955 886 χωλοὺς,

1004 258 1113 293 aperias
1137 265 1221 292 super
1248 257 1324 284 illam
1339 258 1447 286 faucem
1469 263 1544 286 tuam
1570 259 1669 294 prior:
1684 264 1711 288 et
1731 268 1790 289 non

1002 303 1103 332 dicas:
1127 303 1212 330 Multa
1241 307 1305 331 sunt
1330 311 1415 339 super
1443 304 1529 332 illam.
1546 304 1585 332 Ad
1604 305 1791 341 quodcunqu

1003 349 1172 384 respexeris,
1193 356 1228 376 ne
1241 349 1374 378 extendas
1385 357 1497 377 manum
1516 354 1594 377 tuum
1610 350 1697 386 prior,
1716 356 1744 380 et
1755 359 1790 380 ne

1003 394 1201 430 comprimaris
1233 395 1261 422 in
1292 396 1398 424 catino.
1422 396 1544 424 Comede
1562 401 1594 424 ut
1616 398 1697 425 homo
1729 406 1791 434 qua:

1003 446 1183 476 apponuntur
1193 441 1256 474 tibi,
1282 449 1317 468 ne
1328 441 1446 469 multum
1458 442 1536 475 edas,
1551 450 1585 470 ne
1605 443 1669 471 odio
1687 443 1791 473 habea-

1004 487 1055 515 ris.
1072 486 1156 515 Cessa
1174 487 1253 521 prior
1266 494 1351 515 causa
1370 487 1526 523 disciplina:
1544 498 1551 517 :
1570 494 1598 517 et
1617 490 1672 517 noli
1688 491 1792 518 nimius

1003 541 1076 566 esse,
1098 540 1132 561 ne
1163 532 1233 560 forte
1248 533 1382 561 offendas.
1402 533 1461 561 Etsi
1487 534 1515 562 in
1534 535 1626 563 medio
1642 536 1792 564 multorum

1005 577 1113 611 sedisti,
1130 578 1206 613 prior
1219 578 1274 605 illis
1292 585 1327 606 ne
1341 578 1475 607 extendas
1490 586 1601 606 manum
1618 585 1705 608 tuam.
1727 590 1737 606 ›

1041 622 1106 650 Luc.
1141 631 1196 656 XIV,
1216 623 1262 651 I2-
1278 625 1321 651 I4.
1336 638 1373 643 —
1390 633 1400 650 ι
1417 624 1530 652 Dicebat
1555 624 1636 654 Iesus
1660 626 1684 653 ei
1702 626 1747 661 qui
1763 634 1794 654 se

1006 668 1173 697 invitaverat
1190 677 1196 696 :
1216 669 1287 697 Cum
1303 669 1371 697 facis
1384 670 1530 704 prandium
1545 675 1592 698 aut
1605 679 1721 704 cumam,
1737 672 1793 700 noli

1005 723 1105 743 vocare
1121 715 1224 743 amicos
1240 719 1314 748 tuos,
1328 723 1418 751 neque
1431 716 1540 744 vicinos
1553 721 1626 749 tuos,
1641 725 1730 753 neque
1746 726 1794 746 co-

1007 765 1105 796 gnatos
1122 764 1196 794 tuos,
1211 769 1300 797 neque
1316 760 1419 789 fratres
1432 765 1505 795 tuos,
1523 770 1557 790 ne
1572 762 1643 790 forte
1655 767 1682 790 et
1698 763 1750 798 ipsi
1767 767 1794 790 te

1007 806 1168 839 reinritent,
1188 811 1215 834 et
1243 807 1291 834 llat
1315 806 1365 834 tibi
1383 807 1543 835 retributio.
1560 807 1630 835 Cum
1647 813 1738 836 autem
1754 808 1795 835 [ιι-

1008 852 1049 879 cis
1073 853 1232 887 prandium,
1260 860 1327 880 voca
1354 860 1502 888 pauperes,
1518 853 1635 886 debiles,
1665 854 1792 886 claudos,

169 896 297 931 τυφλούς·
308 898 355 924 καὶ
379 898 514 933 μακάριος
526 899 585 932 ἔσῃ,
603 898 701 924 ὅτιούκ
715 897 821 932 ἔχουσιν
839 898 957 924 ἀνταπο-

1012 903 1101 924 cancos
1121 905 1128 923 :
1149 902 1175 924 et
1186 896 1283 924 beatus
1297 897 1362 930 eris,
1377 897 1442 932 quia
1455 905 1510 924 non
1524 897 1626 925 habent
1641 898 1796 926 retribuere

170 942 262 969 δοῦναί
273 951 323 971 σοι.
333 943 592 979 Ἀνταποδοθήσεται
606 943 660 978 γάρ
671 951 711 969 σοι
722 943 750 969 ἐν
763 944 796 978 τῇ
812 943 957 970 ἀναστάσει

169 989 224 1017 τῶν
241 989 364 1016 δικαίων.
383 999 392 1015 ι

209 1035 253 1067 Ὠς
263 1035 291 1061 δὲ
306 1036 435 1071 ἁρμόδιον
453 1036 506 1072 πρὸ
521 1038 570 1073 τῆς
587 1038 689 1072 τροφῆς
704 1028 824 1072 εὐλογεῖν
836 1036 881 1064 τὸν
892 1037 958 1064 Θεὸν

175 1081 228 1108 τῶν
245 1081 373 1110 ἁπάντων
388 1091 394 1098 ·
413 1083 484 1110 οὕτω
500 1083 547 1110 καὶ
572 1083 647 1118 παρὰ
664 1083 745 1110 πότον
759 1083 874 1119 καθήκει
888 1083 956 1118 ψάλ-

171 1127 237 1153 λειν.

206 1172 336 1206 Τρὰπεζα
351 1172 388 1209 μὴ
404 1173 504 1209 ἔχουσα
524 1175 636 1210 μνήμην
645 1173 724 1209 Θεοῦ,
738 1175 842 1211 φάτνης
851 1175 957 1210 ἀλόγων

171 1216 247 1243 οὐδὲν
258 1217 421 1254 διενήνοχεν.

172 1339 265 1367 ΊΊΤΛ.
274 1339 451 1375 ΚΗ’.-Περὶ
462 1340 598 1402 δικιξιζωνσ
611 1340 656 1368 ὅτι
666 1341 809 1376 φυλάττει
820 1340 931 1372 αὐτοὺς
943 1342 960 1368 ὀ

527 1384 620 1402 υοιοιι.

527 1384 620 1410 υριος.

215 1439 225 1456 ι
238 1431 295 1457 Οὐκ
309 1431 406 1465 ἀφελεῖ
428 1431 483 1458 ἀπὸ
498 1431 606 1458 δικαίου
622 1431 779 1466 ὀφθαλμοὺς
803 1430 898 1464 αὑτοῦ,
913 1431 961 1458 καὶ

172 1475 306 1502 καθιείται
325 1476 424 1508 αὐτοὺς
440 1477 481 1508 είς
494 1477 578 1510 νῖκος,
600 1477 647 1503 καὶ
661 1476 861 1512 ύψωθήσονται.
877 1485 887 1502 ι

1009 941 1070 968 tibi.
1087 941 1270 969 Rctribuetur
1286 942 1361 969 enim
1376 942 1427 970 tibi
1446 942 1474 969 in
1487 943 1693 971 resurrectione
1703 943 1798 978 justo-

1008 994 1081 1014 rum.
1101 996 1110 1013 ι
1487 996 1497 1001 ί

1043 1031 1072 1060 S.
1088 1032 1216 1059 Clemens.
1237 1047 1273 1052 —
1285 1032 1321 1060 Ut
1336 1036 1428 1060 autem
1440 1037 1659 1061 consentaneum
1675 1040 1718 1062 est
1729 1038 1795 1062 ante

1007 1079 1104 1113 epulas
1125 1078 1210 1106 Deum
1226 1079 1420 1106 universorum
1450 1079 1634 1113 benedicere;
1651 1080 1693 1108 sic
1711 1080 1796 1108 etiam

1008 1124 1139 1151 convenit
1159 1124 1233 1153 inter
1248 1124 1348 1158 pocula
1362 1124 1458 1152 laudes
1474 1124 1563 1159 ipsius
1578 1132 1689 1153 canere.

1044 1168 1087 1195 Ea;
1101 1167 1184 1195 Patre
1198 1168 1278 1204 (Rup.
1294 1175 1326 1194 ea:
1341 1174 1434 1195 sancto
1446 1169 1527 1201 sene).
1543 1184 1577 1189 ——-
1594 1169 1686 1197 Mensa
1700 1170 1727 1197 in
1743 1177 1796 1204 qua

1009 1214 1085 1241 nulla
1105 1213 1152 1241 Dei
1165 1214 1273 1241 mentio
1289 1213 1329 1247 lit,
1353 1220 1369 1240 a
1389 1213 1533 1242 brutorulu
1570 1215 1703 1250 praesepio
1727 1215 1798 1243 nihil

1009 1259 1152 1287 dissimilis
1172 1265 1223 1288 est.

1009 1337 1078 1365 TIT.
1097 1336 1213 1364 XXVIII.
1228 1351 1263 1356 —
1281 1335 1321 1363 De
1346 1336 1430 1372 justis
1444 1344 1453 1368 ,'
1469 1336 1588 1372 quodque
1602 1337 1734 1366 Dominus
1750 1346 1798 1365 cu-

1323 1371 1404 1398 stodit
1420 1379 1475 1398 eos.

1047 1428 1099 1456 Job
1137 1436 1231 1460 xxxvr,
1249 1427 1274 1456 7.
1289 1442 1325 1448 -——-
1347 1436 1357 1453 ‹
1373 1427 1432 1454 Non
1450 1426 1556 1454 auferet
1570 1428 1671 1462 ajusto
1691 1429 1788 1456 oculos

1012 1482 1096 1507 suos,
1114 1479 1140 1502 et
1151 1474 1301 1502 collocabit
1314 1481 1362 1501 eos
1381 1473 1410 1500 in
1432 1473 1562 1506 victoria,
1581 1477 1609 1501 et
1635 1474 1799 1502 exaltabun-

1013 1524 1070 1547 tur.
1083 1528 1093 1545 ι

214 1573 225 1591 ι
242 1565 308 1592 Ἰδοὺ
320 1566 344 1592 οι
355 1565 489 1600 ὸφοαλμοὶ
509 1566 612 1602 Κυρίου
630 1567 677 1593 ἐπὶ
699 1567 762 1598 τοὺς
778 1567 958 1603 φοϐουμένους

1049 1564 1127 1591 Paul.
1153 1571 1240 1596 χχιιι,
1259 1563 1303 1591 I8.
1319 1578 1354 1583 —-
1375 1573 1384 1589 ι
1404 1563 1474 1591 Ecce
1500 1563 1575 1590 oculi
1595 1562 1705 1591 Domini
1717 1572 1801 1600 super

177 1609 268 1637 αὐτόν.
280 1619 290 1636 ›

215 1664 226 1682 ι
245 1655 410 1691 Ἐκέκραεαν
422 1656 447 1682 οἱ
459 1656 569 1688 δίκαιοι,
590 1657 637 1684 καὶ
652 1657 666 1683 6
684 1656 787 1692 Κύριος
802 1657 962 1692 εἰσήκουσεν

176 1701 277 1729 αὐτῶν.
299 1702 399 1729 Πολλαὶ
415 1703 443 1729 αῑ
457 1702 563 1737 θλίψεις
577 1702 631 1730 τῶν
663 1702 784 1734 δικαίων,
808 1702 855 1728 καὶ
867 1703 898 1729 ὲκ
911 1711 962 1730 πα-

178 1748 233 1775 σῶν
244 1748 336 1775 αὐτῶν
348 1749 461 1783 ῥύσεται
482 1749 582 1780 αὐτοὺς
598 1749 612 1774 ὁ
626 1748 738 1784 Κύριος.
754 1748 887 1775 Φυλάσσει
905 1748 962 1775 Κύ-

179 1803 236 1830 ριος
261 1795 350 1822 πάντα
363 1796 398 1822 τὰ
413 1795 481 1822 ὀστᾶ
495 1795 596 1827 αὐτῶν,
614 1794 644 1822 ἓν
660 1794 690 1827 ἐξ
706 1795 796 1822 αὐτῶν
807 1795 838 1821 οὐ
854 1803 963 1830 συντρι-

178 1841 303 1877 ϐήσεται.
319 1851 328 1868 ι

217 1896 227 1913 ι
248 1887 372 1922 Σωτηρία
385 1887 439 1914 τῶν
465 1887 575 1914 δίκαιων
595 1887 671 1922 παρὰ
693 1886 808 1922 Κυρίου.
828 1886 964 1922 Ὑποστη-

181 1933 251 1968 ρίςει
265 1934 329 1965 τοὺς
342 1933 463 1964 δικαίους
477 1934 491 1959 6
507 1933 619 1967 Κύριος.
637 1942 646 1959 ι

220 1979 375 2005 ιΦυλάσσει
401 1979 502 2014 Κύριος
523 1979 628 2010 πάντας
652 1979 716 2010 τοὺς
742 1978 906 2013 ἀγαπῶντας
918 1979 966 2006 αὑ-

175 2025 235 2052 τὸν.
250 2034 260 2051 ι

197 2097 208 2101 ς
218 2080 228 2098 ι
247 2072 392 2104 Ἐπαύλεις
401 2072 512 2100 δικαίων
523 2071 707 2106 εὐλογοῦνται.
720 2080 729 2097 ι

219 2168 229 2186 ι
249 2157 330 2192 οἶκος
349 2159 461 2187 δικαίων
475 2160 638 2195 εὐλογεῖται.
653 2158 666 2186 ι’

221 2260 231 2277 ι
243 2249 324 2283 Οἶκος
330 2251 443 2278 δικαίων
452 2251 529 2285 ἰσχὺς
542 2250 638 2284 πολλή.
653 2257 664 2275 ι

220 2347 230 2364 ι
248 2337 365 2372 Εὐλογία
388 2337 492 2372 κυρίου
511 2338 559 2364 ἐπὶ
579 2336 701 2371 κεφαλὴν
716 2335 832 2364 δικαίου.
856 2335 967 2371 Ἐγχροο

185 2384 251 2417 νίζει
263 2384 378 2416 δικαίοις
392 2383 556 2419 εὐφροσύνη.
571 2392 581 2408 ι

223 2440 233 2456 ι
249 2429 309 2462 Φῶς
319 2429 434 2461 δικαίοις
450 2429 494 2456 διὰ
509 2428 620 2460 παντός.
637 2437 646 2454 ι

223 2485 232 2501 ε
247 2476 353 2502 Δίκαιοι
365 2474 487 2501 ποιοῦσιν
502 2474 530 2500 ὲν
541 2473 648 2508 πλούτῳ
659 2473 707 2509 ἐτη
723 2471 819 2500 πολλά.
836 2482 846 2498 ι

225 2530 234 2547 ι
254 2521 362 2552 Δίκαιος
374 2522 403 2547 ὲν
417 2520 489 2556 χαρᾷ
501 2520 547 2546 καὶ
558 2519 712 2554 εὐφροσύνῃ
727 2518 817 2546 ἔσται.
833 2528 843 2544 ι

226 2629 235 2645 ι
253 2620 362 2650 Δίκαιος
375 2620 406 2645 ὲκ
422 2618 508 2654 θῆρας
522 2616 642 2644 ὲκδύνει·
662 2616 720 2643 ἀντ’
735 2613 818 2642 αὑτοῦ
834 2614 863 2641 δὲ
878 2621 968 2649 παρα-

187 2667 287 2693 δίδοται
303 2666 317 2692 ὁ
330 2664 441 2700 ἀσεϐής.
458 2673 468 2690 ›

224 2736 234 2752 ι
253 2725 299 2761 Μὴ
322 2724 415 2760 φοϐοῦ,
430 2724 470 2751 ὃτι
497 2722 693 2758 ὲλυτρωσάμην
704 2729 751 2748 σε’
767 2719 884 2747 ὲκὰλεσά
900 2728 930 2746 σε
942 2719 973 2746 τὸ

188 2772 274 2808 δνομά
304 2779 369 2798 σου·
388 2771 453 2806 ἐμὸς
466 2767 490 2797 εἴ
502 2770 545 2801 σὺ,
573 2769 620 2795 καὶ
644 2767 764 2802 ποταμοὶ
787 2767 822 2805 οὔ.
849 2766 974 2800 συγκλεί-

189 2818 266 2844 σουσί
282 2826 323 2850 σε,
343 2817 390 2845 καί
405 2817 451 2845 ἐὰν
482 2815 588 2851 διέλθῃς
615 2813 659 2841 διὰ
688 2813 784 2848 πυρὸς,
795 2812 825 2839 οὐ
839 2811 875 2847 μὴ
892 2819 975 2840 κατα·

175 2861 303 2900 Δκοιιιθῇς.
325 2874 334 2890 ι
593 2859 603 2862 ’

1013 1613 1170 1638 metuentes
1184 1617 1258 1636 cum.
1273 1618 1282 1634 I

1052 1655 1130 1682 Paul.
1146 1662 1240 1687 xum,
1256 1654 1299 1686 I8,
1312 1653 1358 1685 20.
1372 1653 1417 1681 21.
1436 1669 1470 1675 —
1488 1663 1497 1679 ι
1512 1653 1708 1682 Clamaverunt
1722 1655 1799 1690 justi,

1013 1706 1041 1731 et
1059 1701 1193 1729 Dominus
1209 1699 1350 1728 exaudivit
1367 1707 1427 1727 eos.
1440 1699 1530 1727 Multze
1545 1700 1740 1729 tribulationes
1751 1701 1800 1736 ju-

1013 1753 1132 1780 storum,
1149 1751 1177 1775 et
1192 1746 1226 1774 de
1243 1746 1375 1773 omnibus
1397 1745 1430 1772 iis
1445 1745 1573 1772 liberabit
1592 1753 1639 1773 eos
1655 1745 1797 1773 Dominus.

1013 1793 1141 1822 Custodit
1156 1792 1289 1820 Dominus
1303 1791 1394 1819 omnia
1407 1798 1470 1818 ossa
1486 1797 1594 1824 eorum,
1613 1797 1697 1818 unum
1712 1799 1744 1819 ex
1758 1792 1801 1819 IIIS

1014 1848 1071 1868 non
1089 1842 1259 1866 conteretur.
1277 1846 1286 1862 ι

1049 1884 1125 1912 Psal.
1143 1891 1236 1915 xxx“,
1253 1882 1300 1913 '59.
1316 1882 1361 1909 ΔΟ.
1376 1896 1411 1901 —-
1423 1889 1432 1906 ί
1456 1881 1537 1909 Salus
1558 1886 1648 1909 autem
1663 1881 1801 1916 justornm

1016 1937 1032 1958 ει
1047 1929 1172 1957 Domino.
1188 1927 1340 1956 Conﬁrmat
1361 1930 1453 1954 autem
1469 1926 1559 1960 justos
1574 1926 1718 1954 Dominus.
1737 1935 1746 1952 ι

1051 1975 1128 2002 Psal.
1145 1982 1235 2006 cxuv,
1265 1973 1311 2000 20.
1322 1986 1356 1992 -
1373 1981 1382 1997 ι
1400 1972 1531 1999 Custodit»
1555 1972 1690 2001 Dominus
1706 1980 1802 1999 omnes

1017 2021 1165 2054 diligentes
1180 2025 1221 2045 se.
1238 2027 1248 2044 ι

1052 2065 1132 2092 Prov.
1148 2072 1188 2096 ιιι,
1208 2063 1253 2090 55.
1273 2076 1309 2081 -
1330 2070 1340 2088 ι
1352 2061 1515 2090 Habitacula
1529 2062 1670 2097 justorum
1691 2061 1803 2089 benedi-

1018 2115 1127 2139 cuntur.
1145 2118 1155 2135 Ι

1055 2155 1135 2183 Prov.
1153 2163 1203 2187 ιιι,
1232 2154 1257 2180 7.
1282 2168 1316 2174 --
1335 2162 1345 2180 ι
1362 2152 1465 2181 Domus
1496 2153 1637 2189 iustorum
1664 2152 1803 2181 benedici-

1021 2207 1076 2230 tur.
1097 2211 1106 2227 ι

1054 2247 1136 2275 Prov.
1181 2254 1224 2280 xv,
1253 2246 1280 2274 6.
1309 2260 1345 2266 —
1370 2255 1381 2272 ι
1410 2245 1513 2274 Domus
1543 2245 1683 2280 iustorum
1715 2245 1804 2274 virtus

1019 2294 1115 2320 multa.
1135 2302 1145 2318 ι

1054 2339 1135 2367 Prov.
1164 2346 1192 2370 κ,
1207 2337 1235 2369 6,
1259 2337 1305 2364 28.
1318 2352 1353 2357 -—
1368 2347 1377 2364 ι
1394 2337 1556 2365 Benedictio
1586 2337 1693 2366 Domini
1718 2345 1805 2373 super

1019 2390 1102 2420 caput
1116 2384 1193 2419 justi.
1209 2383 1314 2410 ιωιιιὶο
1334 2391 1396 2410 cum
1411 2383 1497 2418 justis
1514 2387 1650 2410 moratur.
1669 2392 1678 2408 ι

1057 2431 1206 2462 Promxm,
1223 2431 1250 2458 9.
1264 2445 1299 2449 —
1317 2439 1326 2455 ι
1346 2429 1405 2457 Lux
1432 2429 1518 2464 justis
1548 2429 1575 2455 in
1602 2433 1773 2464 perpetuum.
1793 2439 1802 2454 ι

1061 2485 1070 2501 ι
1088 2476 1159 2504 Justi
1176 2479 1261 2509 agunt.
1278 2475 1305 2501 in
1321 2474 1427 2501 divitiis
1440 2481 1530 2500 annos
1546 2473 1658 2500 inultos.
1679 2482 1688 2498 ι

1056 2523 1138 2551 Prov.
1155 2530 1231 2555 χιιι,
1248 2522 1275 2549 6.
1290 2535 1324 2541 -
1342 2530 1352 2546 ι
1367 2520 1464 2548 Justus
1481 2520 1509 2546 in
1528 2519 1628 2554 gaudio
1644 2523 1671 2547 et
1685 2518 1802 2546 oblecta-

1022 2568 1097 2595 tione
1116 2568 1180 2596 erit.
1200 2577 1209 2593 ι

1061 2613 1138 2640 Prov.
1158 2621 1196 2644 in,
1209 2614 1235 2640 8.
1254 2622 1263 2639 ι
1281 2611 1376 2639 Justus
1393 2618 1428 2639 cx
1443 2610 1543 2646 laqueo
1558 2609 1669 2637 evadit:
1689 2608 1808 2636 traditur

1024 2664 1112 2686 autem
1135 2666 1185 2694 pro
1198 2666 1231 2686 eo
1259 2658 1370 2693 impius.
1395 2667 1405 2683 ι

1059 2715 1128 2743 Irai.
1159 2723 1236 2747 mu.
1256 2715 1284 2742 2.
1300 2729 1336 2734 —
1351 2724 1362 2740 ι
1380 2714 1440 2742 Noli
1468 2714 1584 2746 timere,
1607 2711 1738 2748 quoniam
1760 2718 1807 2738 rc-

1025 2762 1096 2789 demi
1115 2765 1141 2789 le
1157 2770 1163 2788 :
1192 2762 1288 2789 v'ocavi
1313 2765 1339 2788 le
1354 2761 1467 2788 nomine
1496 2764 1545 2787 tuo
1558 2767 1564 2785 :
1577 2766 1655 2786 meus
1672 2764 1702 2785 cs
1717 2761 1765 2790 tu;
1781 2762 1810 2783 et

1024 2807 1137 2835 ﬂumina
1165 2815 1220 2835 non
1251 2807 1411 2842 cooperient
1431 2812 1468 2839 te,
1501 2806 1566 2834 etsi
1587 2803 1732 2833 transieris
1760 2810 1810 2838 per

1027 2855 1128 2891 ignem,
1145 2862 1200 2882 non
1218 2853 1401 2882 combureris.
1419 2861 1428 2878 ι

1722 158 1790 192 IIII
1845 167 1851 171 '
