2073 3112
273 122 342 156 1415

855 125 886 153 S.
902 124 1061 155 JOANNIS
1076 126 1292 159 DAMASCENI

1830 127 1899 162 1418

307 182 338 210 Il
370 181 440 209 Petr.
467 189 497 213 ιι.
514 181 540 209 5.
555 195 588 200 —~
604 189 613 206 ι
633 179 712 208 Novit
739 180 811 208 Deus
840 181 901 216 pios
911 181 946 209 de
967 187 1049 209 tenta-

1150 194 1159 210 ι
1180 184 1241 211 Οἵδε
1260 185 1361 221 Κύριος
1373 185 1496 218 εὐσεϐεῖς
1511 186 1542 213 ἐκ
1560 185 1718 222 πειρασμοῦ
1736 187 1859 223 ῥύεσθαι.
1883 198 1893 214 ι

272 229 346 255 tione
361 228 478 262 eripere.
496 236 506 252 μ

307 273 426 308 Didymi.
439 272 550 300 -——.lusti
561 280 672 307 quoque
689 272 717 299 in
739 273 841 300 multas
858 273 1056 301 tribulationes

271 319 403 346 incidunt.
417 318 514 346 Verum
528 326 559 346 ea
568 318 672 354 flagella
684 326 736 346 non
749 322 813 346 sunt
830 328 836 345 :
848 319 911 353 quia
926 327 980 346 non
992 327 1058 354 pro-

271 370 330 400 pter
348 370 460 399 peccata
477 365 538 391 illas
553 364 659 396 tolerat.
683 365 728 399 qui
747 365 839 391 virtuti
854 365 900 391 dat
932 372 1055 401 operarii.

269 411 352 446 454
367 410 434 438 TlT.
464 410 605 446 XXIX.—_
616 409 752 446 Derjustis
768 409 858 446 :quod
874 410 993 444 pretiosa
1018 414 1056 437 est

395 446 420 472 iu
435 450 573 480 conspectu
589 444 694 471 Domini
710 453 779 471 mors
796 445 930 478 ipsorum.

307 491 474 523 Nomium,
488 490 564 516 10.-
579 499 588 515 ι
600 489 730 516 Moriatur
742 489 833 516 anima
842 495 902 516 mea
918 488 946 516 in
964 488 1056 516 taber-

223 553 230 559 α
271 537 377 563 naculis
398 536 548 571 justorum.
573 544 581 560 I

307 583 380 609 Psal.
395 590 456 613 cxv.
482 582 509 609 5.
521 597 555 601 —
571 591 579 606 ι
595 581 718 608 Pretiosa
738 580 768 607 in
781 584 930 615 conspectu
946 580 1054 608 Domini

270 636 344 656 mors
359 633 516 656 sanctorum
534 627 605 661 ejus.
626 637 635 653 ι

300 674 379 702 Prov.
394 683 421 707 ι,
433 675 459 701 7.
474 689 509 694 ——
523 683 532 699 ‹
557 673 685 701 Meritoria
703 674 771 708 justi
791 682 854 701 cum
881 674 1020 702 laudibus.
1042 684 1051 700 ι

304 721 383 749 Prov.
399 729 436 751 ιι,
451 720 493 747 10.
505 736 538 741 ——
557 729 565 746 ι
583 720 612 748 In
624 720 859 755 laudationejusti
870 720 1053 749 delectabun-

268 771 312 794 lur
328 767 430 802 populi.
444 776 453 792 ι

295 813 353 840 Isa.
381 821 447 846 Lvn,
464 812 491 840 ‘2.
511 827 547 833 —
565 821 574 838 ‹
590 813 612 839 Α
627 812 697 839 facie
725 811 823 847 injusti
854 811 983 840 sublatus
1011 815 1054 840 cst

266 859 377 894 justus;
396 863 422 886 et
436 859 490 885 erit
508 859 535 885 in
551 865 619 893 pace
633 858 774 892 sepultura
793 858 863 892 ejus.
879 867 887 883 ι

295 905 390 939 Cyritl.
412 905 459 932 lib.
475 912 501 931 v1
517 909 602 931 contr.
626 904 684 931 Jul.
709 919 745 924 —-
766 903 928 931 Sanctorum
954 903 1059 931 loettlos

267 953 448 985 lionoranius,
483 959 515 979 ac
541 952 616 979 velut
642 951 670 979 in
686 951 910 986 prmclarissimaz
941 951 1056 979 virtutis

267 997 662 1033 ipsorum,magnitudinisque
677 997 761 1024 animi
778 997 921 1031 praemium
937 1001 966 1024 et
980 1003 1055 1024 mer-

265 1044 371 1076 cedem,
428 1051 569 1078 nunquam
611 1043 845 1070 intermorientem
896 1041 1058 1070 memoriam

266 1089 334 1124 ipsis
351 1089 540 1124 rependimus.
561 1088 641 1116 Viros
654 1092 766 1115 sanctos
776 1087 824 1122 qui
851 1087 930 1114 fidem
958 1093 1053 1114 serva-

265 1139 330 1161 runt
345 1135 523 1166 Itonoramus.
550 1138 577 1161 el
595 1141 643 1161 eos
660 1133 708 1168 qui
735 1132 909 1160 fortitudinis
929 1131 1051 1164 dotibus,

265 1181 338 1208 velut
353 1180 464 1208 coronis
482 1179 649 1215 quibusdam
667 1178 792 1206 redemiti
809 1183 886 1211 sunt,
898 1179 1002 1213 quique
1017 1176 1052 1205 ad

263 1232 417 1254 extremum
444 1233 532 1260 usque
549 1225 678 1260 spiritum
695 1229 722 1252 et
740 1224 901 1259 sanguinem
935 1222 1052 1250 dimica-

263 1277 346 1304 runt,
364 1276 391 1299 et
418 1272 521 1299 Christi
540 1271 633 1306 gloria:
650 1270 837 1298 testimonium
856 1268 1046 1301 reddiderunt,

1147 275 1201 301 Καὶ
1223 274 1323 301 δίκαιοι
1357 275 1465 308 πολλοῖς
1493 277 1700 312 περιστατικοῖς
1717 278 1894 313 περιπίπτου-

1108 327 1167 346 σιν·
1201 319 1270 346 ἀλλὰ
1298 320 1383 346 ταῦτα
1407 320 1541 356 μάστιγες
1565 322 1616 349 οὐκ
1639 323 1726 349 εἰσίν·
1741 323 1773 349 τὸ
1795 323 1835 358 μὴ
1861 324 1896 350 δι’

1107 365 1246 400 ἁμαρτίας
1262 366 1407 401 ὑπομεῖναι
1422 367 1468 394 τὸν
1484 367 1639 395 σπουδαῖον.

1107 410 1198 438 ΤΙΤΛ.
1221 410 1396 447 ΚΘἏ-Πβρί
1407 411 1531 447 δικαίων
1547 420 1555 427 ·
1570 412 1615 438 ὅτι
1626 412 1722 446 τίμιος
1741 413 1821 447 παρὰ
1836 415 1896 440 Κυ-

1322 446 1379 480 ρίῳ
1391 447 1408 473 ό
1427 446 1554 479 θάνατος
1567 447 1676 474 αὐτῶν.

1144 500 1153 516 t
1172 490 1313 522 Ἀποοάνοι
1331 492 1348 527 ἡ
1365 491 1439 527 ψυχή
1466 501 1517 527 μου
1539 493 1568 519 ἐν
1584 493 1696 528 σκηναῖς
1725 492 1848 520 δικαίων.
1863 502 1873 518 ι

1147 583 1258 618 «Τίμιος
1271 583 1391 610 ἐναντίον
1406 583 1509 619 Κυρίου
1523 584 1538 610 ὸ
1548 583 1663 616 θάνατος
1675 583 1730 611 τῶν
1744 583 1825 611 ὁσίων
1842 586 1898 612 αὔ-

1106 628 1164 655 τοῦ.
1183 638 1192 655 ι

1144 686 1153 700 1
1171 676 1275 711 Μνήμη
1290 675 1403 702 δικαίων
1418 676 1477 710 μετ’
1495 675 1652 711 ἐγκωμίων.

1145 731 1154 746 ι
1175 721 1432 756 Ἐγκωμιαζομένου
1445 720 1563 754 δικαίου,
1577 721 1811 757 εὐφρανθήσονται
1834 721 1895 748 λαοί

1105 767 1208 793 πολλοί.
1222 777 1231 793 ι

1145 823 1154 838 ι
1172 813 1238 839 Ἀπὸ
1253 812 1401 848 προσώπου
1415 811 1574 845 ἀδικοῦντος
1593 810 1678 848 ἦρται
1691 813 1704 840 ὁ
1719 813 1834 845 δίκαιος,
1845 812 1893 839 καί

1069 856 1094 887 Β
1107 857 1183 884 ἔσται
1194 858 1223 884 ἐν
1238 858 1333 894 εἰρήνῃ
1349 859 1365 893 ἡ
1383 858 1456 893 ταφὴ
1466 858 1559 886 αὐτοῦ.
1575 867 1584 884 ι

1143 904 1274 938 Τιμῶμεν
1300 906 1350 935 τὰς
1379 904 1434 930 τῶν
1461 904 1548 938 ἁγίων
1579 904 1676 940 θήκας,
1699 904 1747 931 καὶ
1762 905 1812 938 τῆς
1823 904 1894 931 οὕτω

1106 950 1236 985 λαμπρᾶς
1249 950 1338 976 αὐτῶν
1350 949 1520 985 εὐανδρείας,
1536 950 1662 986 καθάπερ
1671 950 1701 976 ὲν
1713 950 1789 984 τάξει
1803 950 1896 986 γερῶν

1107 995 1154 1022 καὶ
1171 995 1355 1030 ἀντιμισθίας,
1380 995 1431 1030 τὴν
1451 996 1608 1031 ἀμάραντον
1636 995 1730 1027 αὐτοῖς
1749 995 1895 1022 κατατιθέ-

1108 1049 1184 1075 μενοι
1201 1041 1322 1076 μνήμην.
1342 1040 1474 1075 Τιμῶμεν
1504 1041 1605 1076 ἄνδρας
1634 1041 1730 1075 ἁγίους
1757 1041 1896 1075 τιμῶντας

1106 1086 1155 1121 τὴν
1171 1080 1273 1119 πίστιν,
1291 1086 1338 1112 καὶ
1355 1087 1411 1117 τοῖς
1427 1086 1477 1120 τῆς
1501 1085 1661 1122 εὖανδρείας
1691 1086 1847 1121 αὐχήμασιν
1863 1082 1894 1112 εὖ

1109 1131 1182 1166 μάλα
1214 1130 1452 1166 κατεστεμμένους
1473 1130 1696 1165 ἀγωνισαμένους
1707 1138 1735 1156 τε
1750 1130 1831 1166 μέχρι
1846 1129 1895 1164 ψυ-

1105 1175 1155 1211 χῆς
1170 1175 1216 1202 καὶ
1243 1175 1370 1211 αἵματος,
1386 1176 1433 1202 καὶ
1466 1176 1696 1211 μαρτυρήσαντας
1710 1177 1745 1211 τῇ
1760 1175 1823 1211 δόξῃ
1845 1175 1894 1201 τοῦ

1105 1221 1237 1257 Χριστοῦ.
1269 1221 1316 1248 καὶ
1347 1222 1402 1254 τοῖς
1416 1221 1466 1257 τῆς
1487 1221 1628 1253 εὐσεϐείας
1652 1220 1895 1257 ἀνδραγαθήμασιν

1102 1267 1392 1302 ἐκλαμπρυνομένους.

263 1326 398 1353 suumque
411 1325 510 1345 nomen
530 1318 669 1352 praeclaris
693 1324 743 1351 pro
777 1316 879 1351 pietate
905 1315 1075 1343 facinoribus
1102 1315 1287 1343 illustrarunt.

297 1365 328 1392 S.
343 1363 426 1391 Basil.
442 1363 469 1389 in
481 1363 557 1390 Psal.
568 1370 642 1388 nix.
660 1376 694 1382 —
705 1361 757 1394 Qui
772 1361 903 1396 martyris
914 1368 978 1388 ossa
991 1365 1053 1387 tan-

263 1413 313 1448 git,
331 1412 353 1439 is
363 1419 394 1438 ex
411 1418 442 1438 ea
458 1417 518 1445 qua:
532 1409 641 1444 corpori
659 1408 760 1436 insidet
775 1409 874 1443 gratia,
891 1407 1049 1435 sanctitatis

264 1457 408 1493 cujusdam
424 1456 563 1491 particeps
579 1454 710 1482 redditur.
728 1453 849 1480 Pretiosa
861 1459 899 1480 est
916 1453 1007 1488 itaque
1024 1453 1050 1479 in

262 1508 401 1538 conspectu
412 1501 516 1529 Domini
528 1509 599 1527 mors
610 1505 762 1527 ttanctarum
774 1499 830 1534 ejus
839 1499 926 1534 (Ριαί.
936 1506 997 1531 ων,
1010 1498 1049 1531 5).

263 1559 329 1587 ΤιΤ.
339 1558 423 1586 XXX.
439 1573 473 1577 —
483 1557 522 1584 De
532 1553 686 1584 discrimine
701 1555 747 1582 Dei
761 1560 785 1582 et
794 1555 930 1583 hominum
939 1554 1049 1616 Ἴρασα-

294 1602 344 1616 mm
373 1594 486 1616 multum
502 1593 608 1616 interest
630 1595 747 1616 uectetne
770 1591 868 1616 aliauis
894 1591 921 1616 in
979 1597 1049 1616 eum.

294 1602 344 1628 que
373 1594 486 1620 multum
502 1593 608 1619 interest
629 1595 747 1625 peceelne
770 1591 868 1626 aliquis
894 1591 921 1617 iu
953 1591 1049 1621 Deum,

296 1638 329 1656 rm
347 1629 373 1655 in
388 1628 516 1655 homines.

297 1688 311 1714 Ι
320 1688 382 1722 Reg.
392 1695 421 1720 tt,
429 1686 561 1713 “22-25.—
572 1694 581 1711 ι
591 1685 649 1713 llcli
662 1690 752 1713 autem
765 1693 848 1713 senex
857 1689 916 1712 erat
927 1685 1015 1716 valde,
1026 1688 1054 1712 et

262 1733 369 1760 audivit
398 1739 459 1767 qua:
479 1731 600 1758 facerent
614 1730 716 1758 tiliisui
733 1730 796 1758 ﬁliis
821 1729 915 1763 lsraei,
928 1734 956 1757 et
983 1729 1052 1757 dixit

261 1781 322 1808 eis:
338 1779 429 1812 Quare
452 1777 544 1804 facitis
574 1776 723 1804 secundum
762 1775 875 1802 verbum
897 1775 960 1806 hoc,
979 1774 1051 1809 quod

260 1832 311 1860 ego
331 1825 414 1852 audio
443 1831 477 1852 ex
495 1830 542 1850 ore
570 1821 660 1850 omnis
677 1821 770 1856 populi
794 1820 922 1847 Domini?
945 1819 1050 1855 Nequa-

260 1879 356 1906 quam,
373 1870 419 1897 lilii
440 1870 524 1904 :quia
549 1876 603 1895 non
624 1871 667 1895 est
678 1867 769 1894 bonus
786 1873 880 1894 rumor
897 1874 978 1901 quem
998 1873 1049 1900 ego

260 1916 355 1948 audio,
372 1914 445 1949 quod
466 1922 519 1941 non
537 1913 639 1941 serviat
651 1912 771 1947 populus
780 1911 844 1938 Deo.
863 1910 892 1938 Si
903 1911 1043 1946 peccando

260 1962 417 1997 peccaverit
444 1961 486 1988 vir
512 1961 539 1988 in
565 1960 665 1993 virum,
689 1963 716 1987 et
741 1957 965 1994 deprecabuntur
997 1965 1048 1992 pro

261 2008 321 2042 ipso
353 2007 387 2033 ad
406 2005 511 2033 Deum:
531 2004 573 2032 sin
596 2009 688 2032 autem
722 2002 840 2030 Domino
876 2001 1048 2038 peccaverit,

259 2053 322 2088 quis
335 2052 426 2080 orabit
437 2059 486 2086 pro
503 2051 571 2078 illo?
591 2060 600 2076 ι

295 2096 355 2124 Ιδα.
371 2104 415 2128 ιν,
437 2096 495 2123 6-9.
513 2111 548 2116 -
565 2104 575 2121 ‹
592 2095 710 2128 Quaarite
729 2093 826 2126 Deum,
840 2098 867 2122 et
893 2100 955 2121 cum
971 2093 1049 2120 inve-

259 2143 356 2170 neritis
371 2150 445 2175 eum,
463 2142 599 2169 invocate.
613 2141 764 2176 Postquam
785 2145 876 2168 autctu
896 2139 1047 2175 appropin-

1144 1372 1173 1399 Ὀ
1190 1372 1328 1407 ἁψάμενος
1359 1372 1462 1398 ὀστέων
1491 1371 1640 1408 μάρτυρος,
1669 1372 1802 1408 λαμϐάνει
1832 1373 1895 1400 τινὰ

1106 1417 1251 1452 μετουσίαν
1271 1416 1407 1452 ἁγιασμοῦ
1421 1418 1453 1443 ὲκ
1470 1414 1519 1452 τῆς
1537 1417 1576 1451 τῷ
1590 1416 1700 1452 σώματι
1709 1418 1891 1453 παρεδρευού-

1105 1471 1155 1497 σης
1181 1463 1301 1497 χάριτος.
1326 1462 1424 1497 Τίμιος
1455 1459 1502 1489 οὖν
1517 1462 1658 1489 ἐναντίον
1675 1463 1789 1496 Κυρίου
1808 1464 1824 1490 ό
1840 1462 1892 1490 θά-

1103 1517 1193 1541 νατος
1207 1508 1268 1535 τῶν
1284 1508 1378 1535 ὁσίων
1388 1508 1492 1535 αὐτοῦ.

1105 1554 1126 1580 Τ
1128 1554 1194 1580 ΙΤΛ.
1204 1554 1243 1581 Λ’.
1255 1569 1290 1574 -
1306 1554 1374 1588 Περὶ
1387 1553 1532 1588 διαφορᾶς
1549 1554 1622 1581 Θεοῦ
1642 1554 1691 1582 καί
1712 1554 1891 1589 ἀνθρώπων

1141 1590 1189 1624 καί
1202 1589 1246 1615 ὅτι.
1258 1589 1338 1624 πολὺ
1353 1589 1386 1615 τὸ
1394 1589 1491 1623 μέσον
1503 1589 1577 1616 Θεοῦ
1589 1591 1638 1617 καὶ
1658 1590 1830 1624 ἀνθρώπων,
1842 1590 1892 1617 καὶ

1137 1623 1191 1650 τοῦ
1207 1623 1389 1658 ἁμαρτάνειν
1398 1625 1442 1657 είς
1459 1624 1545 1657 Θεὸν,
1571 1625 1621 1651 καὶ
1643 1626 1686 1658 εις
1706 1625 1890 1658 avom-mm.

1139 1689 1149 1705 ε
1169 1679 1228 1706 Ἠλὶ
1241 1679 1426 1715 πρεσϐύτερος
1436 1679 1549 1716 σφόδρα·
1566 1680 1616 1708 καὶ
1625 1681 1744 1716 ἤκουσεν
1755 1681 1773 1708 ἃ
1783 1681 1892 1707 ἐποίουν

1102 1725 1126 1752 οἱ
1141 1725 1195 1752 utet
1208 1724 1301 1758 αὐτοῦ,
1316 1726 1373 1757 τοῖς
1382 1726 1451 1757 υίοῖς
1468 1725 1579 1762 Ἰσραήλ
1589 1733 1597 1742 ·
1617 1726 1665 1753 καὶ
1682 1724 1759 1752 εἶπεν
1787 1727 1890 1758 αὐτοῖς·

1104 1771 1164 1798 Ἵνα
1173 1771 1200 1798 τί
1212 1772 1316 1798 ποιεῖτε
1338 1771 1410 1798 κατὰ
1422 1771 1453 1799 τὸ
1468 1772 1544 1807 ῥῆμα
1558 1772 1648 1805 τοῦτο,
1660 1772 1675 1799 ὃ
1692 1773 1746 1807 ἐγὼ
1757 1773 1849 1800 ἀκούω
1858 1774 1891 1799 ὲκ

1102 1816 1235 1852 στόματος
1245 1816 1346 1848 παντὸς
1360 1816 1408 1843 τοῦ
1432 1817 1498 1844 λαοῦ
1511 1818 1617 1854 Κυρίου
1636 1826 1643 1851 ;
1659 1819 1715 1854 Μὴ,
1733 1818 1818 1845 τέκνα
1830 1826 1836 1833 ·
1848 1819 1890 1845 ὅτι

1100 1862 1150 1889 οὐκ
1164 1862 1254 1898 ἀγαθὴ
1269 1863 1285 1897 ἡ
1300 1862 1381 1898 ἀκοὴ,
1393 1863 1426 1898 ἢν
1445 1862 1501 1897 ἐγὼ
1511 1863 1613 1898 ἀκούω,
1632 1863 1680 1892 τοῦ
1694 1864 1732 1899 μὴ
1749 1863 1889 1891 δουλεύειν

1100 1907 1164 1935 λαὸν
1178 1907 1246 1943 Θεῷ.
1270 1907 1333 1934 Ἐὰν
1352 1908 1518 1944 ἁμαρτάνων
1534 1908 1684 1946 ἁμαρτήσῃ
1697 1909 1767 1945 ἀνὴρ
1783 1910 1824 1942 είς
1838 1910 1888 1937 ἄν·

1099 1952 1160 1988 δρα,
1175 1952 1223 1978 καὶ
1238 1951 1416 1988 προσεύξεται
1432 1953 1494 1988 περὶ
1508 1952 1591 1980 αὐτοῦ
1604 1953 1673 1989 πρὸς
1700 1953 1803 1990 Κύριον
1822 1963 1829 1970 ·
1839 1955 1888 1982 ἐὰν

1098 2000 1128 2027 δὲ
1141 2000 1179 2036 τῷ
1190 2001 1286 2036 Κυρίῳ
1312 2000 1473 2037 ἁμαρτήσῃ,
1488 2001 1530 2033 τίς
1547 2001 1730 2037 προσεύξεται
1758 2003 1824 2038 περὶ
1837 2002 1887 2029 αὖ,

1098 2055 1166 2080 του;
1185 2056 1194 2073 ι

1136 2102 1145 2119 ι
1166 2093 1307 2128 Ζητὴσατε
1321 2094 1366 2121 τὸν
1377 2094 1453 2128 Θεὸν,
1479 2095 1526 2122 καὶ
1549 2094 1579 2122 ὲν
1589 2094 1628 2131 τῷ
1641 2095 1780 2131 εὑρίσκειν
1793 2096 1886 2129 αὑτὸν,

1098 2139 1309 2167 ὲτιικαλέσασθε.
1332 2140 1429 2168 Ἦνίκα
1440 2141 1463 2168 δ’
1483 2141 1516 2168 ἂν
1544 2142 1641 2178 ὲγγίζῃ
1667 2142 1749 2178 ὑμῖν,
1777 2143 1887 2170 ἀπολει-

259 2181 384 2222 quaverit
397 2187 487 2219 vobis,
506 2186 644 2222 relinquat
670 2186 774 2219 impius
790 2186 851 2213 vias
866 2193 941 2218 suas,
961 2189 988 2212 et
1004 2184 1045 2212 vir

1102 2186 1310 2221 πέτωόάσεϐὴς
1328 2187 1377 2219 τὰς
1398 2187 1476 2220 ὁδοὺς
1494 2187 1589 2220 αὑτοῦ,
1617 2188 1666 2215 καὶ
1688 2188 1758 2224 ἀνὴρ
1787 2188 1888 2224 ἄνομος

258 2233 375 2267 iniquus
391 2233 507 2260 consilia
525 2240 586 2266 sua,
596 2237 623 2260 et
641 2236 818 2260 convertatur
837 2233 870 2260 ad
887 2232 1034 2259 Dominum

258 2285 285 2307 ct
302 2276 522 2307 misericordiam
532 2284 728 2313 consequetur,
742 2279 806 2314 quia
825 2279 941 2306 multum
957 2278 1046 2306 dimit-

259 2330 297 2354 tet
311 2329 423 2360 peccata
441 2328 542 2352 vestra.
567 2323 661 2358 Neque
677 2324 826 2352 enimsunt
851 2325 923 2352 sicut
937 2325 988 2352 vite
1000 2332 1044 2352 ve-

258 2375 324 2398 stra'.
338 2378 388 2398 vra:
407 2378 485 2403 mete,
500 2371 569 2398 dicit
581 2370 725 2398 Dominus.
739 2370 792 2398 Sed
803 2375 935 2405 quantum
955 2370 1043 2398 distat

257 2417 384 2444 coaluma
399 2421 483 2448 terra.
498 2420 603 2444 tantum
629 2416 715 2444 distat
736 2417 777 2443 via
811 2423 872 2444 mea
893 2424 908 2443 a
926 2415 978 2443 viis
998 2424 1045 2444 ve-

257 2463 334 2495 stris,
348 2467 374 2490 et
389 2463 573 2498 cogitationes
584 2471 651 2490 mea:
662 2470 677 2489 a
687 2463 903 2498 cogitationibus
912 2462 1022 2490 vestris.
1030 2472 1040 2488 ι

287 2508 405 2535 Tantum
435 2509 509 2536 inter
537 2507 624 2535 Deum
652 2512 680 2535 ct
706 2507 847 2535 hominem
865 2507 1042 2535 intervallum

256 2557 299 2581 cst
326 2558 457 2587 quantum
474 2553 549 2580 nulla
570 2553 696 2580 oratione
707 2552 825 2587 exprimi
840 2557 933 2588 queat.

556 2629 594 2657 LI
599 2629 716 2658 TTERA
729 2629 762 2657 E.

256 2697 324 2725 'll'l'.
342 2697 363 2725 l.
381 2697 417 2725 De
432 2698 565 2726 mandati:
592 2698 649 2731 Dei,
666 2704 690 2727 et
707 2699 739 2726 iis
754 2700 799 2734 qui
813 2707 846 2726 ea
868 2699 1042 2728 custodiunt.

291 2774 379 2803 Exod.
395 2784 452 2810 xu,
466 2778 530 2805 5.6.
552 2794 585 2799 —
605 2788 614 2804 ι
630 2777 703 2806 Dixit
726 2778 882 2808 Dominus:
902 2779 930 2807 Si
944 2779 1040 2808 auditu

257 2821 399 2850 audieritis
426 2831 521 2852 vocem
549 2832 655 2858 meam,
679 2831 706 2854 et
723 2826 912 2856 custodieritis
927 2830 1038 2860 pactum

1102 2233 1151 2264 τὰς
1162 2233 1260 2268 βουλὰς
1270 2233 1352 2273 αι)τοῦ
1362 2242 1369 2249 '
1386 2234 1432 2260 καὶ
1448 2234 1643 2270 ἐπιστραφήτω
1654 2235 1701 2261 ἐπὶ
1713 2235 1827 2270 Κύριον,
1840 2235 1889 2261 καὶ

1101 2278 1287 2314 ἐλεηθήσεται,
1311 2279 1351 2305 ὅτι
1380 2279 1428 2305 ἐπὶ
1451 2279 1518 2306 πολὺ
1547 2279 1648 2314 ἀφήσει
1675 2280 1726 2312 τὰς
1747 2281 1888 2316 ἁμαρτίας

1101 2324 1189 2359 ὑμῶν.
1201 2324 1268 2351 Οὐδὲ
1283 2323 1378 2360 ὥσπερ
1390 2326 1418 2352 αἱ
1431 2325 1486 2352 ὁδοὶ
1499 2324 1588 2361 ὑμῶν,
1602 2325 1633 2352 αἱ
1648 2325 1703 2352 ὁδοί
1726 2334 1796 2360 μου,
1812 2325 1887 2359 λέγει

1101 2369 1214 2405 Κύριος.
1238 2369 1307 2396 Ἀλλ’
1319 2371 1382 2397 ὅσον
1401 2371 1498 2406 ἀπέχει
1513 2372 1527 2398 ὁ
1540 2371 1655 2407 οὐρανὸς
1675 2371 1729 2398 ἀπὸ
1744 2371 1794 2406 τῆς
1821 2371 1885 2406 γῆς.

1099 2415 1186 2448 οὕτως
1214 2416 1311 2451 ἀπέχει
1326 2418 1342 2451 ὴ
1353 2416 1411 2448 ὁδός
1427 2425 1477 2452 μου
1505 2418 1559 2445 ἀπὸ
1582 2417 1636 2444 τῶν
1650 2417 1718 2444 ὁδῶν
1733 2417 1822 2452 ὑμῶν,
1838 2417 1887 2444 καὶ

1098 2463 1132 2489 τὰ
1146 2462 1314 2498 διανοήματα
1328 2463 1405 2497 ὑμῶν
1417 2463 1471 2489 ἀπὸ
1484 2463 1532 2497 τῆς
1544 2462 1663 2494 διανοίας
1680 2471 1743 2498 μου.

1132 2508 1266 2535 Τοσοῦτον
1280 2508 1311 2535 τὸ
1328 2508 1411 2544 μέσον
1435 2508 1504 2536 Θεοῦ
1520 2509 1568 2536 καὶ
1580 2508 1738 2545 ἀνθριίκτου,
1748 2509 1811 2536 ὅσον
1825 2508 1887 2535 οὐδὲ

1097 2554 1111 2580 ὁ
1128 2553 1207 2588 λόγος
1219 2555 1393 2590 παραστῆσαι
1409 2554 1565 2587 δυνήσεται.

1370 2634 1392 2659 Σ
1398 2633 1456 2660 TOI
1457 2633 1519 2660 XEI
1520 2632 1568 2659 ON
1579 2633 1611 2660 Ε.

1097 2700 1240 2727 TlTA.A'.
1260 2699 1377 2733 -Περὶ
1401 2699 1535 2727 ἐντολῶν
1565 2699 1650 2733 Θεοῦ,
1668 2699 1718 2727 καὶ
1745 2698 1804 2726 τῶν
1832 2708 1885 2734 52v-

1334 2736 1505 2762 λειπόντων
1517 2733 1621 2768 αὑτάς.

1138 2789 1147 2806 ι
1167 2778 1234 2806 Είπε
1250 2779 1351 2815 Κύριος
1364 2788 1371 2796 ο
1389 2780 1452 2807 Ἐὰν
1469 2780 1537 2815 ἀκοῇ
1562 2780 1697 2815 ἀκούσητε
1719 2780 1769 2815 τῆς
1790 2780 1884 2814 φωνῆς

1097 2827 1210 2863 Κυρίου,
1224 2827 1269 2854 καὶ
1303 2826 1470 2864 φυλάξησθε,
1483 2826 1532 2862 τὴν
1560 2826 1692 2864 διαθήκην
1707 2836 1773 2863 μου,
1786 2826 1885 2855 ἔσεσθέ
