2073 3112
232 90 297 124 M11

862 88 983 119 SACRA
1001 86 1223 118 PARALLELA

1800 86 1869 119 1418

231 157 276 183 μοι
304 147 366 178 λαὸς
388 145 546 181 «spatiata;
564 144 620 171 ἀπὸ
650 144 761 170 πάντων
773 142 827 170 τῶν
838 143 935 171 ἐθνῶν.
950 145 1019 178 Ἐμὴ

1076 150 1179 175 meum,
1197 141 1276 169 eritis
1295 141 1363 168 mihi
1381 132 1500 176 populus
1515 141 1667 177 peculiaris
1691 150 1722 170 ex
1738 144 1869 171 omnibus

227 194 281 229 γάρ
300 194 360 219 ἐστι
375 193 451 219 πᾶσα
463 192 480 227 ὴ
491 191 527 226 γῆ
544 197 551 204 ·
568 190 648 225 ὑμεῖς
662 189 691 215 δὲ
701 188 799 215 ἔσεσθέ
818 197 863 224 μοι
883 187 1021 223 βασίλειον

227 240 388 275 ιερατευμα,
405 237 453 264 καὶ
465 237 542 268 ἔθνος
560 235 649 270 ἅγιον.
670 244 679 261 ι

261 294 271 311 ι
296 285 360 311 Ἐὰν
375 284 445 318 ἀκοῇ
467 282 575 318 ἀκούσῃ
588 281 639 316 τῆς
659 280 752 316 φωνῆς
769 288 833 315 μου,
864 279 912 306 καὶ
940 279 1022 314 ποιή-

226 339 277 366 σῃς
291 331 381 357 πάντα
394 329 444 356 ὅσα.
458 328 491 355 ἂν
507 328 578 354 εἴπω
594 336 636 353 σοι
649 347 656 359 ,
672 325 814 362 ὲχθρεύσω
828 327 886 356 τοῖς
911 324 1021 360 ἐχθροῖς

227 384 287 410 σου,
302 375 350 402 καὶ
359 374 552 409 ἀντικείσομαι
562 373 620 404 τοῖς
629 371 845 408 ἀντικειμένοις.
868 380 877 397 ι

264 477 281 495 ι,
298 467 360 494 Ἐὰν
379 467 409 493 ὲν
423 467 480 499 τοῖς
497 464 694 501 προστάγμασι
715 473 768 500 μου
790 463 957 499 πορεύησθε,
975 463 1021 489 καὶ

226 515 276 546 τὰς
304 513 418 545 ἐντολάς
436 521 489 548 μου
517 511 706 547 φυλάσσησθε,
725 510 773 538 καὶ
788 510 923 546 ποιήσητε
939 509 1019 542 αὐτὰ,

227 561 306 588 δώσω
316 561 364 588 τὸν
379 560 459 587 ὑετόν
477 567 529 594 μου
544 559 573 585 ἐν
587 558 677 594 καιρῷ
696 556 779 584 αὑτοῦ
795 557 877 592 ὑμῖν,
893 556 941 583 καὶ
953 555 970 591 ή
983 555 1021 591 γῆ

226 607 308 634 δώσει
324 606 359 633 τὰ
378 606 539 641 γεννήματα
547 604 644 639 αὐτῆς,
664 603 710 630 καὶ
726 603 762 630 τὰ
772 603 840 637 ξύλα
855 602 910 629 τῶν
921 601 1021 629 πεδίων

227 652 362 679 ¹ἱϊιτοδιίιιιει
372 652 418 679 τὸν
426 651 534 686 καρπον
540 649 642 676 αὐτῶν.
655 649 710 676 Καὶ
721 648 913 683 καταλήψεται
930 648 995 682 ὑμῖν
1007 648 1022 674 ὀ

226 699 340 733 ἀλοητὺς
355 697 401 724 τὸν
416 697 530 732 σπόρον,
545 695 594 723 καὶ
607 695 728 730 φάγεσθε
741 695 787 722 τὸν
796 695 879 730 ἄρτον
890 693 969 728 ὑμῶν
980 693 1020 724 εις

227 744 402 780 πλησμονὴν,
434 742 614 777 κατοικήσετε
641 741 711 776 μετά
725 740 877 775 ἀσφαλείας
896 739 943 766 ἐπὶ
970 741 1021 775 τῆς

228 791 281 825 γῆς
296 790 386 825 ὑμῶν,
418 788 467 816 καὶ
489 787 704 823 κοιμηθήσεσθε,
715 787 763 813 καὶ
781 786 832 813 οὐκ
845 785 924 812 ἔσται
947 785 1021 820 ὑμᾶς

1075 187 1219 223 gentibus.
1242 184 1301 213 Mea
1317 190 1361 214 est
1385 187 1459 214 enim
1477 187 1570 215 omnis
1584 191 1668 215 terra.
1690 187 1743 216 Vos
1774 194 1867 217 autem

1074 233 1153 261 eritis
1170 232 1238 260 mihi
1261 233 1355 268 regale
1372 232 1572 265 sacerdotium.
1599 238 1626 261 et
1641 241 1710 269 gens
1724 241 1834 263 sancta.
1855 246 1866 262 ι

1109 279 1197 306 Exod.
1233 287 1313 311 χχιιι,
1329 279 1374 306 22.
1392 295 1427 300 —
1443 288 1450 305 ι
1467 278 1495 307 Si
1513 280 1608 307 auditu
1627 281 1749 309 audieris
1772 289 1869 310 vocem

1074 333 1173 358 meam,
1198 330 1226 353 et
1251 325 1352 353 feceris
1372 325 1467 352 omnia
1492 334 1669 362 quaecunque
1684 328 1782 355 dixero
1804 328 1868 362 tibi,

1074 371 1204 399 inimicus
1231 378 1280 398 ero
1308 371 1429 399 inimicis
1442 371 1509 405 tuis,
1527 377 1554 400 et
1569 373 1746 403 adversarius
1759 382 1807 403 cro
1821 375 1870 402 ad-

1073 416 1203 444 versariis
1217 416 1279 445 luis.
1298 426 1308 443 ι

1107 461 1190 498 455
1205 462 1291 490 Leuit.
1303 471 1382 496 xxw,
1394 463 1474 492 5-ίὲ.
1485 481 1518 486 -
1529 475 1538 492 ι
1552 465 1582 493 Si
1599 466 1625 494 in
1640 468 1785 503 praeceptis
1799 469 1868 496 meis

1074 508 1299 542 ambulaverilis,
1323 514 1351 537 et
1369 511 1499 539 mandata
1524 520 1585 540 mea
1604 514 1815 549 custodieritis,
1841 521 1868 543 et

1074 553 1197 583 feceritis
1214 562 1264 588 ca,
1280 555 1353 583 dabo
1370 557 1449 584 vobis
1465 557 1573 592 pluvias
1589 566 1663 587 meas
1683 560 1709 587 in
1735 561 1867 596 tempori-

1073 601 1125 629 bus
1154 601 1230 633 suis,
1253 606 1280 630 et
1303 607 1375 629 terra
1397 603 1474 630 dabit
1499 605 1623 639 germina
1647 613 1697 633 sua
1712 625 1719 638 ,
1742 611 1770 634 et
1795 607 1867 642 ligna

1072 655 1201 683 agrorum
1230 647 1346 675 reddent
1371 648 1490 677 fructum
1509 658 1601 678 suum.
1628 651 1661 678 Et
1681 653 1868 687 apprellcudct

1073 694 1151 722 vobis
1168 695 1266 722 tritura
1282 700 1454 730 sementem,
1476 701 1503 725 et
1524 698 1676 726 comedelis
1696 707 1794 734 panem
1821 708 1868 728 ve—

1073 744 1161 768 strum
1180 741 1207 768 in
1221 742 1381 775 saturitate,
1399 748 1427 770 et
1442 743 1605 774 habitabilis
1620 753 1681 772 cum
1698 746 1848 774 securitate
1858 767 1866 778 ,

1072 795 1156 823 super
1170 792 1273 815 terrant
1291 794 1411 817 vestram
1426 799 1434 823 ;
1450 794 1478 818 et
1493 790 1636 820 dormietis
1650 813 1657 824 ,
1683 796 1710 820 et
1735 800 1791 820 non
1814 794 1867 821 crit

227 836 364 871 ἐκφοϐῶν.
387 834 444 862 Καὶ
469 833 564 861 ἀπολῶ
588 832 673 869 θηρία
700 831 808 866 πονηρά
835 831 868 858 ἐκ
895 830 947 865 τῆς
969 830 1019 866 γῆς

1074 834 1119 869 qui
1133 838 1280 862 exterreat.
1293 834 1326 862 Et
1340 835 1452 870 perdam
1467 837 1555 865 malas
1571 839 1673 866 bestias
1688 840 1720 866 de
1734 845 1806 866 terra
1821 847 1868 867 ve—

226 882 315 917 ὑμῶν,
330 881 378 908 καὶ
389 879 537 907 πεσοῦνται
552 878 588 915 [οἱ
604 877 697 914 ἐχθροὶ
713 876 802 913 ὑμῶν]
814 875 930 904 ἐνώπιον
942 875 1020 911 ὑμῶν

226 929 310 963 φόνῳ,
338 927 386 953 καὶ
412 924 552 958 διώξονται
582 924 660 960 ὑμῶν
677 923 759 950 πέντε
772 922 881 956 ἑκατὸν,
894 921 942 950 καὶ
956 922 1020 948 ἑκα-

224 975 271 1001 τὸν
294 973 371 1009 ὑμῶν
397 971 522 1004 διώξουσι
551 970 667 1007 μυρίους
683 977 690 986 ·
705 969 753 996 καὶ
770 968 918 996 πεσοῦνται
935 969 960 995 οἱ
974 969 1021 1003 ὲχ-

225 1020 285 1056 θροὶ
300 1019 377 1055 ὑμῶν
392 1018 510 1046 ἐνώπιον
533 1017 612 1053 ὑμῶν
647 1015 781 1052 μαχαίρᾳ.
799 1015 855 1042 Καὶ
866 1014 1020 1049 ,ὲπιὸλέψω

226 1067 310 1101 ὑμᾶς,
337 1065 385 1092 καὶ
405 1064 517 1099 αὺξήσω
536 1063 618 1099 ὑμᾶς,
650 1063 700 1089 καὶ
734 1062 827 1096 στήσω
846 1059 897 1094 τήν
924 1060 1018 1096 διαθή-

226 1121 278 1148 κην
291 1119 343 1147 μου
371 1110 430 1146 μεθ’
450 1110 539 1146 ὑμῶν.
568 1109 623 1136 Καὶ
643 1107 765 1143 φάγεσθε
781 1107 886 1134 παλαιά
900 1107 948 1133 καὶ
967 1115 1021 1134 πα-

225 1157 289 1183 λαιά
308 1155 442 1189 παλαιῶν,
471 1155 519 1182 καὶ
538 1154 642 1181 παλαιά
661 1154 695 1180 ὲκ
714 1152 862 1189 προσώπου
886 1153 956 1180 νέων
974 1151 1018 1184 ἑξ-

225 1203 325 1230 ιίσετε.
345 1202 399 1229 Καὶ
415 1202 492 1237 θήσω
510 1201 559 1236 τὴν
582 1200 716 1236 διαθήκην
743 1208 794 1235 μου
822 1199 852 1226 ὲν
868 1199 943 1233 ὑμῖν,
971 1198 1020 1225 καὶ

225 1249 256 1275 οὑ
274 1248 429 1284 βᾶλὺξεται
446 1249 463 1283 ή
476 1247 548 1283 ψυχή
566 1255 616 1282 μου
631 1247 714 1282 ὑμᾶς.
732 1245 786 1273 Καὶ
801 1244 1019 1280 ἐμπεριπατήσω

225 1295 255 1321 ὲν
269 1295 401 1330 ὑμῖν,καὶ
413 1294 511 1329 ἔσομαι
531 1292 608 1328 ὑμῶν
624 1293 701 1324 Θεός.
721 1301 730 1318 ι

263 1350 273 1367 ί
292 1340 413 1376 Πρόσεχε
436 1340 554 1375 σεαυτῷ,
572 1340 620 1366 καὶ
635 1339 754 1374 φύλαξον
785 1339 835 1374 τὴν
861 1339 954 1374 ψυχήν
970 1347 1018 1366 σου

225 1387 339 1423 σφόδρα.
354 1388 401 1422 Μὴ
431 1386 549 1422 ἑπιλάθῃ
575 1385 681 1417 πάντας
703 1386 767 1418 τοὺς
784 1385 892 1420 λόγους.
908 1385 954 1417 οὒς
971 1386 1019 1412 ὲω-

227 1433 343 1468 ράκασιν
365 1432 501 1467 ὀφθαλμοί
531 1440 591 1464 σου,
619 1433 666 1459 καὶ
682 1431 721 1467 μὴ
732 1432 931 1466 ἀποστήτωσαν
964 1431 1019 1458 ἀπὸ

224 1480 274 1514 τῆς
291 1478 406 1514 καρδίας
421 1486 479 1504 σου.
493 1486 503 1503 ι

1075 884 1150 912 stra,
1168 884 1196 908 ct
1212 880 1312 909 cadent
1329 889 1422 909 coram
1446 883 1527 911 vobis
1548 883 1655 912 inimici
1683 886 1767 914 vestri
1790 887 1867 913 occi-

1075 925 1152 954 sione
1163 945 1171 957 ,
1196 929 1223 953 ct
1246 932 1447 962 persequentur
1469 928 1592 964 quinque
1606 930 1640 957 de
1655 931 1758 959 vestris
1773 937 1866 959 cente-

1074 978 1137 1002 nos.
1147 975 1175 999 et
1189 977 1299 1000 centum
1309 980 1341 1000 ex
1351 973 1429 1002 vobis
1442 981 1646 1010 persequentur
1654 977 1747 1006 deccm
1762 978 1847 1006 millia
1857 988 1865 1013 ;

1074 1021 1102 1045 ct
1114 1019 1211 1046 cadent
1226 1019 1332 1047 inimici
1347 1020 1433 1048 vestri
1446 1028 1539 1049 coram
1556 1022 1636 1051 vobis
1651 1024 1751 1059 gladio.
1778 1025 1809 1052 Et
1823 1034 1868 1054 rc-

1075 1065 1189 1099 spiciam
1202 1073 1263 1098 vos,
1273 1070 1301 1094 et
1310 1073 1436 1096 crescere
1451 1066 1551 1096 faciam
1564 1077 1572 1103 ;
1587 1074 1614 1097 et
1624 1074 1744 1100 statuam
1755 1077 1866 1108 pactum

1075 1118 1165 1139 meum
1177 1112 1333 1141 vobiscum.
1347 1112 1381 1140 Et
1395 1115 1547 1143 comedetis
1558 1119 1679 1151 vetusta,
1694 1123 1721 1146 et
1736 1121 1866 1149 vetustis-

1074 1157 1144 1185 sima
1163 1162 1288 1186 veterum
1300 1179 1307 1192 ,
1324 1164 1352 1187 et
1367 1164 1461 1187 vetera
1473 1168 1489 1188 ιι
1503 1161 1574 1189 facie
1586 1169 1721 1190 novorum
1735 1163 1865 1199 ejicietis.

1076 1203 1107 1230 Et
1122 1211 1222 1239 ponam
1241 1209 1350 1241 pactum
1367 1214 1459 1235 meum
1475 1208 1502 1235 in
1520 1208 1614 1242 vobis,
1634 1215 1661 1238 et
1683 1218 1739 1238 non
1758 1212 1866 1240 abomi-

1075 1250 1186 1292 nabitur
1202 1259 1252 1279 vos
1267 1252 1361 1280 anima
1377 1260 1449 1281 mea.
1465 1253 1499 1282 Et
1516 1255 1664 1284 ambulabo
1679 1257 1708 1284 in
1724 1257 1822 1292 vobis,
1838 1263 1866 1286 et

1073 1303 1121 1324 ero
1133 1295 1205 1324 Deus
1220 1301 1336 1325 vester.»

1111 1342 1189 1370 Deut.
1207 1351 1246 1376 tv.
1259 1343 1328 1372 9.—
1340 1353 1348 1370 ι
1362 1344 1480 1373 Attende
1495 1345 1544 1374 tibi
1556 1366 1564 1379 ,
1581 1351 1609 1374 et
1622 1347 1732 1376 custodi
1745 1349 1865 1377 animam

1074 1393 1148 1417 tuam
1173 1389 1301 1418 sollicite.
1327 1389 1365 1417 Ne
1388 1390 1563 1419 obliviscaris
1577 1393 1699 1420 omnium
1717 1395 1865 1423 verborum

1073 1443 1134 1470 quat
1144 1435 1273 1464 viderunt
1283 1436 1356 1464 oculi
1369 1437 1425 1470 tui,
1439 1441 1466 1465 et
1480 1444 1514 1465 ne
1526 1438 1656 1466 excidant
1667 1447 1682 1468 e
1694 1440 1778 1468 corde
1789 1445 1862 1469 tuo.n

263 1507 272 1550 ζ
286 1507 432 1551 Φυλάττιυν
443 1523 562 1558 φύλαξαι
577 1522 627 1554 τὰς
638 1522 750 1555 ἐντολὰς
764 1522 868 1559 Κυρίου
885 1522 932 1549 τοῦ
947 1522 1016 1549 Θεοῦ

1108 1527 1187 1554 Deut.
1205 1535 1247 1561 νι,
1264 1528 1308 1555 l7.
1321 1542 1353 1548 -—-
1369 1537 1379 1553 ι
1396 1527 1587 1556 Custodiendo
1603 1531 1711 1558 custodi
1729 1537 1866 1568 prmcepta

226 1579 289 1603 σου,
304 1570 340 1596 τὰ
357 1568 497 1604 μαρτύρια
525 1568 573 1595 καὶ
594 1567 630 1594 τὰ
648 1568 822 1603 δικαιώματα
847 1569 896 1595 ὅσα
920 1568 1020 1596 ἐνετεί-

225 1615 290 1642 λατό
305 1623 347 1642 σοι

263 1671 273 1688 ι
288 1662 344 1689 οὐκ
368 1659 504 1692 ἐκκλινείς
531 1659 617 1695 δεξιᾷ,
634 1660 695 1686 ουδὲ
711 1660 857 1696 ἀριστερᾷ,
889 1660 959 1687 κατὰ
969 1661 1021 1687 πᾶ-

227 1717 277 1736 σαν
287 1708 336 1744 τὴν
345 1706 417 1740 ὁδὸν,
431 1707 465 1742 ἢν
475 1706 630 1733 ἐνετείλατό
647 1713 688 1732 σοι
701 1706 715 1733 ὸ
729 1705 842 1741 Κύριος.
856 1715 866 1731 ι

263 1810 273 1827 ι
297 1801 361 1827 Ἐὰν
375 1799 511 1835 ἀκούσητε
522 1798 557 1826 τὰ
570 1798 746 1834 δικαιώματά
771 1807 822 1834 μου
848 1797 946 1830 ταῦτα,
973 1798 1020 1825 καὶ

225 1847 373 1883 φυλάξητε,
390 1847 438 1874 καὶ
455 1846 601 1882 ποιήσητε,
631 1845 791 1881 διαφυλάξει
807 1845 912 1881 Κύριος
927 1846 942 1872 ὸ
953 1845 1020 1877 Θεὸς

225 1893 291 1929 ὑμῖν
318 1893 368 1928 τὴν
384 1893 528 1928 διαθήκην,
543 1892 590 1920 καὶ
606 1892 638 1918 τὸ
662 1891 748 1924 ἔλεος,
766 1892 780 1918 ὃ
796 1892 880 1927 ὥρισε
896 1892 952 1924 τοῖς
967 1900 1019 1918 πα-

225 1939 323 1973 τράσιν
337 1937 425 1973 ὑμῶν,
441 1939 488 1964 καὶ
513 1936 655 1972 ἀγαπήσει
670 1944 701 1962 σε
713 1935 826 1971 Κύριος,
842 1936 889 1962 καὶ
904 1935 1018 1970 εὐλογή-

227 1993 269 2011 σει
291 1984 327 2011 τά
350 1984 449 2018 ἔγγονα
478 1983 528 2018 τῆς
551 1982 658 2014 κοιλίας
679 1990 738 2014 σου,
754 1982 809 2014 ,καὶ
835 1981 882 2007 τὸν
911 1980 1018 2015 καρπὸν

225 2030 276 2064 τῆς
288 2030 341 2064 γῆς
354 2038 412 2062 σου,
425 2029 473 2056 καὶ
486 2027 533 2056 τὸν
555 2028 631 2054 σῖτόν
646 2035 706 2059 σου,
728 2027 776 2053 καὶ
802 2026 848 2053 τὸν
871 2025 942 2053 οἶνόν
959 2034 1018 2058 σου,

227 2077 274 2104 καὶ
285 2077 316 2103 τὸ
330 2076 420 2103 ἔλαιόν
433 2083 481 2101 σου
496 2083 503 2089 ·
519 2075 568 2101 καὶ
583 2073 731 2109 εὐλογητὸς
759 2073 809 2108 ἔσῃ
839 2072 915 2108 παρά
931 2072 1018 2099 πάντα

225 2125 260 2150 τὰ
279 2123 355 2158 ἔθνη.
373 2132 382 2149 ι

1072 1573 1182 1600 Domini
1196 1573 1243 1600 Dei
1260 1573 1298 1600 tui
1313 1593 1321 1606 ,
1336 1573 1496 1601 testimonia
1510 1579 1537 1601 et
1549 1574 1779 1610 iustiﬁcationes,
1792 1585 1866 1613 quiaa-

1071 1625 1181 1653 cunque
1196 1618 1337 1646 mandavit
1351 1618 1411 1646 tibi.
1427 1628 1438 1645 ι

1107 1662 1185 1690 Deut.
1202 1671 1258 1691 xvn
1269 1685 1278 1698 ,
1292 1664 1378 1691 H.-—
1391 1673 1400 1691 ι
1415 1663 1474 1692 Non
1487 1665 1641 1694 declinabis
1655 1667 1687 1695 ad
1704 1669 1844 1697 dexteram
1857 1689 1864 1701 ,

1072 1716 1161 1744 neque
1174 1709 1208 1737 ad
1224 1709 1379 1743 sinistram,
1389 1710 1544 1738 secundum
1556 1719 1665 1739 omnem
1681 1713 1766 1746 viam,
1781 1721 1864 1750 quam

1071 1756 1196 1792 praecipit
1211 1756 1260 1784 tibi
1276 1755 1419 1784 Dominus.
1435 1766 1445 1782 ι
1739 1760 1740 1763 ‘

1106 1802 1186 1830 Deut.
1203 1810 1257 1836 vn,
1277 1802 1321 1830 14.
1337 1817 1372 1822 -
1390 1811 1400 1829 ι
1421 1803 1450 1830 Si
1476 1803 1622 1832 audieritis
1650 1804 1864 1840 iustiﬁcationes

1072 1857 1148 1878 meas
1163 1850 1229 1882 has,
1248 1854 1275 1877 et
1297 1849 1486 1878 custodieritis
1498 1871 1506 1884 ,
1524 1855 1553 1879 et
1567 1850 1690 1879 feceritis
1701 1872 1709 1886 ,
1726 1854 1864 1882 custodiet

1072 1896 1150 1923 vobis
1160 1895 1294 1924 Dominus
1305 1896 1378 1924 Deus
1388 1901 1499 1933 pactum
1511 1901 1538 1925 et
1550 1897 1770 1927 misericordiam
1781 1907 1863 1935 quam

1071 1942 1239 1977 praescripsit
1262 1943 1388 1978 patribus
1412 1943 1531 1976 vestris,
1554 1948 1582 1971 et
1595 1943 1692 1979 diliget
1716 1949 1743 1972 te
1768 1945 1862 1973 Domi-

1071 1996 1143 2021 nus,
1167 1993 1194 2016 ct
1217 1987 1361 2016 benedicet
1384 1988 1458 2017 l'etus
1485 1989 1592 2017 ventris
1615 1991 1677 2022 tui,
1700 1995 1728 2018 et
1755 1990 1862 2018 fructus

1072 2040 1152 2063 101·ΐῖιὲ
1167 2039 1238 2066 tua},
1252 2039 1280 2062 et
1295 2034 1464 2063 frumentum
1485 2040 1562 2063 tuum
1574 2055 1582 2067 θ
1607 2041 1634 2064 ΕΙ.
1656 2037 1751 2064 vinum
1773 2041 1861 2067 tuum.

1070 2085 1097 2108 ct
1120 2081 1211 2109 oleum
1238 2085 1337 2108 tuum:
1353 2085 1381 2108 et
1403 2081 1567 2109 benedictus
1583 2082 1640 2110 cris
1665 2090 1747 2118 super
1766 2090 1862 2111 omnes

1070 2131 1175 2162 gentes.
1191 2137 1199 2153 ι

265 2182 274 2199 ι
286 2173 350 2200 Ἐὰν
357 2173 426 2207 ἀκοῇ
435 2171 541 2208 ἀκούσῃ
549 2171 599 2206 τῆς
609 2169 704 2205 φωνῆς
711 2169 825 2205 Κυρίου,
838 2168 1019 2203 εὐλογημένος

1107 2171 1186 2199 Deut.
1205 2172 1377 2205 xxvnt,5-6,
1391 2172 1598 2207 8,12,15.-ς
1610 2173 1639 2201 Si
1655 2173 1750 2201 auditu
1766 2175 1862 2202 audie~

225 2218 259 2245 σὺ
275 2219 304 2244 ὲν
314 2217 403 2252 ἀγρῷ,
429 2216 477 2244 καὶ
489 2216 664 2251 εὐλογημένη
675 2215 692 2250 ἡ
707 2214 835 2252 ἀποθήκη
849 2222 908 2248 σου,
923 2214 970 2241 καὶ
979 2210 1019 2241 ’τά

227 2263 473 2298 ἑγκαταλείμματὰ
494 2271 554 2290 σου.
570 2261 758 2296 Εὐλογημένος
771 2261 804 2287 σὺ
824 2261 853 2287 ὲν
871 2260 911 2295 τῷ
925 2261 1019 2287 εἰσπο-

227 2306 354 2342 ρεύεσθαι
373 2314 402 2332 σε
412 2314 419 2320 ·
442 2306 592 2341 ἀποστείλῃ
602 2305 705 2340 Κύριος
719 2305 766 2331 ἐπὶ
778 2305 809 2332 σὲ
819 2305 869 2342 τὴν
880 2305 1018 2340 εὐλογίαν,

224 2350 255 2379 οὗ
268 2352 316 2379 ἐὰν
335 2351 483 2386 ἐπιϐάλλῃς
498 2351 549 2386 τὴν
563 2351 644 2386 κείρά
659 2358 718 2384 σου,
735 2351 783 2377 καὶ
796 2350 938 2386 εὐλογήσει
955 2351 1020 2378 πάν-

225 2407 260 2426 τα
275 2399 309 2426 τὰ
324 2398 394 2434 ἔργα
422 2397 476 2424 τῶν
503 2397 605 2432 χειρῶν
636 2404 697 2428 σου,
723 2396 772 2424 καὶ
794 2396 898 2428 δανιεῐς
928 2396 1018 2424 ἔθνεσι

225 2444 344 2477 πολλοῖς,
360 2443 393 2470 σὺ
412 2443 441 2470 δὲ
450 2443 480 2469 οὐ
493 2441 646 2479 δανιῇικαὶ
666 2441 760 2477 ἄρξεις
788 2441 874 2469 ἐθνῶν
898 2441 1016 2469 πολλῶν.

225 2492 280 2518 Καὶ
296 2490 463 2526 καταστήσει
472 2497 502 2515 σε
517 2488 620 2524 Κύριος
637 2489 678 2520 είς
692 2488 827 2524 κεφαλὴν,
856 2488 905 2515 καὶ
920 2487 960 2524 μὴ
978 2489 1018 2520 εἰς

224 2537 319 2573 οὐρὰν,
341 2536 388 2563 καὶ
410 2536 491 2563 δώσει
510 2535 556 2563 τδν
573 2535 651 2562 ὑετὸν
676 2534 728 2570 τῆς
746 2534 798 2570 γῆς
824 2543 870 2561 σου
896 2534 948 2567 ἕως
961 2543 1018 2562 και-

225 2592 285 2619 pou.
299 2592 308 2609 ι

263 2644 273 2661 ι
290 2632 358 2662 Eine
374 2632 503 2668 Σαμουήλ
513 2639 520 2647 ·
532 2632 564 2659 Εἰ
577 2632 690 2667 θελητδν
706 2632 745 2668 τῷ
757 2632 854 2668 Κυρίῳ
869 2631 1017 2659 ὁλοκαυτώ-

226 2689 300 2716 ματα
323 2679 371 2706 καὶ
397 2679 500 2712 θυσίαι,
518 2680 556 2712 ὡς
568 2679 601 2706 τὸ
617 2677 735 2706 ἀκοῦσαι
769 2678 862 2714 φωνῆς
891 2679 1015 2714 Κυρίου;

231 2727 297 2754 Ἰδοὺ
312 2725 382 2762 ἀκοὴ
397 2725 468 2761 ὑπὲρ
483 2725 590 2753 θυσίαν.
614 2734 624 2751 ι

263 2781 274 2800 ι
298 2772 330 2799 Ἥ
347 2771 454 2807 ὑπακοή
477 2779 524 2798 σου
548 2770 683 2806 ὲπλήθυνέ
707 2779 740 2806 με
753 2771 794 2803 είς
814 2771 984 2807 πλατυσμόν.
1003 2781 1012 2798 ι

385 2855 523 2886 Pauor.
547 2853 606 2885 Gn.
633 2853 723 2883 XCV.

1070 2218 1109 2246 ris
1127 2225 1221 2246 vocem
1237 2217 1365 2252 Domini,
1380 2218 1544 2247 benedictus
1557 2222 1586 2246 tu
1603 2219 1631 2246 in
1646 2226 1725 2255 agro,
1739 2225 1767 2248 et
1781 2220 1865 2248 bene-

1070 2263 1174 2290 dictum
1191 2263 1319 2291 horreum
1335 2267 1432 2296 tuum.
1448 2268 1475 2292 et
1489 2265 1642 2293 benedictte
1658 2265 1783 2300 reliquiae
1798 2269 1866 2297 tute.

1071 2308 1236 2336 Benedictus
1251 2313 1280 2335 tu
1296 2308 1323 2335 in
1344 2309 1532 2344 egrediendo;
1550 2309 1641 2336 mittat
1662 2309 1795 2337 Dominus
1817 2318 1863 2338 su-

1070 2361 1119 2388 per
1135 2357 1163 2381 te
1176 2353 1416 2387 benedictionem,
1434 2354 1593 2390 ubicunque
1607 2355 1736 2390 injeccris
1752 2363 1861 2383 manum

1070 2405 1145 2427 tuam
1160 2409 1167 2434 ;
1183 2404 1211 2428 et
1227 2400 1375 2428 benedicat
1389 2400 1482 2428 omnia
1499 2408 1583 2436 opera
1594 2408 1725 2428 manuum
1740 2406 1865 2429 tuarum.

1069 2451 1097 2474 et
1108 2445 1249 2474 fenerabis
1260 2447 1389 2482 gentibus
1403 2447 1498 2475 multis
1512 2468 1519 2481 ,
1540 2452 1568 2475 et
1584 2447 1643 2483 ipse
1658 2455 1673 2474 a
1689 2447 1766 2475 nullo
1782 2448 1866 2475 fenus

1070 2494 1191 2528 accipies
1204 2503 1212 2527 ;
1228 2498 1256 2521 et
1271 2493 1461 2522 dominaberis
1476 2494 1604 2530 gentibus
1617 2494 1723 2522 multis.
1747 2494 1780 2521 Et
1795 2502 1869 2522 con-

1069 2541 1167 2569 stituet
1185 2544 1212 2568 te
1229 2540 1363 2569 Dominus
1382 2541 1410 2568 in
1428 2547 1530 2577 caput,
1554 2546 1584 2569 et
1599 2549 1655 2568 non
1680 2541 1708 2569 in
1733 2541 1866 2569 caudam-

1069 2587 1102 2615 Et
1116 2587 1193 2616 dabit
1208 2587 1324 2615 imbrem
1339 2591 1419 2615 teme
1432 2588 1459 2615 in
1477 2593 1600 2624 tempore
1620 2594 1682 2615 Suo.
1701 2597 1710 2613 ι

1104 2634 1119 2662 1
1134 2634 1198 2670 Reg.
1213 2642 1257 2667 xv,
1271 2633 1360 2662 22,——
1372 2644 1381 2661 I
1397 2633 1472 2662 Dixit
1483 2634 1593 2662 Samuel
1604 2643 1610 2662 :
1622 2634 1752 2669 hunquid
1767 2633 1862 2662 Domt~

1069 2688 1123 2708 nus
1137 2681 1197 2708 vult
1214 2680 1377 2708 holocausta
1391 2685 1420 2709 et
1434 2681 1563 2708 victimas
1574 2701 1581 2714 ,
1603 2681 1676 2708 sicut
1693 2680 1790 2707 audire
1811 2687 1859 2707 vo-

1066 2735 1127 2757 cem
1141 2728 1248 2756 Domini
1260 2728 1271 2755 ?
1282 2727 1347 2755 Ect‘e
1365 2728 1521 2756 obedientia
1534 2734 1618 2762 supra
1632 2727 1772 2755 victimam
1789 2729 1857 2753 est.-

1104 2771 1136 2800 11
1154 2772 1218 2807 Reg.
1235 2781 1291 2800 xm
1302 2791 1309 2805 ,
1324 2772 1376 2799 2ον
1390 2787 1424 2793 -
1438 2782 1448 2799 ι
1463 2772 1625 2801 Obedientia
1650 2775 1698 2799 tua
1723 2771 1858 2806 multipli-

1068 2819 1140 2849 cavit
1155 2827 1198 2847 me
1215 2820 1242 2847 in
1257 2820 1442 2848 latitudinem.
1458 2830 1467 2845 ι

1657 2854 1695 2884 45
