2056 3113
223 116 287 149 “19
811 115 842 146 S.
861 115 1019 147 JOANNIS
1039 116 1254 147 DAMASCENI
1789 118 1856 151 1420

254 172 303 201 Job
323 178 410 204 mn,
432 171 473 199 Η.
492 185 520 191 -
545 181 553 197 1
569 170 634 199 Vias
660 170 718 206 ejus
740 171 893 204 custodiri,
910 175 937 199 et
954 179 1007 199 non

1098 181 1107 198 1
1132 171 1224 203 Ὁδοὺς
1247 171 1330 199 αὑτοῦ
1355 172 1488 207 ἐφύλαξα,
1506 174 1597 202 καὶού
1613 174 1650 210 μὴ
1663 175 1781 202 ὲκκλίνω
1801 177 1856 203 ἀπὸ

221 218 364 247 uleclinabo
379 225 393 245 a
411 217 550 245 mandatis
565 217 644 252 ejus,
665 224 699 244 ne
714 217 828 244 moriar.
846 227 855 243 ι

249 264 301 291 Job
320 271 420 295 xxx",
438 263 482 289 ii.
501 277 534 282 -
555 272 563 288 1
580 262 608 289 Si
627 262 784 295 audierint,
799 266 827 290 et
843 262 988 290 servierint
1000 282 1007 294 ,

219 308 360 344 perﬁcient
374 307 433 335 dies
449 314 515 335 suos
530 307 556 334 in
571 307 669 340 bonis,
687 311 714 334 et
730 315 819 335 annos
836 314 901 335 suos
917 307 943 334 in
961 307 1008 335 de-

218 359 289 380 core.
308 360 317 378 Ι

251 402 326 430 Ρεαι.
344 410 411 431 "In
423 423 430 436 ,
444 403 472 430 9.
486 416 513 422 —-
534 411 543 428 1
559 401 727 436 Praeceptum
744 400 852 428 Domini
869 400 1000 434 lucidum,

216 452 242 475 et
256 448 417 478 illuminans
433 448 540 476 oculos.
558 457 567 474 ι

252 494 329 522 Psal.
343 502 381 523 cn
392 514 399 528 ,
416 494 460 522 i7.
475 508 510 514 —
527 503 537 520 1
552 493 585 521 Et
604 493 714 528 iustitia
738 493 813 520 illius
829 493 856 520 in
874 492 944 521 ﬁlios
959 493 1008 520 ho-

218 540 322 568 minum
333 560 341 574 ,
356 540 400 568 his
415 541 462 575 qui
478 545 588 568 servant
603 542 800 567 testamentum
816 538 888 574 ejus.
906 547 915 565 ι

246 586 322 614 Prol.
338 593 419 614 cxvnl
432 606 438 618 ,
453 585 525 613 5.—
537 595 546 612 1
559 585 669 614 Utinam
684 585 840 620 dirigantur
855 585 906 613 viae
920 591 987 612 meae
999 604 1006 617 ,

216 632 249 660 ad
266 631 476 663 custodiendas,
492 641 500 658 ι
515 635 571 659 etc.

251 676 323 704 Ibid.
339 676 400 704 142.
414 691 448 697 -
461 686 469 702 ι
485 676 540 704 Lex
558 681 603 705 tua
619 676 731 704 veritas.
749 685 758 702 ι

256 719 335 749 Prov.
365 728 418 749 xxx
432 739 439 752 ,
471 720 500 748 5.
517 735 552 741 —
571 729 580 746 ι
599 719 701 748 Omnes
727 726 868 747 sermones
897 719 1005 747 Domini

215 765 306 802 igniti.
324 765 466 795 Protector
477 770 569 793 autem
583 770 625 794 est
639 764 762 793 omnium
778 765 933 792 timentium
946 773 1003 793 se.)

252 811 340 839 Eccle.
358 818 411 844 χιι,
426 811 518 838 i5.—1
529 810 605 838 Finis
625 810 770 842 sermonis,
788 810 852 837 audi
871 817 1004 846 prorsus:

217 854 300 884 Deum
315 856 399 888 time,
416 861 443 884 et
461 856 591 883 mandata
607 856 668 891 ejus
684 855 806 884 custodi.
821 864 830 880 ι

250 900 333 936 456
357 901 435 930 Prov.
464 909 528 934 xiv,
553 902 598 929 97.
615 916 648 921 ——
667 911 676 927 1
695 901 864 937 Praeceptum
894 901 1004 929 Domini

216 946 278 974 l‘ons
298 947 371 975 vitae.
388 956 398 974 ι

254 1002 264 1019 1
277 991 328 1027 Qui
347 993 466 1028 diligunt
483 994 586 1030 legem,
603 1001 681 1022 muro
697 1001 728 1022 se
742 995 976 1030 circumcingunt.
993 1004 1002 1020 ι

247 1086 329 1116 Zach.
347 1095 377 1116 Ill
389 1108 396 1121 ,
416 1089 442 1115 7.
459 1101 492 1107 -—
511 1095 520 1112 1
535 1085 599 1114 Haec
613 1085 681 1113 dicit
695 1085 850 1114 Dominus:
867 1085 895 1113 Si
911 1086 940 1113 in
955 1086 1006 1113 viis

215 1134 283 1162 meis
299 1133 502 1166 ambulaveris,
520 1137 548 1161 et
567 1135 705 1168 praecepta
733 1139 794 1160 mea
820 1132 1004 1164 custodieris,

215 1186 243 1208 tu
259 1180 426 1215 diiudicabis
440 1180 553 1208 domum
568 1186 668 1207 meam.
683 1188 692 1204 ι

249 1225 307 1254 ha.
325 1234 369 1259 LV,
401 1226 429 1253 2.
444 1240 480 1246 -
493 1235 502 1251 1
516 1225 617 1253 Audite
632 1231 676 1252 me
687 1244 694 1258 ,
710 1228 738 1252 et
754 1223 893 1252 comedite
918 1224 987 1252 bona
998 1244 1006 1256 ,

215 1275 240 1299 et
256 1272 407 1300 delectetur
422 1272 450 1299 in
464 1271 544 1300 bonis
559 1271 650 1298 anima
668 1273 770 1298 vestra.
787 1280 796 1297 ι
814 1261 819 1268 ’

250 1316 334 1343 Eccli.
351 1324 397 1343 xxx
408 1335 415 1348 ,
434 1316 481 1344 21.
496 1331 531 1336 —
550 1324 559 1341 1
577 1315 674 1343 Melior
688 1320 731 1343 est
748 1315 830 1344 homo
843 1323 889 1351 qui
907 1315 1008 1343 minui-

215 1367 260 1389 tur
272 1361 410 1397 sapientia
425 1368 489 1389 cum
504 1361 621 1392 timore,
641 1367 723 1395 quam
740 1361 786 1395 qui
802 1361 925 1389 abundat
943 1367 1007 1389 sen-

215 1414 248 1435 su
259 1425 267 1439 ,
283 1410 311 1434 et
327 1405 530 1440 transgreditur
547 1405 645 1440 legem.
659 1414 668 1431 ι

249 1449 333 1478 Ecrli.
352 1457 439 1483 mn,
455 1449 482 1476 5.
499 1464 534 1470 -—
551 1459 560 1476 1
579 1448 653 1476 Nihil
672 1449 782 1477 dulcius
794 1471 801 1483 ,
819 1457 902 1484 quam
918 1449 1006 1484 respi-

215 1503 278 1524 cere
293 1495 321 1523 in
337 1494 475 1522 mandatis
492 1494 611 1522 Domini.
626 1504 635 1520 ι

253 1540 336 1568 Eccli.
354 1547 427 1567 xun
440 1559 447 1572 ,
466 1540 509 1567 i9.
527 1555 560 1560 —
581 1549 589 1565 ι
606 1538 658 1573 Qui
676 1539 774 1575 qumrit
791 1539 897 1575 legem,
916 1539 1006 1575 reple-

216 1587 291 1615 bitur
307 1593 350 1614 ea.
370 1596 379 1612 ι

250 1632 337 1660 Eocti.
353 1639 417 1659 xxix
431 1651 438 1664 ,
453 1631 497 1657 M.
514 1645 548 1650 —
564 1640 573 1656 1
589 1630 664 1658 Pone
689 1630 851 1658 thesaurum
877 1635 954 1658 tuum
981 1631 1007 1657 in

217 1677 360 1714 praeceptis
379 1676 514 1705 Altissimi
527 1695 534 1709 ,
553 1681 579 1703 et
596 1675 719 1710 proderit
734 1676 784 1704 tibi
812 1675 900 1711 magis
924 1683 1007 1711 quam

218 1731 330 1753 aurum.
350 1733 359 1749 Ι

252 1771 350 1799 Matt/1.
365 1779 401 1798 vn
412 1791 420 1804 ,
433 1769 574 1798 21-2t.—
586 1778 596 1795 ι
608 1768 666 1798 Non
681 1769 772 1798 omnis
787 1769 835 1804 qui
848 1769 916 1797 dicit
929 1768 1007 1802 mihi,

161 1820 163 1830 ί
217 1818 351 1852 Domine,
368 1817 499 1849 Domine,
515 1816 632 1845 intrabit
657 1815 683 1844 in
710 1823 827 1850 regnum
851 1815 1007 1848 caelorum;

216 1865 263 1893 sed
275 1864 321 1899 qui
338 1863 404 1892 facit
414 1863 584 1892 voluntatem
598 1861 692 1890 Patris
702 1861 756 1890 mei
768 1861 815 1896 qui
825 1861 853 1888 in
865 1860 943 1889 caelis
955 1865 1008 1889 est.

215 1910 312 1939 Omnis
326 1910 374 1946 qui
387 1909 465 1937 audit
479 1909 561 1938 verba
578 1915 637 1936 mea
647 1928 655 1941 ,
667 1911 694 1936 et
708 1907 776 1935 iacit
788 1914 820 1936 ea
832 1926 840 1940 ,
851 1907 1010 1935 assimilabo

215 1957 296 1985 illum
313 1956 374 1985 viro
390 1955 530 1992 sapienti,
555 1954 601 1990 qui
626 1953 775 1983 aedificavit
795 1954 906 1981 domum
931 1961 1009 1981 suam

217 2009 300 2037 supra
314 2006 430 2038 petram.
445 2000 477 2028 Et
490 2001 632 2029 descendit
643 2000 735 2036 pluvia
745 2020 753 2032 ,
766 2003 794 2028 et
809 2002 945 2028 venerunt
958 1998 1010 2026 ilu-

217 2049 309 2080 mina.
326 2052 354 2076 et
370 2048 506 2075 ﬂaverunt
523 2047 615 2078 venti,
634 2051 661 2074 et
678 2047 822 2074 irruerunt
847 2046 875 2073 in
893 2045 1006 2072 domum

217 2094 311 2128 illam,
325 2098 352 2122 et
366 2101 420 2121 non
436 2093 546 2121 cecidit.
560 2092 687 2121 Fundata
700 2092 772 2120 enim
784 2095 844 2119 erat
860 2098 943 2126 supra
961 2097 1008 2126 pe-

217 2145 298 2168 trum.
316 2149 325 2166 ι

1060 216 1112 243 τῶν
1126 217 1244 245 ἐντολῶν
1259 218 1354 251 αὐτοῦ,
1373 219 1416 246 ἵνα
1432 220 1469 255 μὴ
1485 220 1626 248 ἀποθάνω.
1643 230 1653 247 ι

1101 273 1109 289 1
1127 264 1191 292 Ἐὰν
1219 265 1358 292 ἀκούσωσι
1386 266 1434 293 καὶ
1462 266 1638 299 ϐουλεύσωσι,
1663 267 1854 296 συντελέσουσι

1058 309 1108 341 τὰς
1123 309 1228 345 ἡμέρας
1249 310 1340 338 αὐτῶν
1355 311 1385 336 ὲν
1397 311 1522 345 ἀγαθοῖς,
1538 312 1587 338 καὶ
1596 312 1630 339 τὰ
1653 311 1701 348 ἐτη
1718 312 1808 340 αὐτῶν
1825 315 1854 340 ἐν

1059 356 1252 390 εὐπρεπείαις.
1266 365 1275 382 ι

1100 410 1110 426 1
1136 401 1168 427 Ἥ
1189 401 1283 437 ἐντολὴ
1310 401 1358 428 τοῦ
1384 402 1488 437 Κυρίου
1517 401 1669 438 τηλαυγὴς,
1698 402 1856 438 φωτίζουσα

1059 445 1226 481 ὀφθαλμούς.
1242 455 1251 471 ι

1096 500 1106 517 1
1127 491 1159 518 Ἦ
1174 491 1335 528 δικαιοσύνη
1357 492 1440 520 αὑτοῦ
1455 493 1503 520 επὶ
1517 493 1594 526 υἱοὺς
1616 493 1685 520 υἱῶν
1727 494 1784 525 τοῖς
1801 502 1854 527 φυ-

1059 537 1189 564 λάσσουσι
1203 538 1252 573 τὴν
1264 538 1398 574 διαθήκην
1408 539 1500 566 αὐτοῦ.
1513 549 1522 565 ι

1095 591 1105 608 1
1118 582 1235 617 Ὄφελον
1252 582 1504 619 κατευθυνθειησαν
1520 584 1549 611 αἱ
1564 584 1619 611 ὁδοί
1650 593 1713 620 μου,
1739 584 1786 611 τοῦ
1801 594 1854 620 φυ-

1059 628 1202 662 λάξασθαι.
1216 638 1225 655 ι

1096 683 1106 699 1
1120 674 1150 700 ‘0
1167 674 1248 710 νόμος
1265 682 1312 701 σου
1327 673 1452 709 ἀλήθεια.
1472 683 1481 700 ι

1098 727 1108 744 1
1131 718 1236 750 Πάντες
1250 719 1276 745 οἱ
1293 719 1368 753 λόγοι
1386 719 1490 755 Κυρίου
1523 720 1730 756 πεπυρωμένοι.
1753 720 1855 756 ’Υπερο

1059 764 1169 795 ασπὲζει
1184 764 1214 791 δὲ
1228 764 1283 791 τῶν
1299 765 1510 800 εὐλαϐουμένων
1524 766 1615 793 αὐτόν.
1629 776 1638 791 ι

1095 819 1105 836 1
1126 810 1210 842 Τέλος
1224 811 1317 845 λόγου,
1330 811 1360 837 τὲ
1377 812 1433 838 πᾶν
1446 812 1530 839 ἄκουε
1539 819 1546 826 ·
1560 805 1608 839 τὸν
1619 811 1685 840 Θεὸν
1695 812 1789 847 φοϐοῦ,
1806 814 1854 841 καὶ

1055 856 1104 888 τὰς
1117 857 1230 889 ἐντολὰς
1245 856 1328 884 αὑτοῦ
1340 857 1473 892 φύλασσε.
1488 867 1498 884 ι

1099 910 1107 927 ι
1125 901 1298 938 Πρόσταγμα
1309 902 1415 938 Κυρίου
1431 903 1508 938 πηγὴ
1521 902 1607 938 ζωῆς.
1623 913 1632 929 ι

1082 1002 1092 1019 1
1105 993 1136 1019 οι
1150 993 1314 1027 ἀγαπῶντες
1341 994 1387 1021 τὸν
1410 994 1502 1030 νόμον,
1531 993 1726 1030 περιϐαλοῦσιν
1745 994 1853 1028 spurci:

1063 1040 1161 1074 τεῖχος,
1176 1048 1186 1064 ι

1093 1095 1103 1111 1
1114 1085 1183 1112 Τάδε
1208 1085 1282 1120 λέγει
1307 1085 1410 1121 Κύριος
1428 1094 1436 1101 ·
1459 1086 1522 1113 Ἐὰν
1537 1086 1567 1113 ὲν
1583 1087 1638 1119 τοῖς
1654 1086 1724 1118 ὁδοῖς
1738 1095 1788 1121 μου
1805 1095 1854 1114 πο-

1057 1131 1136 1167 ρεύῃ,
1166 1131 1215 1158 καὶ
1231 1132 1259 1158 ὲν
1277 1133 1334 1163 τοῖς
1361 1132 1558 1167 προστάγμασὶ
1584 1141 1635 1168 μου
1659 1132 1801 1169 φυλάσσῃ,
1817 1134 1851 1160 σὺ

1055 1178 1206 1213 διακρινεῖς
1221 1178 1267 1205 τὸν
1278 1176 1352 1205 οῐκόν
1365 1186 1427 1213 μου.
1441 1187 1451 1204 ι

1096 1233 1105 1248 1
1125 1223 1275 1251 ’Δκούσατέ
1294 1232 1357 1258 μου,
1372 1223 1420 1250 καὶ
1433 1223 1555 1258 φάγεσθε
1576 1224 1679 1259 ἀγαθὰ,
1693 1225 1740 1252 καὶ
1754 1225 1852 1260 ἐντρυ-

1057 1267 1155 1303 φηθειη
1171 1269 1201 1295 ὲν
1212 1267 1325 1301 ἀγαθοῖς
1341 1269 1357 1303 ἡ
1370 1267 1443 1303 ψυχὴ
1456 1267 1543 1303 ὑμῶν.
1556 1278 1566 1294 ι

1093 1314 1258 1349 «Κρείττων
1282 1307 1448 1349 Δἡττώμενος
1475 1313 1506 1341 ἐν
1536 1313 1643 1341 συνέσει
1673 1314 1812 1350 ἔμφοϐος,
1834 1316 1853 1351 ἦ

1059 1359 1230 1395 περισσεύων
1251 1359 1392 1396 φρονήσει,
1408 1359 1457 1387 καὶ
1471 1359 1652 1394 παραϐαίνων
1666 1361 1757 1396 νόμον.
1771 1370 1780 1387 ι

1103 1458 1113 1476 1
1133 1449 1218 1476 Οὐδὲν
1238 1449 1407 1484 γλυκύτερον
1423 1449 1470 1476 τοῦ
1490 1450 1635 1485 προσέχειν
1657 1450 1779 1483 ἐντολαῖς
1796 1450 1854 1478 Κυ-

1082 1505 1132 1523 ιου.
1146 1505 1154 1521 ι

1082 1505 1132 1523 ιου.
1146 1505 1154 1521 ι

1063 1505 1078 1533 ρ
1096 1552 1104 1568 1
1131 1542 1159 1568 '0
1171 1541 1262 1578 ζητῶν
1277 1542 1370 1578 νόμον,
1386 1542 1615 1578 ἐμπλησθήσεται
1628 1543 1723 1572 αὐτοῦ.
1740 1552 1750 1568 ι

1098 1643 1106 1659 1
1127 1633 1179 1665 Θὲς
1194 1635 1239 1660 τδν
1252 1634 1389 1670 θησαυρόν
1419 1643 1467 1662 σου
1496 1637 1559 1664 κατ’
1582 1636 1694 1670 ἐντολὰς
1711 1636 1856 1673 Ὑψίστου,

1059 1679 1106 1706 καὶ
1120 1679 1286 1708 λυσιτελέσει
1299 1689 1340 1707 σοι.
1358 1681 1463 1716 μᾶλλον
1479 1682 1495 1717 ἢ
1511 1681 1542 1709 τὺ
1556 1682 1678 1717 χρυσίον.
1690 1691 1700 1710 ›

1096 1780 1105 1797 1
1118 1772 1155 1798 Ού
1170 1772 1224 1803 πᾶς
1236 1772 1250 1797 ὁ
1263 1771 1351 1805 λέγων
1366 1781 1421 1807 μοι,
1435 1772 1534 1807 Κύριε,
1552 1773 1650 1808 Κύριε,
1665 1773 1852 1801 εἰσελεύσεται

1060 1817 1100 1848 εἰς
1124 1817 1174 1852 τὴν
1201 1817 1342 1852 βασιλείαν
1366 1817 1420 1844 τῶν
1450 1818 1586 1853 οὐρανῶν,
1616 1818 1676 1845 ἀλλ’
1693 1819 1708 1844 ὁ
1724 1818 1810 1846 ποιῶν
1823 1819 1856 1845 τὸ

1061 1862 1166 1898 θέλημα
1182 1862 1228 1889 τοῦ
1244 1862 1352 1899 Πατρός
1373 1872 1424 1898 μου
1438 1863 1487 1890 τοῦ
1503 1864 1532 1891 ἐν
1543 1863 1679 1898 οὐρανοῖς.
1696 1864 1754 1896 Πᾶς
1780 1865 1851 1897 ὅστις

1061 1911 1156 1938 ἀκούει
1175 1919 1227 1946 μου
1240 1912 1305 1944 τοὺς
1323 1911 1430 1947 λόγους,
1449 1912 1496 1939 καὶ
1523 1913 1596 1939 ποιεῖ
1605 1912 1713 1945 αὐτοὺς,
1727 1912 1860 1947 ὁμοιώσω

1061 1957 1142 1984 αὑτὸν
1159 1958 1236 1994 ἀνδρὶ
1259 1958 1395 1994 φρονίμῳ,
1413 1959 1489 1991 ὅστις
1508 1959 1670 1994 ᾠκοδόμησε
1683 1959 1732 1994 τὴν
1764 1959 1856 1985 οἰκίαν

1061 2003 1144 2030 αὐτοῦ
1169 2004 1216 2030 ἐπὶ
1229 2004 1281 2040 τὴν
1307 2005 1412 2041 πέτραν
1433 2012 1440 2019 ·
1465 2006 1513 2032 καὶ
1530 2005 1662 2040 κατέϐηή
1680 2004 1774 2040 βροχὴ,
1805 2006 1853 2030 καὶ

1060 2047 1142 2085 ἦλθον
1155 2051 1179 2076 οἱ
1195 2051 1325 2086 ποταμοὶ,
1339 2051 1387 2078 καὶ
1399 2050 1536 2078 ἔπνευσαν
1547 2051 1572 2077 οἱ
1584 2051 1694 2086 ἄνεμοι,
1704 2051 1751 2078 καὶ
1767 2059 1852 2085 προσ-

1062 2095 1163 2122 έπεσαν
1179 2096 1212 2131 τῇ
1228 2096 1302 2132 οἰκίᾳ
1327 2096 1432 2132 ἐκείνῃ,
1457 2097 1506 2124 καὶ
1526 2097 1576 2123 οὐκ
1601 2097 1710 2125 ἔπεσεν.
1734 2097 1852 2132 Τεθεμε-

1061 2139 1142 2167 λιωτο
1161 2139 1216 2175 γὰρ
1230 2141 1276 2167 ἐπὶ
1288 2140 1401 2176 πέτραν.
1418 2150 1427 2167 ι

252 2185 352 2213 Matth.
368 2194 425 2218 xtl,
443 2185 487 2213 50.
502 2200 538 2206 —-
556 2194 564 2211 1
583 2185 748 2220 Quicunque
769 2182 866 2211 fecerit
881 2183 1007 2211 volunta-

1102 2195 1111 2212 1
1132 2186 1180 2217 ’ος
1193 2186 1227 2213 ἂν
1240 2187 1341 2222 ποιήσῃ
1355 2187 1386 2214 τὸ
1403 2186 1512 2222 θέλημα
1526 2186 1571 2214 τοῦ
1588 2187 1669 2220 Θεοῦ,
1683 2185 1760 2219 οὗτος
1774 2187 1851 2214 ἀδελ·

216 2238 271 2260 tem
285 2231 378 2261 Patris
391 2231 443 2260 mei
458 2231 505 2266 qui
526 2232 553 2259 in
567 2231 646 2258 cmlis
663 2235 720 2263 est,
739 2230 783 2258 hic
797 2230 885 2258 frater
896 2237 987 2266 .meus
999 2250 1008 2264 ,

216 2282 245 2307 et
257 2285 349 2310 soror,
363 2281 391 2305 et
405 2281 492 2305 mater
506 2280 559 2304 est.
578 2285 588 2302 ι

249 2324 332 2352 Joan.
350 2332 416 2358 vni,
430 2323 474 2352 47.
489 2338 523 2343 —
540 2332 549 2348 1
568 2322 620 2356 Qui
644 2330 688 2350 ea
702 2322 756 2351 Deo
779 2327 839 2357 est,
857 2322 939 2351 verba
962 2322 1009 2351 Dei

216 2370 302 2398 audit.
319 2379 329 2396 ι

250 2415 333 2444 Joan.
349 2423 410 2449 xxv,
429 2416 474 2444 l5.
487 2430 519 2435 —
533 2425 542 2442 1
558 2415 588 2444 Si
602 2415 717 2451 diligitis
732 2423 787 2449 me,
803 2415 932 2443 mandata
948 2422 1008 2443 mea

216 2466 336 2491 servate.
347 2463 376 2490 Si
392 2462 455 2498 quis
468 2461 557 2497 diligit
566 2469 621 2495 me,
635 2469 790 2490 sermonem
804 2469 894 2490 meum
911 2468 1007 2489 serva-

216 2509 266 2542 bit,
278 2512 305 2537 et
318 2508 398 2537 Pater
410 2516 489 2537 meus
499 2508 594 2544 diliget
609 2511 719 2540 eum,et
730 2507 764 2534 ad
777 2515 840 2535 eum
853 2507 1008 2541 veniemus.

215 2560 243 2584 et
271 2555 444 2584 mansionem
474 2554 544 2590 apud
573 2562 637 2583 eum
653 2554 799 2583 faciemus.
817 2563 826 2579 ι

254 2601 267 2628 1
283 2601 345 2630 Cor.
359 2609 397 2630 vn
409 2621 416 2634 ,
433 2601 476 2629 19.
488 2615 524 2620 -
535 2610 544 2626 ι
559 2599 745 2628 Circumeisio
757 2599 827 2627 nihil
842 2604 903 2632 est,
919 2607 1008 2635 neque

215 2649 398 2683 praeputium,
415 2646 465 2676 sed
479 2645 639 2676 observatio
656 2645 852 2673 mandatorum
867 2645 926 2674 Dei.
943 2655 953 2672 ι

254 2692 268 2720 1
283 2693 363 2721 Joon.
378 2701 423 2727 in,
437 2693 482 2721 14.
498 2708 531 2714 -
545 2702 555 2720 1
573 2692 626 2726 Qui
639 2695 732 2721 servat
749 2691 878 2720 mandata
894 2691 966 2727 ejus,
980 2692 1006 2720 in

217 2737 265 2766 illo
280 2743 388 2772 manet,
404 2744 431 2767 et
445 2740 505 2775 ipse
523 2740 550 2767 in
564 2747 609 2767 eo.
627 2748 638 2765 ι

254 2783 285 2811 S.
301 2783 439 2820 Chrysa“.
453 2801 487 2806 —
501 2786 581 2820 Quod
598 2793 645 2814 ars
660 2786 687 2813 in
702 2784 818 2813 citharae
833 2790 918 2813 cantu
931 2804 939 2819 ,
957 2785 1008 2813 hoc

217 2828 245 2855 in
262 2828 310 2857 Dei
329 2829 435 2865 legibus
450 2836 491 2860 est
504 2832 701 2861 demonstratio
716 2838 846 2866 operum.

1061 2233 1110 2269 φός
1125 2243 1188 2270 μου,
1204 2236 1251 2262 καὶ
1261 2233 1376 2269 ἀδελφὴ,
1392 2233 1439 2261 καὶ
1455 2234 1551 2270 μήτηρ
1562 2234 1647 2262 ἐστίν.
1663 2244 1672 2260 ι

1095 2335 1105 2352 1
1126 2325 1155 2353 Ὀ
1171 2325 1209 2354 ὢν
1225 2326 1256 2354 ὲκ
1268 2325 1349 2360 Θευῦ,
1364 2325 1399 2352 τὰ
1410 2325 1523 2361 ῥήματα
1538 2325 1606 2352 Θεοῦ
1621 2325 1726 2353 ἀκούει.
1741 2334 1751 2352 ι

1098 2425 1108 2442 1
1134 2416 1197 2444 Ἐάν
1212 2425 1254 2448 τις
1268 2417 1364 2452 ἀγαπᾷ
1379 2425 1424 2452 με,
1440 2415 1485 2443 τὸν
1508 2415 1588 2450 λόγον
1602 2423 1653 2450 μου
1666 2415 1791 2450 τηρήσει,
1805 2415 1856 2441 καὶ

1059 2464 1074 2491 δ
1087 2464 1182 2499 Πατήρ
1202 2471 1252 2498 μου
1268 2463 1406 2498 ἀγαπήσει
1418 2463 1510 2494 αὑτὸν,
1532 2463 1581 2489 καὶ
1600 2461 1668 2497 πρὸς
1684 2461 1765 2488 αὑτὸν
1777 2461 1849 2487 ἐλευ-

1061 2508 1175 2543 σόμεθα,
1191 2507 1239 2535 καὶ
1253 2507 1338 2544 μονὴν
1352 2507 1418 2543 παρ’
1435 2506 1510 2542 αὐτῷ
1526 2507 1689 2542 ποιήσομεν.
1703 2515 1713 2532 ›

1099 2599 1264 2635 ιΠεριτομὴ
1294 2599 1371 2626 οὐδέν
1403 2599 1473 2633 ἐστι,
1497 2599 1544 2626 καὶ
1569 2597 1750 2634 ἁκροδυστία,
1784 2596 1855 2624 ἀλλᾶ

1060 2646 1176 2681 τήρησις
1188 2645 1303 2673 ὲντολῶν
1314 2644 1392 2672 Θεοῦ.
1406 2653 1417 2671 ι

1099 2700 1108 2717 1
1130 2690 1159 2717 '0
1176 2690 1268 2726 τηρῶν
1298 2691 1347 2726 τὴν
1380 2690 1493 2726 ἐντολὴν
1515 2689 1610 2722 αὑτοῦ,
1625 2690 1655 2716 ὲν
1671 2688 1746 2724 αὐτῷ
1763 2689 1853 2723 μένει,

1059 2737 1107 2764 καὶ
1121 2736 1202 2768 αὐτὸς
1215 2737 1244 2763 ὲν
1255 2737 1341 2772 αὐτῷ,
1353 2746 1363 2762 ι

1097 2783 1187 2818 Ὅπερ
1210 2783 1256 2810 ἐπὶ
1279 2783 1330 2818 τῆς
1353 2783 1521 2819 κιθαρῳδίας
1537 2783 1669 2818 ἡτέχνη,
1698 2781 1779 2807 τοῦτο
1806 2780 1855 2809 ἐπὶ

1060 2829 1113 2857 τῶν
1132 2829 1179 2856 τοῦ
1195 2829 1263 2856 Θεοῦ
1278 2829 1368 2864 νόμων
1381 2830 1397 2865 ή
1413 2829 1457 2857 διὰ
1473 2829 1526 2858 τῶν
1540 2829 1630 2862 ἐογων
1642 2826 1785 2859 ἐπίδειξις.
