2073 3112
224 121 285 155 N21

853 123 971 155 SACRA
994 126 1224 159 PARALLELA.

1792 140 1860 175 1422

259 180 330 207 Ὅσα
347 179 511 216 προστάττει
537 179 605 215 ἡμῖν
620 178 634 206 ὁ
655 183 749 215 νόμος,
773 179 862 207 ταῦτα
886 181 927 208 δεῖ
954 191 1006 209 κατ

1101 185 1219 221 Evagrii.
1233 202 1268 208 -
1283 187 1461 226 Quaecunque
1475 192 1556 221 nobis
1569 194 1629 230 lege
1645 203 1855 233 praeclpiuntur.

221 226 344 262 ἀνάγκην
367 226 516 261 φυλάσσειν
530 233 537 241 ·
557 224 645 253 ταῦτα
653 225 682 252 δὲ
697 225 783 262 φόρου
803 225 881 261 λόγον
909 227 1013 263 ἐπέχει.

221 273 292 299 ὐσα
308 272 336 298 δὲ
344 272 377 298 ἐκ
389 275 591 307 προαιρέσεως,
602 268 658 298 οἷον
670 271 815 306 παρθενία,
826 272 1013 308 ἀναχώρησις,

220 317 294 352 δῶρά
317 317 380 350 εἰσι,
408 317 457 343 καὶ
478 317 566 350 ξενίου
583 317 663 350 λόγον
684 317 790 352 ἐπέχει.
818 317 912 344 Ξένιον
936 318 964 344 δὲ
983 319 1013 345 οὐ

221 358 408 399 προσφέρεται
431 362 493 389 κατ’
508 363 634 398 ἀνάγκην
646 371 653 379 ·
676 363 701 390 εί
716 362 746 389 δὲ
771 361 819 398 μὴ,
833 363 884 390 οὐκ
897 362 956 390 ἐστι
971 362 1013 397 ξέ-

220 417 285 436 νιον.

219 509 310 538 ΤΙΤΔ.
324 509 362 536 B'.
374 524 409 530 —-
420 508 490 543 Περὶ
503 508 636 536 ἐντολῶν
645 508 731 545 Θεοῦ,
742 508 793 536 καὶ
805 508 867 536 τῶν
876 509 919 545 μὴ
929 511 1008 545 φυλ-

462 544 623 571 ασσόντων
642 544 747 577 αὑτάς.
886 562 896 573 ι.
912 558 915 561 ·

251 600 262 617 ι
283 590 430 618 Ἑκάλεσεν
448 591 463 617 ὁ
485 589 553 621 Θεὸς
567 589 613 616 τδν
633 589 730 625 Ἀδὰμ,
752 591 800 617 καὶ
824 588 902 618 εἶπεν
923 590 1011 626 αὐτῷ·

223 637 321 672 Ἀδὰμ,
334 636 386 665 ποῦ
402 634 443 670 ei;
456 633 538 662 Εἶπεν
563 635 639 671 αὕτῷ
654 636 741 671 Ἀδάμ
758 645 764 652 ·
782 636 838 672 Τῆς
855 637 949 672 φωνῆς
962 646 1010 664 σου

218 684 323 716 ηκουσα
346 682 564 718 περιπατοῦντος
580 682 610 708 ὲν
627 682 667 717 τῷ
679 682 855 718 παραδείσῳ,
880 684 928 710 καὶ
948 684 1012 718 ἐφο-

218 729 316 764 ὃήθην,
334 729 376 756 ὅτι
394 727 498 763 γυμνός
519 728 590 763 εἰμι,
616 727 664 754 καὶ
689 727 821 764 ὲκρύὸην.
848 728 905 755 Καὶ
932 726 1010 756 εἴπεν

216 775 307 810 αὐτῷ·
321 774 369 806 Τίς
401 773 549 808 ἀνήγγειλε
578 782 620 800 σοι
630 773 672 800 ὄτι
687 773 793 808 γυμνὸς
809 772 845 806 εἴ,
859 774 884 800 εί
902 774 940 809 μὴ
956 774 1010 801 ἀπὸ

215 821 264 847 τοῦ
292 820 371 852 ξύλου
388 816 419 847 οὗ
433 818 610 854 ἐνετειλάμην
637 827 679 845 σοι
711 819 749 854 μὴ
779 820 877 854 φαγεῖν
902 820 1010 846 ἁπάὺ-

215 865 274 897 τοῦ,
289 865 391 900 ἔφαγες
402 873 410 898 ;
430 873 439 890 ι

251 921 262 938 ‹
281 911 344 938 Ἐὰν
362 909 400 946 μὴ
416 909 552 945 ἀκούσητε
567 918 629 945 μου,
643 909 712 946 μηδὲ
724 909 859 946 ποιήσητε
877 909 911 937 τὰ
924 919 1010 946 προσ-

215 957 344 992 τάγματά
369 965 432 991 μου,
447 956 590 991 ἐπιστήσω
603 956 645 990 ἐφ’
662 956 734 990 ὑμᾶς
746 956 796 991 τὴν
809 956 944 992 ἀπορίαν,
957 957 1009 993 τήν

215 1012 244 1030 τε
256 1003 351 1039 ψώραν
363 1003 412 1030 κιώ⁸
423 1002 468 1029 τὸν
484 1003 603 1037 ῐκτερον,
619 1002 819 1037 σφακελίζοντα
833 1003 896 1034 τοὺς
904 1003 1007 1037 ὀφθαλ-

217 1050 285 1084 μοὺς
300 1048 390 1085 ὑμῶν,
402 1049 450 1075 καὶ
464 1048 514 1084 τὴν
537 1048 627 1084 ψυχὴν
644 1048 722 1084 ὑμῶν
747 1049 929 1084 ἐκτήκουσαν.
954 1049 1009 1076 Καὶ¹

216 1096 342 1130 σπερεῖτε
355 1094 400 1121 διὰ
414 1094 496 1129 κενῆς
507 1094 542 1121 τὰ
557 1094 704 1130 σπέρματα
726 1094 813 1130 ὑμῶν,
835 1094 883 1121 καὶ
905 1094 1008 1121 ἔδονται

214 1141 240 1167 οἱ
271 1140 427 1166 ὑπεναντίοι
456 1139 544 1175 ὑμῶν,
568 1139 616 1166 καὶ
640 1139 770 1166 πεσεῖσθε
800 1139 922 1167 ἐναντίον
953 1140 1008 1166 τῶν

213 1186 322 1222 ἐχθρῶν
332 1185 409 1222 ὑμῶν
421 1193 428 1200 ·
446 1185 492 1212 καὶ
505 1185 638 1220 φεύξεσθε
646 1185 754 1217 οὐδενὸς
767 1185 912 1216 διώκοντος
924 1186 1005 1220 ὑμᾶς,

215 1235 264 1261 καὶ
284 1233 421 1269 συντρίψω
446 1233 496 1267 τὴν
520 1232 600 1268 ὓϐριν
619 1232 669 1268 τῆς
696 1232 886 1268 ὑπερηφανίας
912 1233 1005 1268 ὑμῶν·

215 1280 262 1306 καὶ
279 1279 354 1315 Θήσω
376 1279 421 1306 τὸν
433 1277 547 1314 οὺρανδν
568 1277 646 1313 ὑμῶν
665 1277 804 1313 σιδηροῦν,
824 1278 872 1304 καὶ
889 1277 939 1314 τὴν
956 1278 1008 1312 γῆν

214 1324 291 1359 ὑμῶν
302 1325 340 1356 ὼς
354 1324 468 1359 χαλκῆν,
484 1323 531 1350 καὶ
547 1323 578 1350 οὐ
597 1323 679 1350 δώσει
695 1324 711 1357 ή
726 1323 761 1356 γῆ
779 1322 824 1348 τὸν
844 1322 945 1355 σπόρον
960 1322 1009 1349 αὑ-

213 1369 275 1404 τῆς,
292 1369 339 1395 καὶ
356 1367 387 1394 τὺ
401 1367 478 1400 ξύλον
495 1367 543 1395 τοῦ
574 1367 660 1405 ἀγροῦ
688 1367 766 1402 ὑμῶν
794 1367 824 1394 οὐ
848 1365 930 1394 δώσει
961 1368 1008 1394 τὺν

215 1415 321 1451 καρπὸν
336 1415 418 1442 αὑτοῦ
435 1423 442 1431 ·
459 1415 507 1442 καὶ
525 1414 646 1449 φάγεσοε
671 1414 722 1446 τὰς
743 1414 849 1451 σάρκας
867 1415 922 1441 τῶν
941 1414 1007 1442 υἱῶν

215 1461 228 1487 ὑ
233 1461 291 1494 μῶν
306 1460 355 1487 καὶ
368 1459 423 1486 τῶν
437 1460 607 1495 θυγατέρων.
621 1469 630 1485 ι

250 1514 261 1531 ι
284 1505 500 1541 Ἐπικατάρατος
524 1506 680 1540 ἄνθρωπος,
707 1505 737 1536 ὃς
760 1505 810 1531 οὐκ
840 1504 955 1539 ἐμμένει
977 1505 1006 1531 ἐν

214 1552 282 1578 πᾶσι
293 1553 351 1583 τοῖς
368 1551 458 1584 λόγοις
471 1551 517 1578 τοῦ
533 1551 617 1585 νόμου
631 1550 679 1577 τοῦ
701 1551 813 1586 ποιῆσαι
825 1551 925 1583 αὐτούς
937 1559 944 1567 ·
959 1552 1007 1578 καὶ

214 1598 273 1630 ἐρεῖ
290 1597 343 1626 πᾶς
355 1597 369 1623 ὸ
380 1597 443 1628 λαός
458 1605 464 1612 ·
482 1597 601 1624 Γένοιτο.
617 1605 628 1623 ι

252 1653 261 1669 ι
287 1643 503 1679 Ἐπικατάρατος
515 1643 549 1670 σὺ
567 1644 596 1670 ὲν
610 1643 643 1679 τῇ
661 1643 747 1677 πόλει,
769 1643 815 1671 καὶ
834 1644 1005 1680 ὲπικατάρα-

213 1697 259 1721 τος
275 1689 308 1716 σὺ
325 1688 354 1715 ἐν
369 1688 457 1724 ἀγρῷ.
483 1688 702 1724 Ἐπικατάρατος
726 1689 759 1716 σὺ
780 1691 809 1716 ὲν
824 1691 887 1721 ταῖς
900 1690 1006 1726 ἀποθή-

214 1742 277 1766 καις
301 1742 360 1766 σου,
375 1733 423 1760 καὶ
449 1733 486 1760 τά
511 1734 767 1770 ὲγκαταλείμματα.
799 1734 1006 1771 Ἐπικατάρατα

213 1779 249 1806 τὰ
262 1778 362 1814 ἔγγονα
375 1778 426 1814 τῆς
445 1779 550 1811 κοιλίας
566 1788 626 1813 σου,
641 1780 690 1806 καὶ
714 1779 748 1806 τὰ
771 1780 932 1815 γεννήματα
956 1780 1006 1816 τῆς

214 1826 265 1862 γῆς
280 1835 339 1858 σου,
353 1826 388 1852 τά
403 1825 531 1861 βουκόλια
542 1825 597 1853 τῶν
617 1825 687 1861 βοῶν
700 1834 759 1860 σου,
777 1826 825 1853 καὶ
843 1826 878 1853 τὰ
891 1826 1006 1862 ποίμνια

214 1873 268 1899 τῶν
290 1872 435 1905 προϐάτων
460 1880 518 1899 σου.
540 1872 756 1907 Ἐπικατάρατος
783 1873 815 1899 σὺ
837 1873 866 1900 ὲν
882 1873 920 1908 τῷ
948 1873 1005 1899 εισ-

215 1918 389 1954 πορεύεσθαι,
398 1918 445 1945 καὶ
453 1919 655 1954 ὲπικατάρατος
667 1919 699 1945 σὺ
707 1919 736 1945 ὲν
745 1918 783 1954 τῷ
794 1919 1004 1954 ἐκπορεύεσθαι.

221 1964 409 1996 Ἐξαποσ-τελεῖ
418 1972 459 1990 σοι
467 1963 568 1999 Κύριος
575 1963 624 1999 τὴν
634 1963 748 1996 ἔνδειαν,
756 1964 802 1990 καὶ¹
810 1964 860 1999 τὴν
868 1964 1005 2000 ὲκλιμίαν,

215 2010 262 2036 καὶ
269 2009 319 2044 τὴν
326 2009 461 2036 ἀνάλωσιν
469 2009 517 2036 ὲπὶ
532 2009 621 2036 πάντα
629 2006 660 2036 οὗ
669 2009 717 2036 ἐὰν
729 2009 862 2045 emoti“;
870 2010 919 2046 τὴν
926 2011 1007 2046 χεῖρά

216 2063 262 2082 σου
276 2055 320 2081 διὰ
328 2054 362 2082 τὰ
377 2055 482 2090 πονηρὰ
492 2054 696 2090 ἐπιτηδεύματά
706 2064 764 2083 σου.
777 2056 897 2090 Πατάξει
911 2065 941 2083 σε
953 2057 1007 2083 Κύ-

216 2109 273 2138 ριος
286 2100 400 2136 ἀπορίᾳ,
419 2100 467 2127 καὶ
490 2101 602 2137 πυρετῷ
618 2101 665 2128 καὶ
681 2101 765 2137 ῥίγει,
789 2102 836 2129 καὶ
854 2102 1006 2139 ἐρεθισμῷ,

214 2147 262 2174 καὶ
275 2146 359 2182 φόνῳ,
371 2146 417 2173 καὶ
431 2145 629 2182 ἀνεμοφθορίᾳ.
648 2146 704 2173 Καὶ
718 2146 796 2175 ἔσται
811 2155 852 2174 σοι
864 2148 878 2175 ὁ
892 2148 1006 2183 οὐρανὸς

214 2192 309 2227 ὸὺπὲρ
326 2191 447 2227 κεφαλῆς
462 2200 509 2218 σου
525 2191 656 2227 χαλκοῦς,
679 2192 727 2219 καὶ
746 2193 763 2228 ἡ
787 2193 823 2228 γῆ
839 2193 856 2228 ἡ
876 2193 1006 2221 ὑποκάτω

215 2246 262 2264 σου
283 2237 391 2273 σιδηρᾶ.
405 2238 448 2272 Δῷ
466 2237 568 2273 Κύριος
585 2237 631 2264 τὸν
647 2237 724 2265 ὕετδν
744 2238 794 2274 τῆς
813 2239 865 2275 γῆς
888 2248 935 2266 σου
960 2249 1008 2267 κο-

215 2283 320 2318 νιορτόν
330 2291 336 2298 ·
353 2283 401 2310 καὶ
415 2283 466 2320 ἔσῃ
482 2284 512 2310 ὲν
535 2283 671 2319 διασπορᾷ
684 2284 713 2311 ὲν
730 2284 832 2316 πάσαις
846 2286 906 2317 ταῖς
929 2284 1007 2320 βασι-

215 2329 299 2360 λείαις
325 2329 375 2364 τῆς
398 2329 460 2363 γῆς.
488 2329 606 2362 namss:
629 2338 660 2356 σε
689 2329 793 2365 Κύριος
815 2330 1006 2367 παραπληξίᾳ,

214 2375 341 2411 άορασίᾳ,
355 2375 482 2402 ἐκστάσει
506 2375 635 2408 διανοίας,
660 2376 707 2403 καί
729 2376 778 2412 ἔσῃ
800 2376 937 2412 ψηλαφῶν
956 2385 1006 2412 με-

214 2422 363 2457 σημϐρίας,
389 2421 428 2453 ὼς
455 2421 611 2458 ψηλαφήσει
635 2423 650 2448 ὁ
670 2422 769 2457 τυφλὸς
793 2423 822 2448 ἐν
845 2421 885 2458 τῷ
902 2423 1004 2455 σκότει,

213 2469 261 2495 καὶ
274 2469 325 2495 οὐκ
344 2467 472 2495 εὐοδὼσει
498 2467 548 2500 τὰς
567 2467 644 2500 ὁδούς
669 2477 728 2496 σου.
745 2469 801 2496 Καὶ
826 2468 876 2505 ἔσῃ
901 2469 1006 2496 ἀδικού-

215 2523 294 2550 μενος
310 2515 357 2542 καὶ
372 2514 573 2550 ἁρπαζόμενος,
594 2515 643 2542 καὶ
669 2515 719 2542 οὒκ
739 2515 817 2542 ἔσται
830 2524 871 2542 σοι
886 2515 1003 2550 βοηθῶν.

213 2561 333 2588 Γυναῖκα
364 2560 447 2597 λήψῃ,
476 2562 523 2587 καὶ
545 2561 615 2597 ἀνὴρ
640 2561 733 2597 ἕτερος
757 2561 873 2597 λήψεται
898 2562 1002 2597 αὐτήν·

213 2606 301 2632 οἰκίαν
316 2606 517 2641 οίκοδομήσεις,
536 2607 582 2634 καὶ
596 2607 646 2633 οὑκ
660 2607 794 2642 οἰκήσεις.
815 2617 823 2632 ι

190 2683 191 2686 η
250 2659 260 2677 t
277 2649 345 2678 Εἷπε
366 2652 497 2688 ’Σαμουὴλ
517 2653 583 2688 πρὸς
612 2653 718 2679 Σαούλ·
736 2653 804 2688 Οὐχὶ
834 2653 934 2690 μικρὸς
959 2654 1003 2685 σὺ,

214 2697 260 2724 καὶ
276 2697 368 2733 ἔχρισε
386 2707 416 2724 σε
433 2699 536 2734 Κύριος
552 2699 592 2731 εἰς
611 2698 724 2734 βασιλέα
740 2701 788 2726 ἐπὶ
809 2700 934 2735 Ὶσραήλ;
950 2700 1006 2736 [Sat

187 2734 194 2745 ”
214 2743 359 2771 ἀπέστειλέ
375 2753 404 2770 σε
418 2743 521 2780 Κύριος
531 2745 560 2771 ἐν
570 2745 632 2780 ὀδῷ,
646 2746 693 2772 καὶ
705 2743 765 2772 εῖπέ
779 2754 831 2779 σοι,
841 2734 1005 2781 Πορεύθῆτι,

211 2789 404 2825 ζξολόθρευσον
425 2793 469 2816 τὸν
495 2791 628 2827 Ἀμαλὴκ,
653 2791 700 2818 καὶ
718 2792 779 2823 τοὺς
797 2791 1007 2827 ἁμαρτάνοντας

213 2836 252 2868 εἰς
277 2836 344 2871 ἐμὲ’
369 2836 416 2863 καὶ
443 2836 612 2872 πολεμήσεις
635 2837 735 2869 αὐτοὺς
763 2837 816 2871 ἕως
843 2837 1007 2875 συντελέσῃς

1066 238 1097 258 ea
1116 233 1228 267 exsequi
1245 241 1360 263 necesse
1374 241 1436 271 est;
1459 237 1571 274 hzecque
1598 241 1696 270 tributi
1722 245 1858 273 rationem

1065 275 1176 305 habent.
1193 278 1261 311 Quae
1279 285 1371 308 autem
1395 282 1429 310 ab
1452 283 1615 314 inductione
1637 289 1722 316 animi
1745 292 1859 325 prolici-

1066 328 1194 356 scuntur,
1205 325 1290 353 veluti
1308 326 1464 362 virginitas,
1480 337 1608 360 secessus
1625 341 1640 360 a
1656 335 1769 368 mundo,
1783 337 1856 365 dona

1064 377 1096 397 ea
1112 375 1196 402 sunt,
1214 376 1240 399 et
1260 373 1335 400 xenii
1350 375 1483 403 rationem
1502 377 1613 406 habent.
1630 379 1749 409 Xenium
1769 390 1856 418 porro

1065 420 1119 440 non
1143 415 1309 445 necessitate
1323 417 1461 447 oll‘ertur:
1484 421 1588 458 alioqui
1611 425 1723 455 xenium
1750 415 1857 463 nequa-

1062 466 1156 495 quam.

1063 515 1131 543 'l‘lT.
1153 516 1233 545 ll.—
1249 517 1288 546 De
1313 519 1446 562 mandatis
1463 522 1539 562 “Dei,
1564 528 1589 551 et
1613 525 1648 552 iis
1675 527 1722 562 qui
1744 537 1776 556 ea
1802 538 1854 558 non

1375 557 1539 585 custodiunt.

1098 596 1164 626 Gen.
1181 607 1210 626 ιιι
1220 619 1228 632 ,
1245 599 1321 626 9-H.
1334 615 1369 621 —
1382 610 1392 627 ι
1403 601 1517 631 Vocavit
1533 604 1605 634 Deus
1619 607 1707 634 Adam
1717 628 1724 641 ,
1741 613 1769 636 et
1784 609 1856 637 dixit

1060 651 1086 670 et
1101 652 1108 670 :
1125 644 1231 677 Adam,
1248 645 1293 673 ubi
1309 647 1359 674 es?
1373 646 1425 680 Qui
1443 648 1482 676 ait
1499 658 1505 677 :
1532 649 1632 679 Vocem
1656 658 1731 680 tuam
1757 655 1852 683 audivi

1060 688 1264 718 deambulantis
1279 690 1306 718 in
1323 692 1467 726 paradiso,
1482 697 1510 721 et
1533 696 1613 723 timui
1628 716 1635 729 ,
1654 705 1687 724 eo
1703 699 1777 733 quod
1799 708 1854 727 nu—

1060 736 1112 763 dus
1128 743 1227 769 essem.
1244 740 1272 764 et
1287 737 1416 766 abscondi
1434 747 1487 768 me.
1505 741 1537 768 Et
1551 741 1621 770 dixit
1635 742 1680 771 ei:
1697 744 1766 777 Quis
1783 753 1854 772 nun-

1060 781 1139 809 tiavit
1161 783 1211 810 tibi
1236 783 1310 818 quod
1327 785 1418 813 nudus
1442 793 1536 821 esses,
1561 788 1615 816 nisi
1640 790 1714 823 quod
1730 791 1764 818 de
1777 791 1852 827 ligno

1025 827 1094 891 Bde
1109 835 1163 862 quo
1178 836 1360 864 praeceperam
1374 831 1423 859 tibi
1439 839 1472 859 ne
1486 833 1664 868 comederes,
1687 843 1722 864 ex
1745 844 1778 865 eo
1801 845 1853 865 co-

1062 873 1168 891 Iuntl:cl:
1181 874 1193 891 9
1209 884 1217 891 .
1743 879 1745 882 ‘

1061 873 1169 902 Inedisti
1181 874 1193 901 ?
1207 884 1217 901 ο
1743 879 1745 882 ’

1095 919 1177 951 Leuit.
1196 928 1260 949 xxv:
1272 941 1280 955 .
1297 922 1381 951 M-l6
1392 944 1399 956 ,
1421 923 1453 952 l9
1464 945 1472 958 ,
1489 925 1534 960 20,
1547 925 1592 954 29.
1607 942 1643 948 —-
1659 937 1669 953 ‹
1686 927 1716 956 Si
1732 937 1785 956 non
1801 938 1852 958 au-

1059 964 1167 993 dieritis
1181 973 1225 994 me
1235 988 1243 1000 ,
1259 975 1348 1003 neque
1363 969 1483 998 feceritis
1501 978 1637 1008 praecepta
1654 981 1712 1001 mea
1727 994 1735 1006 ,
1750 975 1852 1003 immit-

1060 1015 1114 1038 tam
1132 1012 1158 1039 in
1172 1020 1221 1040 vos
1236 1014 1400 1042 anxietatem
1410 1036 1417 1049 ,
1434 1020 1461 1044 et
1476 1017 1613 1051 scabiem,
1636 1024 1664 1046 ct
1678 1020 1832 1056 auriginem
1842 1044 1851 1057 ,

1059 1065 1119 1092 quae
1133 1059 1281 1087 conﬁciant
1298 1061 1396 1089 oculos
1412 1068 1531 1096 vestros,
1547 1068 1575 1091 et
1589 1065 1680 1092 anima
1701 1072 1793 1095 vestra
1809 1073 1851 1096 ta-

1059 1105 1150 1131 betiet.
1166 1104 1199 1132 Et
1212 1107 1312 1134 seretis
1326 1107 1352 1134 in
1366 1115 1467 1135 vanum
1483 1110 1588 1136 semina
1602 1116 1713 1144 vestra,
1729 1117 1756 1140 et
1769 1114 1851 1142 edem

1059 1149 1208 1178 adversarii
1223 1151 1306 1179 vestri
1319 1171 1326 1185 ,
1343 1157 1371 1180 et
1386 1153 1492 1182 cadetis
1506 1162 1600 1182 coram
1619 1156 1788 1186 adversariis
1804 1167 1850 1187 ve-

1059 1195 1323 1233 stris,l‘ugietisque,
1339 1199 1450 1227 nemine
1462 1207 1511 1228 vos
1528 1207 1721 1237 persequente.
1740 1204 1772 1231 Et
1785 1212 1851 1233 con-

1061 1245 1146 1268 teram
1161 1243 1347 1278 arrogantiam
1361 1245 1499 1279 superbiat
1515 1250 1629 1278 vestrm,
1646 1253 1674 1275 et
1688 1249 1787 1276 omium
1803 1257 1851 1276 vo-

1060 1285 1102 1313 bis
1115 1294 1212 1321 ponam
1229 1288 1349 1316 l‘erreum
1361 1309 1368 1322 ,
1384 1294 1412 1317 et
1428 1294 1531 1318 terram
1547 1296 1666 1319 vestram
1683 1294 1756 1321 velut
1768 1294 1849 1331 45⁵1

1058 1339 1161 1360 aeneam
1171 1353 1178 1366 ,
1190 1339 1217 1361 et
1232 1342 1287 1361 non
1305 1335 1379 1363 dabit
1393 1340 1464 1363 terra
1480 1345 1573 1365 semen
1589 1346 1669 1366 suum
1681 1360 1689 1372 ,
1702 1344 1731 1368 et
1745 1341 1849 1376 lignum

1059 1378 1116 1413 agri
1133 1380 1217 1406 vestri
1234 1387 1289 1408 non
1306 1380 1383 1409 dabit
1400 1381 1519 1410 fructum
1535 1391 1615 1411 suum
1627 1404 1635 1417 ,
1651 1390 1676 1412 et
1694 1387 1849 1415 comedetis

1058 1431 1156 1453 carnes
1170 1425 1289 1453 ﬁliorum
1305 1431 1459 1455 vestrorum
1482 1434 1509 1456 et
1524 1429 1655 1458 filiarum.
1669 1440 1680 1457 ι

1097 1509 1174 1540 Deut.
1191 1520 1265 1539 xxvii
1277 1532 1285 1544 ,
1301 1513 1348 1540 26.
1359 1528 1395 1533 -
1409 1523 1418 1539 ι
1433 1515 1600 1544 Malcdictus
1619 1518 1704 1546 homo
1723 1520 1771 1555 qui
1789 1528 1850 1549 ‘non

1059 1557 1245 1588 permanserit
1261 1557 1289 1584 in
1307 1558 1440 1585 omnibus
1460 1561 1639 1589 sermonibus
1658 1563 1743 1598 legis,
1760 1569 1788 1592 ut
1808 1565 1851 1592 fa—

1057 1601 1113 1627 ciat
1127 1608 1158 1628 ea
1172 1610 1180 1634 ;
1196 1606 1224 1628 et
1236 1601 1312 1629 dicet
1327 1603 1419 1631 omnis
1437 1605 1576 1638 populus:
1594 1607 1666 1635 Fiat.
1681 1617 1690 1634 ι

1093 1644 1171 1672 Deut.
1194 1653 1296 1678 uvnl,
1318 1646 1351 1674 16
1377 1655 1447 1683 seqq.
1464 1663 1499 1668 —
1517 1659 1526 1674 ς
1551 1650 1716 1681 Μ.ι1εᾶίιῑιιιε
1734 1655 1791 1682 cris
1821 1655 1850 1683 in

1057 1691 1187 1724 civitate,
1209 1695 1236 1718 et
1258 1692 1426 1721 maledictus
1445 1694 1472 1721 in
1492 1702 1568 1730 agro.
1592 1697 1753 1728 llialediclus
1773 1706 1801 1728 tu
1822 1703 1850 1730 in

1057 1737 1166 1765 horreis
1183 1738 1255 1769 tuis,
1272 1743 1299 1766 ct
1314 1739 1441 1774 reliquiae
1457 1746 1521 1768 tunc.
1538 1742 1674 1771 Maledicti
1690 1745 1765 1774 fetus
1781 1755 1850 1775 ven-

1057 1783 1108 1810 tris
1137 1784 1196 1816 tui,
1217 1789 1245 1812 et
1268 1785 1409 1820 genirnina
1429 1790 1510 1815 terra:
1531 1793 1599 1822 luat,
1622 1796 1745 1820 armenta
1765 1793 1848 1822 boum

1058 1833 1187 1862 tuorum,
1209 1834 1237 1857 et
1256 1838 1353 1866 greges
1375 1831 1468 1859 ovium
1490 1836 1612 1861 tuarum.
1633 1834 1798 1865 Maledictns
1819 1843 1848 1866 tu

1057 1874 1085 1902 in
1103 1875 1299 1910 ingrediendo,
1315 1882 1343 1904 et
1360 1877 1527 1906 maledictus
1546 1879 1572 1906 in
1590 1881 1768 1914 egrediendo.
1788 1883 1850 1911 Mit-

1058 1925 1095 1948 tet
1110 1922 1160 1949 tibi
1178 1921 1313 1950 Dominus
1329 1927 1479 1958 egestatem
1490 1945 1497 1958 ,
1513 1928 1540 1952 et
1556 1925 1656 1954 famem
1675 1936 1786 1963 gravent
1797 1949 1806 1962 ,
1822 1935 1849 1958 et

1056 1968 1299 2003 consumptionem
1321 1969 1349 1996 in
1370 1970 1464 1997 omnia
1484 1971 1518 1998 ad
1536 1980 1597 2006 (ποτε
1612 1975 1773 2003 extendcris
1789 1985 1848 2004 ma-

1057 2021 1121 2040 num
1142 2017 1235 2047 tuam,
1253 2019 1365 2050 propter
1381 2016 1593 2046 adinventiones
1613 2023 1675 2048 tuas
1695 2022 1846 2056 pessimae.

1057 2059 1197 2087 Percutiet
1217 2065 1243 2087 te
1264 2060 1335 2088 Deus
1355 2067 1496 2096 egestate,
1517 2069 1545 2091 et
1566 2064 1662 2099 febre,
1677 2072 1705 2095 et
1725 2068 1846 2104 frigore,

1056 2111 1084 2132 et
1098 2106 1258 2133 corrosione
1268 2127 1275 2138 ,
1289 2111 1316 2134 et
1329 2107 1404 2135 caede
1415 2129 1422 2140 ,
1437 2113 1465 2135 et
1480 2109 1628 2139 adnstione
1643 2113 1716 2139 venti
1731 2122 1738 2146 ;
1755 2118 1782 2141 et
1798 2115 1850 2142 erit

1057 2151 1157 2178 (mlum
1177 2152 1251 2187 quod
1271 2160 1356 2188 supra
1377 2157 1403 2181 te
1422 2158 1479 2186 est,
1500 2163 1626 2189 teneum,
1641 2159 1675 2185 ’et
1696 2163 1769 2186 terra
1790 2168 1852 2195 qua:

1058 2199 1101 2222 est
1120 2195 1192 2223 infra
1210 2202 1253 2231 te,
1275 2197 1375 2226 ferrea.
1398 2199 1448 2227 Det
1469 2200 1602 2229 Dominus
1624 2203 1740 2232 imbrem
1771 2211 1851 2234 terra:

1061 2246 1115 2269 tua:
1134 2243 1285 2277 pulverem.
1305 2244 1339 2271 Et
1353 2245 1409 2273 eris
1428 2245 1456 2273 in
1473 2247 1648 2282 dispersione
1670 2250 1697 2277 in
1718 2252 1851 2280 omnibus

1059 2289 1151 2323 regnis
1167 2293 1259 2317 terrae.
1276 2289 1418 2319 Percutiet
1438 2297 1465 2320 te
1487 2293 1560 2322 Deus
1580 2297 1719 2330 amentia,
1743 2299 1851 2326 caecita-

1059 2339 1101 2368 te,
1115 2335 1224 2362 insania
1238 2336 1339 2364 mentis
1350 2358 1357 2370 ,
1374 2341 1402 2365 et
1413 2338 1470 2366 eris
1485 2340 1601 2375 palpans
1615 2341 1642 2369 in
1655 2344 1772 2371 meridie
1782 2366 1789 2377 ,
1811 2347 1850 2373 si-

1057 2384 1106 2407 cut
1127 2381 1239 2416 palpare
1259 2382 1329 2410 solet
1347 2390 1437 2412 caecus
1455 2385 1483 2412 in
1501 2387 1642 2420 tenebris,
1661 2393 1690 2415 et
1706 2397 1761 2416 non
1777 2390 1848 2417 diri-

1059 2430 1103 2462 get
1120 2427 1180 2454 vias
1198 2431 1269 2454 tuas.
1290 2427 1322 2455 Et
1339 2429 1395 2457 eris
1413 2430 1581 2459 calumniam
1600 2434 1758 2466 sustinens,
1777 2440 1804 2462 et
1821 2437 1848 2463 in

1058 2473 1265 2507 direptionem,
1281 2480 1309 2502 et
1325 2483 1379 2502 non
1395 2476 1448 2503 erit
1465 2477 1512 2511 qui
1533 2479 1638 2506 auxilio
1658 2479 1692 2507 sit
1708 2489 1715 2513 ;
1735 2489 1849 2509 uxorem

1059 2518 1145 2546 duces
1157 2539 1164 2550 ,
1183 2523 1211 2546 et
1228 2520 1300 2547 alius
1317 2521 1435 2556 accipiet
1449 2530 1511 2550 eam
1527 2531 1535 2556 ;
1553 2524 1664 2552 domum
1679 2526 1850 2560 mdilicabis,

1059 2568 1086 2591 ct
1106 2572 1161 2592 non
1183 2564 1321 2593 habitabis
1342 2567 1369 2593 in
1385 2574 1427 2594 ea.
1448 2576 1457 2593 ι

1096 2652 1110 2680 I
1129 2652 1191 2688 Reg.
1206 2662 1252 2686 xv,
1266 2655 1366 2687 l7-l9,
1380 2654 1462 2682 24L—-
1476 2665 1484 2681 ι
1500 2655 1574 2683 Dixit
1586 2656 1696 2684 Samuel
1713 2657 1746 2684 ad
1761 2656 1829 2684 Saul
1841 2661 1857 2684 ιι

1058 2698 1156 2727 Nonne
1169 2707 1231 2727 cum
1245 2701 1378 2735 parvulus
1389 2709 1477 2735 esses,
1490 2703 1569 2729 unxit
1581 2707 1607 2730 te
1615 2703 1749 2733 Dominus
1758 2711 1850 2739 regem

1059 2753 1142 2780 super
1156 2745 1260 2773 Israel?
1275 2746 1308 2773 Et
1323 2747 1397 2775 misit
1412 2751 1439 2775 te
1453 2747 1586 2777 Dominus
1601 2749 1627 2777 in
1642 2749 1731 2782 viam,
1747 2753 1774 2777 et
1789 2750 1826 2776 ait
1841 2759 1848 2776 :

1062 2791 1148 2822 Vade.
1162 2796 1189 2820 et
1205 2793 1266 2821 dele
1281 2794 1429 2827 Amalech,
1446 2799 1471 2822 et
1485 2796 1531 2829 qui
1547 2801 1732 2831 peccaverunt
1746 2796 1772 2823 in
1789 2803 1849 2828 me;

1063 2842 1090 2866 et
1106 2839 1243 2874 pugnabis
1260 2843 1358 2868 contra
1378 2848 1444 2874 eos,
1462 2848 1549 2876 usque
1566 2841 1599 2869 ad
1618 2842 1848 2870 internecionem.
