2056 3113
228 125 299 159 1423

784 126 815 157 S.
837 125 998 156 JOANNIS
1018 125 1235 156 DAMASCENI

1794 122 1863 156 ιιιι

227 184 259 212 Et
277 192 364 221 quare
384 191 438 213 non
461 183 564 211 audisti
584 190 682 211 vocem
704 182 834 216 Domini,
853 182 902 211 scd
923 189 1020 210 versus

1075 181 1183 213 αὐτούς.
1199 180 1255 208 Καὶ
1269 181 1313 208 ἵνα
1330 180 1356 208 τί
1371 180 1422 208 οὐκ
1437 181 1557 216 ἤκουσας
1569 181 1659 217 φωνῆς
1670 180 1786 216 Κυρίου,
1802 181 1863 208 ἀλλ’

226 231 258 259 ad
275 231 394 266 praedam
408 237 438 258 es
449 249 454 261 .
467 233 499 264 et
513 228 605 256 fecisti
618 228 720 255 malum
737 227 764 255 in
779 228 868 256 oculis
888 226 1021 255 Domini?

226 277 257 304 Et
277 276 348 304 dixit
362 276 428 303 Saul
443 284 451 304 :
470 274 541 308 Quia
557 274 650 302 audivi
668 274 811 310 populum.
828 283 838 300 ι

265 367 346 395 ΖαεΙι.
365 375 421 399 vn,
439 367 482 395 15.
495 381 528 388 -
547 375 556 393 ι
573 366 633 394 Erit
650 366 723 394 sicut
737 365 809 393 dixit
826 365 978 399 Dominus,
993 370 1020 393 ct

229 421 281 441 non
295 413 446 441 audierunt
461 420 544 446 eum;
563 412 604 440 sic
620 411 799 445 clamabunt,
817 414 845 439 et
859 419 914 439 non
933 419 1019 439 exau-

230 459 303 487 diam
320 467 387 492 eos,
400 459 469 487 dicit
482 458 628 487 Dominus.
646 467 656 484 ι

267 516 277 532 ‹
290 505 406 534 Factum
423 510 467 533 est
486 512 581 533 semen
597 503 816 532 iuobedientium
840 503 868 530 in
889 503 1021 539 perditio-

229 560 305 580 nem.
323 561 332 578 ι

264 597 323 625 lsa.
348 605 429 625 sum
442 617 449 630 ,
467 596 558 625 11—
572 605 581 622 ι
597 596 626 624 Si
640 596 778 624 audiisses
795 595 924 623 mandata
940 602 1000 623 mea
1012 617 1019 629 ,

230 643 302 671 facta
322 643 420 671 fuisset
436 643 486 670 tibi
503 643 574 670 sicut
590 642 668 670 fluvii
695 649 748 678 pax
769 646 832 676 tua,
860 646 888 670 et
911 641 1020 677 iustitia

230 693 275 716 tua
293 690 367 717 si‘cut
382 689 484 717 ﬂuctus
499 688 596 716 maris.
614 697 623 715 ι

269 734 327 761 Iw.
345 742 426 767 xxiv,
444 734 489 761 16.
513 748 550 754 —-
567 743 576 759 ι
593 733 690 762 Dicent
706 742 713 761 :
733 732 779 761 Vae
795 732 1020 768 praavaricatori-

231 782 299 808 bus:
313 780 360 815 qui
376 779 595 815 prmvaricamini
609 780 714 816 legem;
729 780 824 813 timor,
838 784 865 808 et
879 779 957 808 fovea
993 784 1021 808 ct

231 828 345 861 laqueus
360 834 445 861 super
460 833 521 853 vos.
538 835 547 853 ι

265 872 363 899 Matth.
378 880 436 905 vn,
450 871 501 904 26,
514 871 561 900 27.
572 885 608 891 —
620 881 629 898 ι
645 871 742 899 Omnis
759 872 806 907 qui
824 871 901 899 audit
917 872 1001 899 verba
1015 892 1022 905 ,

231 920 257 944 et
274 924 329 943 non
349 915 416 943 facit
431 923 464 944 ea
476 935 484 950 ,
503 916 605 943 similis
622 916 677 943 erit
696 916 756 944 viro
774 917 878 948 stulto,
894 916 941 951 qui
957 917 1024 944 aedi-

232 962 323 990 ﬁcavit
346 962 455 989 domum
473 969 551 990 suam
567 969 651 996 super
666 969 801 996 arenam;
828 967 856 990 et
881 962 1024 991 descendit

231 1009 322 1044 pluvia
335 1018 342 1042 ;
360 1013 388 1036 et
402 1013 534 1036 venerunt
548 1007 662 1036 ﬂumina
673 1029 681 1041 ,
697 1013 724 1036 et
739 1008 874 1036 [laverunt
888 1013 962 1037 venti
975 1029 982 1041 ,
997 1013 1025 1036 et

231 1055 374 1081 irruerunt
398 1053 426 1081 in
452 1054 565 1081 domum
591 1053 687 1088 illam,
715 1058 742 1082 et
771 1054 896 1089 cecidit;
918 1059 946 1083 et
972 1054 1024 1082 fuit

232 1099 311 1127 ruina
328 1098 403 1126 illius
417 1105 530 1134 magna.
546 1108 556 1124 ι

267 1142 343 1170 Rom.
365 1150 384 1170 ll
395 1163 402 1177 ,
422 1143 452 1171 Η
465 1163 474 1176 ,
495 1142 539 1170 12.
553 1158 589 1164 ——
604 1153 614 1171 ι
630 1144 797 1181 Quicunque
812 1145 872 1173 sine
887 1146 948 1182 lege
962 1153 1025 1182 pec-

232 1192 381 1222 caverunt.
411 1189 471 1217 sine
494 1189 555 1225 lege
578 1190 729 1226 peribunt;
756 1195 783 1220 et
808 1192 969 1228 quicunque
996 1193 1024 1220 in

233 1235 291 1270 lege
318 1239 522 1270 peccaverunt,
539 1244 589 1272 per
613 1237 702 1273 legem
727 1237 941 1272 iudicabuntur.
964 1239 1024 1267 Non

231 1281 305 1308 enim
333 1280 476 1310 auditores
501 1281 569 1317 legis
584 1282 655 1317 justi
676 1289 742 1312 sunt
762 1284 834 1319 apud
850 1285 937 1313 Deum
949 1304 958 1318 ,
976 1285 1025 1314 sed

233 1326 354 1353 factores
369 1326 439 1361 legis
452 1327 693 1361 justiﬂcabuntur.
712 1337 721 1355 ι

267 1370 330 1398 Jac.
347 1379 370 1403 I,
383 1371 480 1400 22-2t.
493 1386 529 1392 —
543 1381 552 1398 ι
567 1371 662 1401 Estote
677 1373 798 1402 factores
811 1375 888 1403 verbi
900 1396 908 1408 .
925 1379 953 1404 et
970 1384 1024 1404 non

233 1415 375 1443 auditores
397 1420 519 1449 tantum,
542 1417 670 1446 fallentes
689 1420 897 1455 vosmetipsos:
915 1422 981 1457 quia
999 1423 1024 1450 si

233 1461 297 1496 quis
315 1462 425 1489 auditor
440 1467 483 1490 est
499 1462 585 1498 legis,
602 1467 630 1491 ct
649 1471 704 1492 non
725 1464 826 1499 factor,
853 1466 899 1494 hic
923 1467 1024 1496 similis

233 1511 275 1534 est
300 1507 360 1534 viro
387 1507 577 1536 consideranti
604 1509 712 1537 vultum
738 1511 894 1540 nativitatis
919 1520 978 1540 sua:
996 1513 1061 1557 inc

234 1553 356 1587 speculo.
369 1553 565 1582 Consideravit
582 1555 656 1583 enim
674 1563 703 1584 se
714 1577 721 1590 ,
737 1560 765 1584 et
782 1557 867 1591 abiit,
884 1562 912 1587 et
929 1559 1023 1587 statim

233 1599 336 1627 oblitus
351 1604 393 1628 est
407 1600 499 1636 qualis
513 1601 559 1629 sit.
575 1609 584 1627 ι

268 1644 298 1673 S.
314 1645 402 1673 Basil.
424 1646 494 1674 hom.
516 1647 531 1674 7
551 1647 577 1673 in
600 1647 730 1675 Hexaem.
743 1663 778 1669 —
793 1649 856 1678 Vidi
879 1650 938 1679 haec
955 1659 1024 1687 ego,

235 1690 338 1725 Deique
363 1690 390 1717 in
417 1692 547 1719 omnibus
575 1691 740 1728 sapientiam
761 1693 846 1729 458
870 1694 1024 1723 admiratus

234 1743 307 1763 sum.
326 1736 493 1772 Atqui,cum
512 1737 592 1765 bruta
607 1745 639 1766 ea
658 1738 792 1767 facultate
808 1740 924 1775 prmdita
946 1741 1003 1769 sint
1015 1761 1022 1773 ,

234 1790 288 1817 qua
309 1782 361 1810 sibi
381 1783 547 1817 consulant.
574 1791 712 1820 suamque
735 1785 853 1813 salutem
879 1790 1023 1819 tueantur.

235 1835 267 1856 ac
283 1829 368 1863 piscis
384 1829 469 1857 etiam
486 1830 609 1864 noverit,
625 1829 691 1866 quid
709 1831 879 1866 amplexari,
895 1833 961 1868 quid
978 1832 1023 1861 fu—

234 1881 299 1909 gere
316 1874 434 1902 debeat:
451 1875 518 1910 quid
533 1875 658 1904 dicemus
676 1884 728 1904 nos
739 1897 746 1909 ,
764 1877 812 1912 qui
825 1897 833 1910 ,
849 1885 912 1906 cum
933 1879 1023 1907 ornati

235 1920 358 1954 ratione,
375 1928 408 1948 ac
426 1921 512 1956 legem
529 1921 623 1950 edocti
635 1943 643 1955 ,
663 1922 829 1960 incitatique
845 1925 1026 1960 pollicitatio«

235 1966 334 2000 nibus,
347 1971 375 1994 et
389 1974 404 1994 a
419 1965 524 2002 Spiritu
538 1967 641 1996 eruditi
660 1968 768 2004 simus,
791 1969 916 2005 piscibus
931 1975 1023 1999 tamen

234 2014 349 2041 rationis
363 2015 522 2049 expertibus
535 2015 649 2044 stultius
662 2024 707 2045 res
719 2023 832 2047 nostras
845 2019 1024 2048 administra-

234 2059 320 2087 mus?
337 2059 454 2093 Quando
472 2060 511 2088 illi
529 2061 640 2096 quidem
661 2062 748 2091 futuri
768 2065 916 2099 quamdam
935 2066 1024 2094 ratio-

234 2113 295 2133 nem
309 2105 428 2138 habent,
442 2114 493 2135 nos
507 2111 600 2135 autem
616 2115 664 2144 per
679 2109 848 2145 voluptatem
863 2111 945 2139 vitam
964 2119 1025 2147 qua:

234 2151 387 2186 pecudibus
400 2157 535 2188 congruat
549 2160 759 2183 consumamus.
774 2154 863 2184 Piscis
881 2160 922 2184 tot
937 2158 1025 2186 maria

1071 226 1205 262 ὥρμησας
1227 227 1273 253 ἐπὶ
1287 226 1322 254 τὰ
1336 226 1434 260 σκῦλα,
1458 227 1507 254 καὶ
1533 226 1664 263 ἐποίησας
1691 226 1722 253 τὸ
1745 226 1865 262 πονηρὸν

1071 273 1194 301 ἐναντίον
1210 273 1333 310 Κυρίου;
1351 273 1407 300 Καὶ
1426 271 1488 300 εἷπε
1510 272 1615 300 Σαούλι
1635 272 1686 299 Διὰ
1703 272 1734 299 τὸ
1746 271 1865 300 ἀκοῦσαί

1072 329 1106 356 με
1118 320 1164 346 τὸν
1177 319 1253 347 λαόν.
1275 329 1284 346 ι

1110 375 1119 392 ι
1141 365 1239 393 Ἔσται
1267 365 1297 392 ὃν
1321 365 1424 401 τρόπον
1443 362 1506 392 εἷπε
1526 364 1645 401 Κύριος,
1665 364 1714 391 καὶ
1737 365 1789 392 οὒκ
1807 366 1864 392 εισ-

1071 412 1193 443 ήκουσαν
1212 411 1307 444 αὑτοῦ,
1327 411 1414 443 οὕτως
1435 410 1626 446 κεκράξονται,
1644 411 1692 438 καὶ
1706 411 1736 438 οὐ
1756 411 1794 446 μὴ
1807 412 1864 438 εἷσ-

1072 457 1226 493 ακούσομαι
1239 457 1340 488 αὐτῶν,
1355 457 1430 491 λέγει
1442 456 1555 492 Κύριος.
1571 465 1581 482 ›

1108 512 1118 528 ι
1141 502 1275 538 Ἐγενήθη
1288 502 1319 530 τὸ
1336 503 1447 538 σπέρμα
1469 502 1524 530 τῶν
1543 501 1730 530 ἀπειθούντων
1752 502 1792 533 είς
1815 502 1865 529 άπ-

1071 548 1180 576 ώλειαν.
1199 558 1209 575 ι

1109 606 1119 623 ι
1140 597 1172 624 Ei
1185 596 1306 632 ἤκουσας
1327 596 1382 624 τῶν
1408 595 1523 623 ἐντολῶν
1551 604 1613 631 μου,
1636 594 1747 628 ἐγένετο
1773 595 1806 621 ἂν
1825 593 1866 626 ὡς

1071 642 1191 678 ποταμοί
1202 644 1218 678 ὴ
1228 643 1323 679 εἰρήνη
1338 651 1397 670 σου.
1414 642 1488 678 καὶὴ
1500 640 1658 676 δικαιοσύνη
1675 649 1722 667 σου
1737 641 1774 672 ὡς
1788 639 1864 675 ὥμα

1072 687 1221 723 θαλάσσης.
1247 696 1257 713 ι

1109 743 1120 760 ‹
1143 733 1285 769 Ἐροῠσιν,
1313 732 1383 760 Οὐαὶ
1409 733 1466 764 τοῖς
1503 731 1660 759 ἀθετοῦσιν·
1687 731 1712 758 οἱ
1735 730 1865 758 ἀθετοῦν-

1071 788 1117 812 τες
1138 779 1184 807 τὸν
1206 779 1304 815 νόμον,
1333 778 1416 814 φόϐος
1441 778 1488 805 καὶ
1516 777 1627 814 βόθυνος
1646 778 1694 805 καὶ
1719 778 1802 812 παγὶς
1821 778 1866 812 ἐφ’

1073 824 1163 861 ὑμῶν.
1185 834 1194 851 ι

1112 881 1122 898 ι
1139 872 1197 904 Πᾶς
1221 872 1235 899 ό
1256 871 1364 898 ἀκούων
1383 879 1434 905 μου
1458 870 1522 902 τοὺς
1544 869 1657 904 λόγους,“
1667 869 1714 896 καὶ
1728 867 1766 904 μὴ
1781 868 1867 895 ποιῶν

1073 918 1184 951 αὐτοὺς,
1198 917 1396 953 ὁμοιωθήσεται
1412 916 1489 952 ἀνδρὶ
1506 915 1598 952 μωρῷ,
1617 917 1691 948 ὅστις
1706 915 1866 951 ᾠκοδόμησε

1073 964 1123 1000 τὴν
1149 964 1237 991 οίχίαν
1267 962 1349 990 αὑτοῦ
1374 963 1421 989 ἐπὶ
1445 962 1495 998 τὴν
1518 962 1621 998 ἄμμον.
1647 961 1702 988 Καὶ
1726 961 1828 996 κατέόη
1847 962 1865 997 ἡ

1075 1009 1170 1046 βροχὴ,
1187 1009 1234 1036 καὶ
1248 1006 1329 1045 ἦλθον
1346 1008 1370 1035 ot
1387 1008 1520 1043 παταμοὶ,
1537 1007 1586 1034 καὶ
1602 1007 1736 1034 ἑιινευσαν
1755 1007 1780 1033 oi
1803 1008 1867 1034 ἀνε-

1076 1063 1131 1091 μοι,
1147 1055 1195 1081 καὶ
1217 1053 1391 1090 προσέκοψαν
1415 1054 1448 1089 τῇ
1473 1052 1548 1088 οίκία
1571 1052 1676 1088 ἐκείνῃ,
1693 1052 1739 1078 καὶ
1757 1052 1865 1078 ἔπεσεν·

1081 1101 1129 1128 καὶ
1138 1098 1173 1137 ἧν
1188 1101 1204 1136 ὴ
1220 1099 1324 1132 πτῶσις
1335 1099 1421 1134 αὐτῆς
1435 1098 1552 1134 μεγάλη.
1572 1107 1582 1124 ι

1113 1155 1123 1172 ι
1143 1146 1222 1173 Ὅσοι
1248 1145 1359 1182 ἀνόμως
1387 1145 1521 1180 ἥμαρτον,
1550 1144 1660 1180 ἀνόμως
1683 1143 1866 1171 ἀπολοῦνται·

1075 1192 1122 1220 καὶ
1143 1192 1200 1219 ὅσοι
1223 1192 1252 1219 ὲν
1274 1192 1349 1227 νόμῳ
1365 1191 1502 1226 ἥμαρτον,
1518 1190 1562 1217 διὰ
1576 1190 1660 1226 νόμον
1678 1190 1866 1226 κριθήσονται.

1075 1237 1113 1263 Οὐ
1138 1236 1194 1272 γὰρ
1213 1237 1238 1263 οί
1263 1235 1398 1271 ἀκροαταὶ
1421 1234 1469 1262 τοῦ
1493 1235 1576 1270 νόμου
1601 1235 1702 1262 δίκαιοι
1727 1235 1803 1271 παρά
1826 1235 1868 1270 τῷ

1074 1281 1144 1317 Θεῷ,
1167 1281 1226 1309 ἀλλ’
1249 1282 1272 1308 ot
1297 1280 1471 1317 ποιηταὶτοῦ
1493 1280 1577 1317 νόμου
1597 1280 1833 1317 δικαιωθήσονται.
1855 1291 1864 1307 ι

1113 1381 1122 1398 ι
1142 1372 1252 1399 Γίνεσθε
1266 1372 1379 1408 ποιηταὶ
1392 1372 1487 1408 νόμου,
1505 1372 1552 1400 καὶ
1574 1372 1612 1408 μὴ
1628 1372 1708 1407 μόνον
1721 1371 1868 1407 ἀκροαταὶ,

1075 1418 1323 1454 παραλογιζόμενοι
1345 1418 1475 1451 ἑαυτούς·
1494 1418 1534 1445 ὅτι
1555 1418 1582 1444 εί
1601 1426 1644 1450 τις
1667 1418 1805 1454 ἀκροατὴς
1821 1418 1868 1444 νό-

1076 1472 1127 1499 μου
1153 1464 1224 1495 ὲστὶ,
1240 1464 1287 1490 καὶ
1300 1464 1330 1490 οὐ
1344 1464 1471 1499 ποιητὴς,
1489 1461 1566 1496 οὗτος
1584 1464 1673 1490 ἔοικεν
1690 1464 1768 1499 ἀνδρὶ
1781 1472 1867 1491 κατα-

1075 1508 1179 1535 νοοῦντι
1192 1508 1224 1535 es
1236 1508 1381 1545 πρόσωπον
1393 1509 1442 1545 τῆς
1452 1509 1587 1543 γενέσεως
1594 1509 1677 1536 αὐτοῦ
1689 1511 1718 1537 ὲν
1730 1510 1866 1545 ἐσόπτρῳ,

1077 1555 1124 1582 καὶ
1139 1554 1240 1588 εὐθέως
1258 1555 1407 1583 ἐπελάθετο
1423 1555 1514 1588 ὁποῖός
1525 1556 1593 1582 ἔστι.
1614 1564 1624 1580 ι

1111 1644 1189 1674 Εἶδον
1209 1645 1296 1674 ταῦτα
1319 1646 1390 1681 ἐγὼ,
1420 1646 1468 1674 καὶ
1492 1646 1541 1682 τὴν
1567 1647 1613 1674 ἐπὶ
1639 1647 1708 1674 πᾶσι
1728 1646 1775 1674 τοῦ
1797 1647 1866 1675 Θεοῦ

1077 1694 1172 1728 σοφίαν
1189 1693 1343 1728 ἐθαύμασα.
1361 1693 1393 1719 Et
1415 1692 1450 1720 τὰ
1471 1692 1557 1726 ἄλογα
1577 1693 1739 1729 ἐπινοητικά
1754 1694 1802 1720 καὶ
1817 1703 1867 1728 φυ-

1075 1738 1193 1766 λακτικά
1208 1739 1258 1774 τῆς
1285 1738 1354 1770 ίδίας
1376 1738 1468 1765 αὐτῶν
1492 1737 1630 1774 σωτηρίας
1655 1739 1723 1770 ἐστὶ,
1745 1739 1793 1766 καὶ
1812 1737 1866 1765 οῐδε

1075 1783 1106 1809 τὸ
1124 1782 1235 1819 αιρετδν
1250 1782 1332 1810 αὑτοῦ
1351 1783 1397 1809 καὶ
1410 1782 1440 1809 τὸ
1453 1783 1570 1818 φευκτὸν
1594 1783 1680 1818 ἰχθὺς,
1702 1783 1729 1810 τί
1749 1783 1867 1819 ἐροῦμεν

1075 1830 1212 1865 ἡμεῖς-,ιω
1236 1829 1309 1864 λόγῳ
1338 1829 1528 1865 τετιμημένοι,
1551 1829 1598 1856 καὶ
1619 1829 1694 1865 νόμῳ
1723 1830 1867 1857 πεπαιδεψ

1076 1876 1163 1912 μένοι,
1193 1876 1362 1911 ἐπαγγελίας
1393 1876 1611 1911 προτραπέντες,
1642 1876 1779 1912 πνεύματι
1820 1885 1866 1903 σο-

1075 1922 1228 1958 φισθέντες,
1249 1922 1273 1949 οι
1303 1922 1358 1949 τῶν
1377 1922 1483 1956 ἀλόγων
1518 1921 1620 1957 ἰχθύων
1644 1921 1813 1958 ἀλογώτερον
1836 1922 1867 1948 τὸ

1074 1969 1135 1996 κατ’
1155 1969 1270 2000 ἑαυτοὺς
1296 1968 1501 2004 διατιθέμενοι;
1523 1967 1653 2004 Ἐπείπερ
1673 1969 1698 1995 ot
1725 1969 1774 2004 μὲν
1793 1968 1865 1995 ἴσασι

1073 2014 1120 2041 τοῦ
1149 2014 1294 2050 μέλλοντός
1320 2023 1381 2041 τινα
1414 2014 1551 2041 ποιεῖσθαι
1573 2014 1713 2049 πρόνοιαν,
1739 2015 1819 2049 ἡμεῖς
1839 2014 1867 2041 δὲ

1074 2059 1107 2086 δι’
1127 2060 1225 2096 ἡδονῆς
1246 2060 1475 2096 βοσκηματώδους
1505 2059 1554 2095 τὴν
1576 2059 1648 2096 ζωὴν
1675 2060 1866 2096 ἀναλίσκομεν.

1080 2106 1167 2141 Ἰχθὺς
1178 2106 1288 2133 τοιαῦτα
1305 2106 1439 2142 διαμείσει
1455 2106 1560 2141 πελάγη
1576 2105 1646 2141 ὑπὲρ
1664 2105 1712 2132 τοῦ
1734 2105 1868 2141 εὕρασθαί

1074 2161 1134 2180 τινα
1147 2152 1292 2187 ὠφέλειαν.
1304 2152 1336 2178 Τί
1347 2153 1420 2188 ἐρεῖς
1435 2152 1467 2178 σὺ
1483 2153 1497 2178 ό
1512 2153 1544 2188 τῇ
1562 2152 1648 2188 ἀργίᾳ
1662 2151 1769 2184 συζῶν;
1783 2152 1867 2186 ἀργία

234 2203 363 2232 peragrat
374 2217 381 2230 ,
401 2202 431 2225 ιιι
447 2198 574 2227 nonnihil
592 2200 721 2228 utilitatis
736 2201 918 2229 nanciscatur
935 2211 942 2230 :
958 2203 1024 2238 quid

1078 2199 1132 2235 γὰρ
1153 2198 1324 2235 κακουργίας
1348 2200 1430 2235 ἀρχή.
1458 2199 1562 2234 Μηδεὶς
1587 2199 1698 2233 ἄγνοιαν
1729 2206 1868 2234 προφασι-

233 2247 263 2269 ιιι
278 2242 407 2272 dicturus
423 2251 469 2275 es.
486 2244 534 2280 qui
553 2244 640 2272 vitam
666 2245 724 2273 otio
747 2246 905 2282 transigis?
930 2247 1024 2276 Otium

234 2287 306 2315 enim
326 2287 420 2323 flagitii
438 2288 548 2316 initium
563 2294 617 2317 est.
636 2289 693 2318 Nec
711 2298 778 2319 vero
793 2296 838 2320 est
853 2294 930 2328 quod
947 2295 1025 2329 quis-

234 2341 318 2368 quam
335 2333 484 2361 amentiam
504 2337 646 2362 causetur.
663 2333 809 2364 Naturalis
829 2337 933 2373 quippe
953 2340 1025 2366 ratio

235 2379 316 2408 nobis
331 2379 416 2407 insita
431 2383 490 2413 est,
505 2387 566 2415 quae
581 2384 640 2408 tum
654 2381 883 2417 coniunctionem
897 2391 961 2411 cum
976 2384 1026 2412 bo-

234 2433 287 2460 no,
303 2429 362 2454 tum
379 2425 554 2454 eversionem
575 2425 610 2454 ab
630 2426 664 2455 iis
683 2435 744 2463 quae
763 2429 922 2463 perniciosa
940 2434 1024 2465 sunt,

233 2472 364 2499 ostendit.
389 2471 483 2499 Pisces
509 2471 562 2508 legi
587 2471 634 2500 Dei
661 2473 774 2501 minime
791 2475 978 2509 reluctantur,
993 2483 1026 2504 ac

234 2525 285 2545 nos
301 2516 428 2544 homines
441 2516 575 2544 salutaria
587 2517 753 2546 documenta
767 2526 824 2546 non
838 2519 1025 2549 sustinemus.

1079 2244 1176 2277 ζέσθω.
1190 2244 1306 2276 Φυσικδς
1324 2244 1404 2279 λόγος
1418 2244 1555 2271 οίκείωσιν
1569 2245 1635 2280 ἡμῖν
1646 2244 1694 2271 τοῦ
1710 2244 1806 2276 καλοῦ,
1820 2245 1868 2272 καὶ

1078 2290 1255 2327 ἀλλοτρίωσιν
1285 2290 1339 2318 ἀπὸ
1369 2290 1424 2318 τῶν
1455 2290 1595 2326 βλαϐερῶν
1631 2291 1792 2323 ὑποδεικνὺς
1820 2291 1868 2324 ἑγ-

1079 2335 1278 2371 κατέσπαρται.
1298 2335 1407 2371 Ἰχθύεςξ
1423 2335 1474 2362 οὐκ
1495 2335 1668 2369 ἀντιλέγουσι
1693 2335 1768 2371 νόμῳ
1788 2336 1867 2367 Θεοῦ,

1079 2382 1126 2410 καὶ
1146 2381 1284 2417 ἄνθρωποι
1303 2381 1455 2417 *σωτηρίων
1476 2381 1670 2416 διαταγμάτων
1689 2382 1740 2408 οὐκ
1770 2382 1869 2417 ἀνεχό-

1081 2427 1162 2464 μεθα.
1173 2427 1218 2462 Μὴ
1235 2427 1403 2462 καταφρόνει
1417 2426 1472 2454 τῶν
1488 2427 1598 2463 ίχϐύων,
1612 2427 1707 2463 ἐπειδὴ
1721 2427 1808 2461 ἄλογα
1823 2428 1871 2454 καὶ

1079 2475 1175 2510 ἄφωνα
1193 2473 1350 2505 παντελῶςο
1374 2472 1442 2500 ἀλλά
1461 2473 1509 2500 καὶ
1529 2473 1633 2500 τούτων
1649 2472 1818 2508 ἁλογώτερος
1834 2470 1870 2504 si,

1080 2521 1114 2556 τῇ
1128 2519 1248 2551 διατάξει
1258 2518 1305 2545 τοῦ
1320 2518 1472 2550 κτίσαντος
1483 2518 1690 2554 ἀνθιστάμενος.

232 2565 272 2593 Nc
288 2572 321 2593 eo
338 2565 450 2592 nomine
469 2564 559 2600 pisces
579 2570 743 2594 contemnas
755 2587 762 2599 ,
787 2566 863 2601 quod
885 2567 1019 2603 ratione,
1035 2567 1109 2602 quod
1127 2574 1195 2594 voce
1210 2568 1335 2593 careant.
1357 2564 1398 2592 Tu
1415 2564 1489 2593 enim
1518 2565 1561 2593 his
1585 2573 1695 2601 quoque
1719 2566 1868 2594 irrationa-

232 2612 364 2640 bilior'es
375 2630 382 2642 ,
401 2610 448 2646 qui
467 2608 609 2638 Creatoris
626 2611 716 2639 edicto
733 2611 898 2640 adverseris.

269 2657 388 2693 lmpium
416 2660 460 2684 cst
486 2657 611 2691 proﬁteri
639 2658 824 2693 impossibilia
852 2666 933 2694 esse,
963 2667 1026 2695 qua:

235 2702 358 2737 Spiritus
376 2703 513 2738 praecipit.

270 2747 300 2774 S.
321 2747 399 2783 ang.
420 2747 502 2783 Nyu.
518 2763 553 2770 —
566 2748 724 2777 Admistum
739 2753 846 2777 naturae
863 2749 966 2778 malum
983 2755 1027 2779 est

238 2799 287 2826 per
300 2800 348 2820 eos
360 2793 407 2828 qui
422 2795 456 2822 ab
473 2794 553 2822 initio
570 2795 668 2823 vitium
686 2795 877 2831 admiserunt,
892 2797 959 2826 dum
977 2805 1026 2833 per

241 2835 472 2871 ittohsequcutiam
493 2839 597 2868 aditum
615 2840 712 2870 morbo
729 2847 909 2877 aperuerunt.

1120 2658 1232 2688 ’Δσεὸὲς
1246 2657 1277 2684 τὸ
1290 2656 1379 2692 λέγειν
1391 2655 1510 2684 ἀδύνατα
1521 2655 1556 2683 τὰ
1571 2655 1618 2683 τοῦ
1628 2656 1789 2692 Πνεύματος
1801 2665 1872 2692 παρ-

1078 2706 1250 2742 αγγέλματα.

1120 2752 1317 2788 ’Δνακέκραται
1332 2750 1364 2778 τὸ
1383 2750 1469 2778 κακὸν
1497 2750 1566 2786 πρὸς
1584 2750 1634 2786 τὴν
1655 2752 1738 2785 φύσιν
1753 2750 1800 2778 δια
1815 2750 1871 2777 τῶν

1079 2799 1110 2832 ἐξ
1120 2798 1209 2834 ἀρχῆς
1221 2796 1454 2833 παραδεξαμένων
1466 2796 1497 2822 τὸ
1506 2795 1603 2828 πάθος,
1613 2795 1668 2824 τῶν
1680 2796 1725 2823 διὰ
1735 2796 1785 2832 τῆς
1801 2803 1872 2830 παρη

1080 2843 1164 2879 ακοῆς
1177 2842 1400 2878 εἰσοικισαμένων
1420 2842 1468 2878 τὴν
1480 2842 1566 2869 νόσον.
