2056 3113
341 121 355 141 τ

165 163 234 196 1425

797 165 918 196 SACRA
939 165 1171 198 PARALLELA-

1732 169 1799 202 1426

197 226 276 253 Πᾶσα
287 225 304 260 ή
314 225 403 257 κτίσις
408 223 447 261 τῷ
456 224 652 261 προστάγματι
658 224 706 252 ’τοῦ
716 224 786 251 Θεοῦ
798 224 943 260 πειθαρχεῖ
952 232 959 239 ·

1050 224 1105 253 Res
1122 231 1220 252 omnes
1237 224 1356 253 condita:
1371 225 1420 254 Dci
1435 233 1572 263 prmcepto
1588 232 1684 263 parent
1698 238 1705 256 :
1722 230 1799 258 solus

161 273 176 299 ὸ
191 272 220 300 δὲ
232 272 377 309 ἄνθρωπος
400 272 481 308 μόνος
497 271 618 305 ἀπειθεῖ,
634 271 668 298 δι’
681 273 714 300 ὃν
735 271 783 298 καὶ
801 271 897 306 γέγονε
920 271 956 298 τὰ

163 318 262 345 πάντα.

196 364 257 391 Τῶν
273 363 319 391 τὸν
333 364 441 399 πατέρα
457 363 495 399 μὴ
511 362 690 399 μιμουμένων
707 362 722 389 ὁ
735 362 828 398 πατὴρ
847 362 955 395 πατέρα

164 409 319 436 καλούντων
329 404 577 437 οὐκίὲπακούεται.
591 408 670 436 Μετὰ
683 408 719 436 τὰ
732 408 787 435 τῶν
799 407 956 444 γνωρισμά-

164 463 218 482 των
244 456 292 483 οὖν
319 455 453 491 πρόσελθε
483 455 522 491 τῷ
553 455 689 491 Δεσπότῃ,
717 454 766 481 καὶ
796 454 835 487 ὡς
859 454 956 482 τέκνον

161 502 317 530 ἀσπάσεται
333 511 374 529 σε.

199 549 262 580 Τοῖς
291 549 341 584 μὲν
366 548 435 576 Θεοῦ
459 547 557 584 γνώμῃ
571 547 830 580 κατακολουθοῦσιν,
853 547 901 577 καὶ
920 548 954 586 τέ

164 593 255 625 καλῶς
286 593 505 629 νομοθετηθέντα
538 592 577 629 μὴ
608 592 729 627 τολμῶσι
762 592 955 628 παραὸαίνειν,

164 639 254 667 πάντα
274 638 473 674 κατορθοῦνται
498 638 576 673 παρὰ
599 637 727 670 πίστεως,
744 637 792 664 καὶ
806 637 892 673 γέρας
910 638 956 664 εὑ-

163 685 307 721 δαιμονίας
331 686 477 721 πρόκειται
493 684 571 720 παρὰ
590 684 669 711 Θεοῦ.
693 683 763 711 Καθ’
787 684 849 711 ὅσον
866 684 895 711 δὲ
921 683 956 712 αὖ

164 731 305 758 ἀποστῶσι
327 731 377 767 τῆς
397 731 500 760 τούτων
513 733 645 769 ἀκριϐοῦς
668 733 837 769 ἐπιμελείας,
864 733 957 769 ἄπορα

167 777 216 809 μεν
236 777 340 811 γίνεται
355 777 389 804 τὰ
402 778 520 814 πόριμα,
544 779 676 815 τρέπεται
695 779 723 806 δὲ
748 780 789 811 εἰς
812 779 957 815 συμφορὰς

166 823 335 858 ἀνηκέστους
361 822 376 850 ὃ
391 831 417 850 τι
434 823 495 850 ποτ’
520 823 554 851 ἂν
581 824 619 857 ὡς
635 824 737 859 ἀγαθδν
756 824 825 860 δρᾷν
838 823 956 852 σπουδάο

165 875 249 893 σωσιν
254 887 262 895 θ

165 923 256 962 TiTA_.
268 922 314 962 _I".
329 939 363 962 έ-
376 925 455 962 περι
472 925 665 962 εὐδαιμονίας
685 927 734 954 καὶ
746 927 956 962 μακαρισμοῦ“
972 906 993 934 Β

199 958 248 985 καὶ
262 958 308 986 ὅτι
320 960 357 987 οὐ
370 960 417 987 δεῖ
424 958 487 995 ίπρὸ
501 958 645 995 τελευτῆς
652 958 920 997 λιακαριζειφίτιᾶά.

205 1013 214 1029 ι
227 1003 289 1038 Πρὸ,
300 1004 428 1041 τελευτῆς
451 1005 488 1042 μὴ
506 1006 643 1043 μακάριζε
665 1008 781 1043 μηδένα.
805 1008 851 1043 Μὴ
868 1016 958 1044 μακα-

166 1049 245 1085 pitu;
259 1050 344 1086 ἄνδρα
353 1051 407 1087 πρὸ
417 1051 467 1087 τῆς
477 1052 609 1088 τελευτῆς
618 1052 712 1080 αὐτοῦ.
732 1063 742 1080 ι

208 1142 237 1169 '0
260 1143 311 1177 μὲν
336 1143 367 1170 ἐν
388 1143 428 1180 τῷ
452 1144 502 1180 βίῳ
522 1146 676 1182 τυγχάνων,
697 1146 774 1174 οὔπω
790 1148 959 1184 μακαριστὸς

165 1188 209 1214 διὰ
221 1188 251 1214 τὸ
265 1189 364 1225 ἄδηλον
375 1189 427 1225 τῆς
444 1191 596 1225 ἐκϐάσεως.
614 1193 644 1220 '0
658 1194 686 1221 δὲ
704 1194 911 1230 συμπληρώσας
923 1195 959 1223 τὰ

166 1234 356 1268 ἐπιϐάλλοντα,
384 1236 431 1264 καὶ
453 1237 643 1274 ἀναντιῤῥήτῳ
664 1239 735 1266 τέλει
751 1240 801 1276 τὴν
818 1240 891 1276 ζωὴν
906 1249 957 1268 κα-

165 1279 323 1314 τακλείσας,
340 1277 418 1314 οὗτος
427 1282 477 1319 ήδη
492 1283 622 1318 ἀσφαλῶς
640 1285 831 1320 μακαρίζεται.

165 1369 358 1410 {inmergere
367 1371 456 1410 εἴπῃς
467 1372 679 1410 εὐπλοῶνγπρὸ
691 1375 867 1410 πείσματος.

165 1406 297 1446 £04401}-
304 1406 379 1440 πρὸς
390 1406 484 1446 ὅρμοις
491 1406 648 1446 εὐπλσοῦθὲ
661 1410 714 1437 ἐδυ
730 1406 859 1446 σθὶάφοξ,

165 1440 278 1468 Πολλοὶ
289 1440 567 1477 προσωρμίσθησαν
580 1444 614 1472 ὲκ
629 1440 797 1480 τρικυμίας-ξ

333 1532 423 1562 ΤΙΤΛ.
438 1535 477 1562 A'.
487 1549 523 1555 --
534 1536 604 1570 Περὶ
624 1536 786 1564 ἐνυπνίων.

1010 269 1095 296 homo
1112 269 1193 304 cujus
1209 277 1297 298 causa
1311 274 1412 299 cuncta
1428 271 1502 299 facta
1519 276 1601 304 sunt.
1617 281 1648 302 se
1665 274 1800 302 refracta-

1008 314 1080 342 rium
1098 316 1213 350 praebet.

1047 360 1077 388 S.
1095 360 1234 396 Chrysost.
1248 361 1345 395 —Qu|
1363 366 1468 397 patrem
1491 370 1546 390 non
1559 362 1726 397 imitantur,
1751 373 1798 392 eos

1011 407 1057 435 ille
1074 415 1138 435 cum
1156 411 1266 443 patrem
1283 412 1400 440 vocant,
1416 408 1530 436 minime
1554 409 1676 438 exaudit.
1704 409 1799 445 imque

1018 452 1106 480 certis
1121 460 1185 480 cum
1205 453 1279 481 nolis
1294 453 1328 481 ad
1353 452 1502 481 Dominum
1521 454 1637 488 accede,
1663 459 1745 490 teque
1769 460 1799 483 ut

1009 496 1094 525 ﬁlium
1115 498 1327 534 amplexabitur.

1043 542 1165 579 Iosephi.
1187 558 1223 564 —
1244 543 1296 577 Qui
1316 543 1363 572 Dei
1380 544 1549 572 voluntatem
1566 549 1732 581 sequuntur,
1748 553 1799 574 nec

1009 596 1041 617 ea
1057 597 1120 625 qua
1134 590 1266 625 praeclare
1282 590 1389 618 sancita
1403 595 1486 625 sunt,
1501 591 1606 619 violare
1621 592 1742 624 audent,
1758 592 1800 619 liis

1011 634 1105 662 omnia
1134 642 1168 663 ex
1197 635 1338 664 sententia
1363 636 1535 669 succedunt,
1562 644 1594 664 ac
1621 638 1801 666 beatitudinis

1010 681 1156 717 praemium
1170 688 1186 708 a
1199 681 1255 710 Deo
1270 682 1448 718 proponitur.
1462 678 1603 715 Quantum
1619 687 1710 712 autem
1728 691 1743 710 a
1758 683 1801 711 di-

1010 726 1106 762 ligenti
1126 734 1224 754 eorum
1242 733 1309 754 cura
1324 734 1355 755 se
1371 731 1533 760 removent.
1560 731 1667 755 tantum
1691 735 1800 763 quoque

1009 773 1053 800 eis
1071 772 1196 800 diﬁicilia
1215 772 1304 806 ﬁunt,
1332 780 1393 808 qua
1416 773 1495 808 prius
1519 772 1614 801 facilia
1642 778 1738 807 erant,
1766 781 1800 802 ac

1009 819 1145 855 quidquid
1159 820 1222 848 boni
1238 820 1329 849 facere
1343 821 1474 854 student,
1489 821 1516 849 in
1529 821 1655 849 exitiales
1669 821 1738 856 ipsis
1753 828 1801 849 ca-

1010 866 1150 895 lamitates
1164 867 1293 896 vertitur.
1513 876 1515 878 ·

1010 923 1078 951 TlT.
1097 922 1142 951 Ill.
1157 939 1191 944 —
1210 923 1247 951 De
1268 923 1394 958 felicitate
1409 933 1419 952 :
1435 928 1460 952 et
1474 924 1544 958 quod
1560 932 1634 952 nemo
1650 929 1712 953 ante
1726 933 1800 953 mor-

1207 963 1258 986 tem
1276 959 1367 987 beatus
1387 960 1486 987 censeri
1501 960 1605 988 debeat.

1045 1005 1130 1033 Eccli.
1150 1014 1177 1033 xi
1188 1026 1196 1038 ,
1217 1006 1262 1033 50.
1278 1021 1313 1026 —
1330 1015 1340 1031 ι
1355 1005 1427 1033 Ante
1442 1009 1558 1034 mortem
1575 1014 1610 1034 ne
1627 1006 1737 1034 beatum
1758 1006 1800 1034 di-

1009 1052 1084 1081 xeris
1096 1059 1276 1088 quemquam.
1287 1051 1327 1080 Ne
1337 1052 1447 1080 beatum
1459 1052 1549 1080 virum
1561 1052 1638 1080 dicas
1650 1056 1713 1080 ante
1726 1059 1801 1080 mor-

1008 1101 1064 1126 tem
1078 1097 1177 1133 ipsius.
1193 1107 1203 1124 ι

1045 1142 1074 1171 S.
1096 1143 1205 1170 Basilii.
1220 1158 1256 1164 -—
1269 1142 1321 1177 Qui
1345 1143 1373 1171 in
1396 1142 1466 1171 vivis
1481 1147 1618 1177 versatur,
1636 1143 1662 1171 is
1677 1142 1800 1171 nondum

1009 1186 1108 1215 beatus
1124 1188 1319 1223 praedicandus
1336 1193 1399 1221 est,
1416 1188 1483 1223 quia
1501 1188 1564 1224 quis
1582 1188 1672 1216 exitus
1687 1188 1747 1223 ejus
1763 1188 1799 1216 sit

1009 1233 1139 1266 iuturus,
1165 1241 1221 1262 non
1246 1238 1291 1262 est
1317 1234 1505 1270 exploratum.
1533 1233 1587 1267 Qui
1607 1241 1672 1261 vero
1686 1241 1801 1262 munere

1008 1286 1061 1306 suo
1077 1278 1159 1314 plene
1173 1278 1338 1315 perfunctus
1354 1285 1416 1314 est,
1431 1283 1458 1308 et
1483 1280 1722 1316 irreprehenslbili
1747 1280 1801 1309 ﬁne

1008 1324 1094 1351 vitam
1109 1325 1229 1357 clausit,
1246 1325 1294 1353 ille
1309 1324 1421 1353 demum
1438 1329 1498 1353 tuto
1513 1325 1611 1353 beatus
1626 1325 1739 1353 dicitur.

1099 1369 1140 1397 Ne
1154 1375 1177 1397 te
1192 1375 1254 1397 ante
1268 1370 1354 1405 jactu
1366 1389 1374 1403 ,
1389 1378 1470 1405 quam
1485 1370 1575 1405 funem
1594 1370 1729 1405 ligat-eris.

1099 1405 1205 1440 Periere
1221 1405 1299 1432 multi
1313 1405 1372 1439 jam
1388 1405 1529 1440 propinqui
1546 1405 1630 1432 littori
1642 1414 1661 1433 :-

1099 1439 1209 1468 Subiere
1225 1445 1332 1475 portum
1349 1439 1452 1468 turbine
1469 1441 1521 1466 acti
1530 1440 1657 1475 plurimi.

1450 1447 1521 1466 'acu
1555 1447 1657 1467 iurmu.

1450 1474 1504 1511 (S.
1521 1447 1598 1510 (frey.
1618 1480 1678 1503 tetr.
1696 1474 1764 1510 27.)

1206 1531 1275 1559 Tl'l‘.
1296 1532 1341 1560 ιν.
1354 1547 1388 1552 —-
1405 1532 1442 1559 De
1461 1532 1610 1559 insomniis.

204 1596 214 1613 ι
240 1587 371 1616 Ἐνύπνια
393 1589 595 1626 ἀναπτεροῦσιν
616 1592 747 1628 ἄφρονας.
777 1594 824 1629 Ὧς
840 1595 855 1622 ὁ
873 1595 957 1630 δρασ-

1048 1587 1132 1616 Eccli.
1149 1590 1273 1621 xxxivd
1286 1607 1294 1620 ,
1308 1589 1336 1615 2.
1348 1603 1384 1608 —-
1397 1597 1407 1615 ι
1422 1588 1536 1616 Somnia
1549 1589 1685 1618 extollunt
1697 1588 1802 1625 impru-

167 1633 280 1668 σὸμενος
297 1635 376 1666 σκιᾶς
398 1635 445 1662 καὶ
460 1636 565 1664 διώκων
584 1638 713 1673 ἀνέμους,
738 1639 825 1672 οὕτως
845 1641 860 1667 ὀ
873 1649 958 1677 προσ-

166 1678 236 1712 έχων
262 1679 417 1712 ὲνυπνῐοις,
439 1681 488 1708 καὶ
510 1681 547 1714 ὡς
574 1682 708 1710 ὠδίνουσα
734 1685 902 1719 φαντάζεται
922 1688 956 1722 τῇ

166 1724 276 1760 καρδίᾳ.
297 1726 360 1753 Ἐὰν
384 1726 422 1762 μὴ
446 1727 524 1763 παρά
543 1727 673 1764 Ὑψίστου
690 1731 830 1768 ἀποσταλῇ
847 1733 875 1760 ὲν
898 1733 958 1759 ἑπι-

167 1772 266 1806 σκοπῇ,
283 1771 322 1807 μὴ
336 1772 433 1806 δώσεις
455 1774 494 1806 εις
521 1774 592 1802 αὐτὰ
616 1776 731 1811 καρδίαν
756 1785 815 1805 σου.
839 1778 958 1812 Πολλοὺς

166 1815 222 1851 γὰρ
234 1816 390 1854 ὲπλάνησαν
403 1819 437 1847 τὰ
453 1820 578 1854 ἐνύπνια,
603 1822 654 1850 καῖ
671 1823 826 1860 ὴσθένησαν
838 1826 863 1852 el
881 1825 957 1852 ἐλπί-

167 1862 261 1895 ζοντες
273 1863 314 1896 εις
325 1864 403 1893 αὑτά.
417 1866 550 1894 Mati/tatur.
565 1867 613 1896 καί
622 1870 774 1905 οἰωνισμοὶ,
785 1871 832 1897 καὶ
843 1871 957 1899 ἐνύπνια

168 1907 291 1949 ἆμαρτία
304 1914 374 1942 ἐστι.
390 1920 402 1941 ι

203 1989 346 2039 Πεφύκασί
361 2014 420 2038 πως
440 2007 468 2032 αἰ
496 2005 556 2033 καθ’
580 2006 664 2034 ὕπνον
684 2010 844 2042 φαντασίαι,
867 2009 906 2041 ὡς
924 2010 959 2037 τὰ
983 2011 986 2013 λ

169 2050 255 2077 πολλὰ
270 2051 450 2087 ἀποιχήματα
461 2049 531 2080 εἶναι
554 2052 610 2079 τῶν
633 2053 828 2090 καθημερινῶν
851 2056 959 2091 φροντί-

169 2096 232 2123 δων.
252 2097 348 2124 ὐποϊα
367 2097 421 2134 γὰρ
441 2096 458 2134 ᾗ
478 2098 514 2125 τὰ
538 2099 609 2126 κατὰ
632 2099 678 2127 τὸν
695 2099 753 2135 βίον
767 2101 847 2135 ἡμῶν
861 2101 958 2138 ἐπιτη-

168 2141 302 2178 δεύματα,
315 2143 429 2171 τοιαῦτα
441 2144 549 2180 ἀνάγκη
563 2142 634 2172 εἷναι
650 2145 697 2173 καὶ
716 2145 750 2173 τὰ
766 2146 890 2175 ἐνύπνια.

1009 1635 1134 1663 dentem.
1149 1634 1235 1667 Quasi
1251 1634 1299 1670 qui
1316 1634 1502 1670 apprehendit
1517 1634 1633 1663 umbras
1643 1654 1650 1667 ,
1666 1638 1695 1662 et
1709 1642 1802 1670 persc-

1011 1681 1107 1716 quitur
1137 1684 1254 1713 ventos,
1284 1680 1326 1708 sic
1353 1680 1402 1715 qui
1431 1679 1549 1708 attendit
1578 1680 1747 1715 insomniis;
1774 1685 1803 1708 et

1011 1725 1245 1762 quemadmodum
1267 1726 1449 1762 parturientis
1469 1734 1520 1754 cor
1543 1727 1707 1763 phantasms
1731 1733 1802 1763 pati-

1012 1777 1068 1800 tur.
1087 1771 1146 1800 Nisi
1160 1773 1196 1800 ab
1209 1772 1356 1801 Altissimo
1369 1772 1476 1801 fuerint
1491 1773 1576 1802 missa
1590 1774 1618 1801 in
1633 1774 1801 1808 visitatione,

1011 1826 1047 1846 ne
1061 1818 1096 1846 ad
1110 1818 1159 1846 illa
1175 1818 1314 1854 adieceris
1331 1825 1380 1846 cor
1397 1819 1480 1855 459
1497 1823 1585 1847 tuum.
1601 1820 1701 1849 Multos
1726 1822 1800 1849 enim

1011 1872 1107 1894 errare
1123 1865 1251 1894 fecerunt
1263 1866 1402 1894 insomnia
1412 1886 1420 1899 ,
1435 1870 1463 1894 et
1478 1867 1641 1894 exciderunt
1657 1873 1802 1903 sperantes

1013 1911 1040 1938 in
1055 1918 1099 1939 ea.
1113 1911 1322 1945 Divinationes,
1337 1916 1364 1940 et
1377 1912 1492 1948 auguria
1505 1932 1512 1946 ,
1527 1916 1557 1941 et
1571 1913 1707 1942 insomnia
1718 1934 1726 1948 ,
1739 1922 1803 1949 pec-

1011 1949 1103 1986 catum
1113 1959 1195 1986 ~sunt.
1213 1967 1224 1984 ι

1047 2003 1078 2030 S.
1091 2003 1176 2030 Basil.
1190 2004 1218 2030 in
1238 2003 1268 2031 S.
1291 2004 1418 2032 Julit.--
1433 2005 1530 2032 Solent
1552 2005 1713 2041 plerumque
1738 2014 1800 2040 spc-

1011 2049 1070 2077 eies
1097 2049 1150 2077 illa!
1181 2050 1330 2085 quaeinter
1344 2051 1536 2079 dormiendum
1567 2052 1666 2079 animis
1696 2054 1802 2081 nostris

1013 2096 1208 2131 obversantur,
1230 2097 1392 2126 ilium-arum
1425 2105 1554 2126 curarum
1573 2099 1698 2134 reliquiae
1729 2107 1801 2128 esse.

1012 2142 1080 2170 Nam
1092 2143 1186 2179 qualia
1202 2144 1265 2172 vitae
1286 2148 1389 2172 nostra:
1412 2145 1503 2173 studia
1523 2145 1637 2180 iuerint,
1652 2146 1717 2173 talia
1734 2154 1803 2181 quo-

1012 2197 1067 2225 que
1083 2197 1145 2218 esse
1155 2191 1264 2218 somnia
1284 2192 1472 2220 necessarium
1486 2197 1539 2220 est.

170 2246 261 2285 Tl’l‘A.
277 2247 313 2274 E’.
328 2248 446 2285 ς-ΔΠερὶ
462 2248 602 2285 ἐξλπίιῖοςξ
621 2249 677 2285 ὅτι,
686 2250 742 2284 χρὴ
759 2251 803 2283 εις
825 2251 900 2278 Θεὸν
912 2251 960 2278 ἐλ-

1013 2246 1083 2275 ΤΙΤ.
1117 2246 1149 2275 ν.
1165 2263 1199 2267 —
1215 2248 1253 2276 De
1268 2257 1312 2284 spe
1328 2257 1339 2276 :
1362 2249 1431 2285 quod
1457 2249 1615 2277 collocanda
1630 2251 1657 2278 in
1675 2251 1729 2279 Deo
1755 2252 1800 2283 sit.

170 2280 275 2314 πίζὲιν,
286 2282 385 2317 καὶμὴ
397 2280 440 2316 εἷς
449 2284 502 2316 τὰς
516 2280 750 2318 terererme
761 2280 959 2320 προστασίας.

208 2334 217 2351 ι
240 2324 270 2353 '0
286 2326 423 2360 πεποιθὼς
436 2328 483 2355 ἐπὶ
494 2328 608 2364 Κύριον,
626 2328 789 2365 σωθήσεται.
807 2340 817 2355 ι

209 2427 218 2444 ι
236 2418 474 2454 Εὐφρανθήτωσαν
491 2419 591 2451 πάντες
606 2420 631 2447 οἱ
651 2420 809 2454 ἐλπίζοντες
835 2423 880 2449 ἐπὶ
907 2424 960 2455 σοὶ,

171 2464 211 2496 εις
220 2464 317 2496 αἰῶνα,
336 2473 346 2491 ι
363 2464 411 2492 καὶ
426 2464 461 2494 τὰ
474 2464 565 2493 λοιπά.

210 2529 220 2545 ι
241 2521 467 2557 ’Υπερασπιστὴς
483 2522 531 2548 ἐπὶ
546 2521 656 2550 πάντων
670 2523 724 2550 τῶν
737 2523 903 2557 ἐλπιζόντων
918 2525 962 2554 ἐπ’

172 2567 263 2594 αὐτόν.
285 2576 294 2594 ι

210 2633 220 2649 ι
239 2619 319 2651 Οὗτοι
333 2624 362 2651 ἐν
379 2624 496 2660 ἅρμασι,
509 2625 557 2651 καὶ
572 2622 644 2652 οὗτοι
665 2626 693 2653 ἐν
711 2625 818 2658 ἵπποις’
839 2628 920 2663 ἡμεῖς
934 2628 962 2655 δὲ

172 2670 201 2696 ὲν
211 2668 334 2705 ὀνόματι,
355 2679 364 2696 ι
382 2671 429 2697 καὶ
444 2670 479 2697 τὰ
491 2671 582 2699 λοιπά.

208 2736 220 2753 ι
247 2728 309 2754 Ἐπὶ
333 2728 374 2754 σοὶ
397 2728 517 2764 ἤλπισαν
538 2730 562 2756 οι
583 2729 701 2765 πατέρες
723 2731 812 2766 ἡμῶν,
831 2731 960 2767 ἧλπισαν,

172 2773 220 2800 καὶ
235 2773 352 2810 ἐῤῥύσω.
375 2783 384 2800 ι

206 2839 223 2856 ,ι
239 2831 271 2857 Ol
284 2830 422 2867 ὀφθαλμοί
436 2841 487 2868 μου
511 2833 555 2860 διὰ
578 2833 680 2866 παντὸς
696 2815 765 2869 πῼδς
786 2835 832 2862 τὸν
848 2835 957 2871 Κύριον,

170 2877 217 2916 ’ἰτι
231 2877 323 2913 αὐτὸς,
343 2888 350 2904 ι
367 2879 413 2906 καὶ
427 2879 460 2906 τὰ
474 2878 565 2907 λοιπά,

1213 2293 1264 2312 non
1280 2286 1307 2312 in
1322 2284 1447 2312 humanis
1463 2285 1608 2320 prwaidiis.

1045 2332 1096 2360 Job
1117 2331 1182 2366 κυῐ,
1202 2332 1228 2360 8.
1245 2347 1279 2352 —
1300 2342 1308 2358 I
1325 2332 1377 2364 Qui
1403 2331 1516 2359 conﬁdit
1535 2332 1562 2359 in
1594 2331 1710 2360 Domino
1749 2333 1801 2360 sal-

1011 2386 1062 2407 vus
1079 2380 1142 2407 erit."
1159 2387 1168 2404 ι

1062 2425 1139 2454 Psal.
1160 2433 1186 2458 ν,
1204 2425 1248 2453 ιε.
1264 2440 1297 2445 —
1314 2435 1323 2451 ι
1337 2425 1476 2453 Lmtentur
1501 2433 1597 2453 omnes
1626 2426 1672 2460 qui
1690 2429 1802 2460 sperant

1012 2471 1039 2498 in
1056 2475 1092 2504 te,
1107 2471 1135 2498 in
1152 2476 1294 2503 aeternum,
1316 2481 1325 2497 ι
1344 2476 1399 2498 etc.

1052 2526 1129 2554 Paul.
1150 2533 1218 2559 xvii,
1235 2527 1281 2554 5i.
1294 2542 1328 2546 ——
1349 2537 1357 2552 ι
1375 2527 1521 2554 Protector
1535 2532 1577 2555 est
1596 2528 1719 2554 omnium
1740 2534 1802 2562 spe-

1012 2573 1133 2600 rantium
1148 2572 1175 2600 in
1190 2580 1230 2600 se.
1247 2582 1256 2599 ι

1051 2628 1127 2656 Psat.
1146 2637 1203 2661 xtx,
1223 2629 1250 2656 5.
1264 2644 1298 2649 ——
1317 2639 1325 2655 ι
1347 2629 1380 2656 1ιί
1396 2629 1423 2656 in
1437 2628 1576 2662 curri‘rus,
1587 2636 1614 2657 et
1629 2629 1655 2656 lii
1666 2631 1693 2657 in
1702 2630 1801 2665 cquis;

1015 2682 1066 2702 nos
1080 2681 1170 2703 autem
1188 2676 1214 2702 in
1231 2676 1351 2709 nomine,
1372 2685 1381 2701 ι
1396 2680 1449 2703 etc.

1049 2731 1124 2759 Psal.
1142 2740 1200 2763 ur.
1218 2733 1244 2760 5.
1261 2748 1296 2753 —
1316 2743 1324 2759 (
1342 2732 1372 2760 lu
1399 2738 1424 2760 te
1443 2738 1623 2767 speraverunt
1647 2738 1738 2769 patres
1751 2742 1802 2761 no-

1014 2779 1076 2812 stri,
1091 2784 1270 2814 speraverant
1299 2783 1326 2807 et
1343 2780 1465 2808 liberastl
1482 2788 1540 2808 eos.
1562 2789 1571 2805 ›

1056 2836 1132 2864 Psal.
1153 2845 1226 2870 xxtv,
1244 2838 1288 2867 15.
1302 2853 1336 2857 -
1350 2847 1359 2864 ι
1374 2838 1453 2866 Oculi
1471 2837 1650 2875 mei‘semper
1663 2838 1801 2875 adnomi-

1016 2884 1232 2920 nuni,quoniam
1249 2884 1316 2919 ipse,
1333 2894 1342 2910 ι
1360 2888 1413 2913 etc.

1626 2967 1657 2978 ιη
