2056 3113
256 127 326 160 1427
845 127 875 157 S.
889 126 1055 158 JOANNIS

1070 126 1289 157 DAMASCENI
1825 122 1895 153 1428

292 183 376 211 I’sul.‘
394 190 472 216 um.
491 183 516 210 l.
535 197 566 203 -—-
584 191 593 207 ι
618 181 647 209 In
669 181 786 210 Domino
802 190 917 218 sperans
933 182 1041 211 nonin-

1134 191 1144 208 ι
1167 182 1233 209 Ἐπὶ
1247 181 1287 218 τῷ
1301 181 1397 217 Κυρίῳ
1415 180 1533 214 ἐλπίζων
1546 180 1575 207 ού
1589 179 1627 216 μὴ
1638 179 1791 214 ἀσθενῆσαι.
1809 189 1820 206 r

256 230 272 257 ﬁ
277 230 397 258 rmabor.
410 239 418 256 ι

289 275 367 302 Ρειιί.
399 283 485 307 nm,
509 291 526 303 ι.

253 324 279 347 et
293 320 406 355 adjutus
416 327 488 347 sum.
509 329 520 345 )

290 365 366 393 Prol.
382 373 449 398 ux,
466 365 492 392 l.
508 379 543 386 -
557 374 566 391 (
586 364 615 392 in
639 369 677 396 te,
698 364 824 397 Domine,
847 364 966 399 speravi,
992 371 1048 391 non

250 411 407 439 confundor
422 413 450 440 in
465 415 625 439 aeternum.»

314 459 368 485 sat.
386 466 463 490 xui,
481 457 521 484 [0.
538 472 575 477 -—
587 463 602 483 Ἰ
628 457 792 492 Sperantem
807 455 835 483 in
854 455 972 483 Domino
998 455 1050 482 mi-

254 503 405 530 sericordia
419 502 613 531 circumdabit.
632 512 642 529 ι

291 547 369 576 Ρεαί.
389 556 485 583 xxxvi,
501 549 529 581 5,
542 549 570 576 ὃ.
587 562 622 568 -—
638 557 647 574 ι
660 547 747 583 Spera
777 547 805 575 in
823 547 951 578 Domino,
964 550 994 574 et
1008 546 1050 574 fac

256 594 408 623 bonitatem
434 599 461 623 et
471 594 597 623 inhabita
606 598 720 622 terram.
733 593 834 622 Revela
848 593 966 621 Domino
977 593 1049 620 viam

258 645 340 668 tuam.
363 650 372 666 D

291 687 368 714 Paul.
388 695 482 720 usus,
502 687 528 715 5.
541 701 576 712 τ-
593 697 603 713 ι
620 687 722 715 Beatus
739 686 782 714 vir
799 686 881 722 cujus
896 690 1048 714 estnomen

256 734 365 763 Domini
381 741 445 769 spes
460 734 531 768 ejus.
547 743 556 759 ι

291 780 369 808 Ρεηί.
384 787 438 812 LIV,
463 779 510 807 ‘23.
525 794 560 800 —
576 789 585 804 ι
599 778 677 807 Jacta
699 786 782 814 super
795 778 941 807 Dominum
954 786 1050 806 curam

255 831 342 859 tuam,
357 831 385 854 ct
401 834 461 861 ipse
479 830 506 854 te
518 826 648 853 enutriet.
668 836 678 851 ι

543 287 579 295 —-
596 284 605 300 ι
617 273 647 301 in
664 273 725 310 ipso
743 274 865 310 speravit
880 282 929 303 cor
943 282 1046 308 meum,

255 887 259 891 ι
291 873 369 901 Psal.
385 881 443 905 LVI,
465 873 491 900 l.
504 887 540 892 -—
562 883 570 898 ι
586 872 716 901 Miserere
730 873 795 906 mei,
810 872 894 904 Deus.
914 874 1046 901 miserere
1063 858 1083 885 Β

253 918 325 951 mei;
345 918 478 953 quoniam
494 918 521 945 in
537 921 564 945 te
575 917 686 945 conﬁdit
701 917 794 944 anima
810 925 880 945 mea.
896 926 905 943 ι

288 964 363 992 Ρσαί.
383 972 426 998 ιν,
444 964 487 992 ll.
505 979 540 985 -ρ
561 973 571 989 ι
589 963 617 991 ιιι
633 963 688 992 Deo
713 963 839 999 speravi;
870 971 925 991 non
944 963 1045 991 timebo

252 1011 316 1047 quid
327 1011 411 1039 faciet
423 1011 489 1038 mihi
497 1011 586 1039 homo.
594 1020 603 1036 ι

285 1057 362 1086 Prol.
381 1065 484 1090 Lxxvn,
496 1057 540 1085 55.
554 1072 568 1077 -
580 1071 590 1076 -

252 1105 414 1132 timuerunt.
439 1113 449 1130 ι

285 1149 362 1178 Ριαι.
379 1157 466 1181 cxvn,
479 1149 505 1177 8.
522 1164 558 1169 —
575 1158 585 1175 ι
602 1149 711 1176 Bonum
727 1152 770 1177 est
791 1148 931 1176 conﬁdere
949 1148 975 1176 in
990 1147 1044 1176 Do-

249 1197 335 1228 mino,
347 1203 429 1232 quam
443 1195 583 1224 conﬁdere
595 1195 623 1222 in
641 1194 762 1222 homine.
781 1204 791 1220 r

283 1243 360 1271 Psal.
386 1250 479 1276 cxxlv,
494 1243 520 1270 l.
537 1256 572 1262 —
587 1251 596 1268 ι
620 1241 674 1275 Qui
705 1241 849 1270 conﬁdunt
873 1242 901 1269 in
928 1240 1045 1269 Domino

248 1290 320 1317 sicut
333 1296 412 1316 mons
423 1289 502 1319 Sion.
518 1297 528 1314 I
544 1292 599 1315 etc.

287 1334 365 1362 Psal.
386 1341 466 1368 cnv,
481 1334 540 1361 2-4.
556 1349 592 1355 -—
613 1342 623 1359 ι
640 1333 731 1361 Nolite
742 1332 881 1360 conﬁdere
895 1332 923 1359 in
940 1332 1044 1368 princi-

247 1380 340 1415 pibus,
356 1379 383 1406 in
403 1378 468 1406 ﬁliis
485 1378 637 1407 hominum.
654 1378 684 1406 in
695 1378 741 1406 illa
760 1379 805 1406 die
834 1379 963 1414 peribunt
985 1385 1044 1406 om-

250 1433 302 1454 nes
317 1425 502 1462 cogitationes
515 1431 623 1452 eorum.
639 1433 648 1450 ι

611 1065 620 1083 ι
636 1056 754 1085 Deduxit
774 1064 822 1085 eos
837 1056 866 1084 in
880 1064 938 1092 spe,
952 1060 977 1084 et
990 1063 1044 1084 non

283 1470 365 1499 Prov.
379 1478 418 1502 ιιι,
452 1470 527 1498 5.-
541 1479 550 1495 ι
570 1470 636 1497 Esto
659 1469 801 1498 conlidens
819 1469 846 1497 in
868 1468 985 1496 Domino
1014 1468 1042 1496 in

249 1521 309 1545 toto
324 1517 410 1545 corde
429 1521 487 1544 tuo.
506 1525 516 1542 ι

283 1563 365 1592 Prov.
382 1570 481 1595 uvni,
499 1561 545 1589 25.
565 1576 599 1582 —
615 1571 625 1587 ι
642 1561 695 1594 Qui
713 1560 829 1589 conﬁdit
854 1561 881 1588 in
910 1560 1039 1592 Domino,

249 1611 276 1638 in
298 1617 366 1637 cura
380 1609 467 1644 ipsius
481 1608 544 1635 erit.
565 1617 574 1633 ι

282 1656 360 1682 Prov.
374 1662 430 1686 ιιι,
441 1653 488 1681 20.
501 1668 537 1674 —
550 1662 559 1679 ‹
571 1652 623 1686 Qui
638 1651 752 1680 conlidit
761 1651 788 1680 in
801 1651 928 1684 Domino,
943 1650 1039 1678 beatus

249 1700 383 1730 dicendus
400 1703 451 1728 est.
471 1708 481 1726 ι

280 1746 361 1774 Prov.
377 1753 440 1773 xxxx
468 1744 515 1772 25-
530 1759 565 1764 —
581 1753 591 1770 ‹
609 1743 660 1777 Qui
676 1743 792 1771 conlidit
807 1743 835 1770 in
848 1743 974 1775 Domino,
992 1743 1038 1771 lac-

247 1793 363 1821 tahitur.
387 1800 399 1819 ι

282 1839 341 1867 Isa.
357 1846 454 1870 χχχιιι,
471 1837 516 1866 2...
533 1851 569 1857 -
585 1845 594 1863 ι
612 1835 745 1863 Dominus
757 1834 841 1870 judex
858 1839 963 1867 noster,
984 1833 1038 1861 Do-

246 1885 341 1912 minus
357 1883 485 1919 princeps
505 1886 610 1910 noster.
637 1881 773 1909 Dominus
795 1887 843 1908 rex
863 1884 968 1913 noster,
985 1879 1039 1907 Do-

245 1931 338 1958 minus
350 1930 473 1958 salvator
486 1932 593 1961 noster,
615 1927 674 1963 ipse
689 1927 808 1956 salvahit
819 1934 880 1955 nos.
899 1934 909 1952 ι

282 1975 339 2003 1m.
353 1983 402 2009 xu,
413 1975 440 2002 2.
456 1989 492 1995 —
509 1983 519 2000 (
540 1973 611 2001 Ecce
630 1973 703 2001 Deus
719 1971 841 2001 salvator
855 1980 955 2007 meus;
971 1980 1037 2001 con-

245 2022 327 2049 ﬁdam
345 2022 372 2048 in
389 2028 464 2053 eum,
481 2024 508 2048 et
520 2020 615 2048 salvus
626 2027 685 2048 ero.
701 2028 709 2046 ι

280 2067 381 2095 Jerem.
408 2073 476 2099 xvn,
505 2065 532 2098 7,
548 2065 576 2092 8.
591 2080 627 2086 -
645 2074 654 2091 ι
674 2065 842 2093 Benedictus
874 2065 958 2093 homo
987 2065 1036 2100 qui

245 2113 360 2142 conlidit
376 2113 404 2140 in
418 2111 546 2145 Domino,
571 2114 598 2139 et
612 2111 666 2139 erit
688 2110 822 2139 Dominus
839 2118 902 2145 spes
917 2111 993 2146 ejus;
1009 2114 1037 2139 et

243 2161 298 2188 erit
329 2164 460 2193 tanquam
482 2158 585 2194 lignum
603 2157 780 2185 fructiferum
800 2157 880 2193 juxta
896 2164 994 2194 Aquas,
1007 2161 1036 2185 et

243 2206 279 2233 ad
297 2205 442 2232 humorem
461 2204 552 2232 mittet
563 2203 684 2232 radicem
703 2211 796 2231 suum.

279 2251 351 2278 Dan.
365 2257 406 2283 ιιι,
419 2249 464 2277 50.
475 2264 510 2271 --
527 2259 537 2276 ι
551 2249 611 2278 Non
627 2253 669 2278 est
683 2248 814 2277 confusio
835 2248 1037 2285 conﬁdentihus

243 2306 271 2326 ιιι
284 2300 320 2324 te.
344 2306 355 2323 ι

279 2343 366 2371 Eccli.
384 2351 414 2376 ιι,
433 2342 531 2370 11-15.
547 2358 582 2362 -
599 2351 609 2368 ι
624 2341 763 2377 Respicite
777 2342 969 2377 generationes
986 2349 1037 2370 an-

242 2391 335 2426 tiquas
363 2393 392 2416 ρι
414 2388 506 2416 videte
530 2388 618 2423 :quis
645 2387 729 2424 460
762 2387 882 2428 credidit
907 2388 1035 2421 Domino.

242 2442 270 2464 et
297 2435 434 2464 confusus
462 2434 522 2463 est?
541 2438 588 2462 aut
614 2435 679 2470 quis
697 2434 849 2470 permansit
887 2434 915 2462 in
937 2434 1037 2462 timore

241 2483 315 2518 ejus,
342 2486 371 2510 et
388 2481 541 2510 derelictus
566 2481 629 2509 est?
653 2484 701 2508 aut
731 2480 870 2509 invocavit
901 2481 992 2513 illum.
1009 2485 1037 2508 et

242 2529 392 2564 despectus
420 2528 455 2555 ab
468 2535 502 2554 eo
523 2527 585 2555 est?
601 2527 736 2560 Quoniam
749 2527 812 2562 pius
826 2530 854 2555 et
875 2527 1036 2556 misericors

243 2581 286 2604 est
303 2575 448 2606 Dominus,
462 2577 489 2601 et
507 2572 621 2600 dimittit
638 2576 762 2608 peccata.
775 2582 784 2599 ι

281 2621 358 2648 Rom.
373 2628 435 2653 vui,
451 2619 499 2647 24.
516 2635 551 2641 -
569 2630 578 2646 ι
598 2619 651 2655 Spe
670 2619 739 2647 salvi
757 2619 821 2647 lacti
837 2626 945 2647 sumus.
965 2618 1033 2655 Spes

241 2671 334 2694 autem
361 2675 423 2702 qum
452 2666 570 2698 videtur,
585 2673 640 2693 non
656 2670 699 2694 cst
715 2673 788 2700 spes,
807 2665 880 2701 quod
897 2666 971 2693 enim
988 2667 1031 2693 vi-

243 2713 286 2739 ict
298 2714 373 2746 quis,
395 2713 460 2748 quid
482 2718 509 2742 et
527 2713 639 2749 sperat?
654 2712 683 2740 Si
709 2712 885 2749 autemquod
900 2720 958 2740 non
991 2712 1034 2739 vi-

240 2758 342 2785 demus
376 2767 531 2793 speramus,
549 2766 598 2795 per
613 2759 773 2794 patientiam
797 2764 999 2794 exspectamus.
1022 2767 1031 2784 ι

278 2802 374 2834 Ephes.
401 2813 438 2837 vi,
457 2805 499 2831 14.
513 2821 549 2826 -
567 2815 576 2831 ι
592 2805 670 2833 State
679 2813 745 2842 ergo
766 2805 900 2834 succincti
926 2805 1032 2835 lumbos

241 2847 343 2872 nimiis
359 2851 467 2876 vestrm.
484 2849 641 2878 vigilantes.
661 2859 669 2875 ι

1141 284 1151 300 ι
1174 275 1234 302 Ἐπ’
1248 274 1324 310 αὐτῷ
1338 273 1452 310 ἤλπισεν
1478 273 1495 309 ἡ
1520 272 1621 309 καρδία
1636 280 1698 307 μου,
1718 271 1766 298 καὶ
1779 270 1894 306 ἐσθηθή-

1099 322 1205 394 θηῖίέτζὶ
1227 366 1281 400 σοὶ,
1303 365 1402 401 Κύριε,
1421 365 1533 401 ἤλπισα,
1552 363 1591 399 μὴ
1606 362 1834 398 καταισχυνθείην
1853 362 1896 391 εἰς

1102 414 1150 441 τὸν
1164 413 1262 440 αἰῶνα.
1282 422 1291 440 ι

1143 469 1152 486 ι
1173 459 1229 487 Τὸν
1246 459 1391 491 ἐλπίζοντα
1428 459 1475 486 ἐπὶ
1497 457 1600 494 Κύριον
1620 456 1695 488 ἕλεος
1716 455 1862 483 κυκλώσει.
1880 465 1891 482 ι

1140 560 1150 577 ί
1171 550 1303 578 Ἐλπισον
1316 550 1364 577 ἐπὶ
1373 549 1485 585 Κύριον,
1504 548 1551 576 καὶ
1563 548 1633 576 ποίει
1645 549 1828 584 χρηστότητα,
1844 547 1894 574 καὶ

1102 597 1278 632 κατασκήνου
1290 596 1341 631 τὴν
1355 596 1416 630 γῆν.
1438 595 1625 630 ’Δποκάλυψον
1642 595 1709 631 πρὸς
1725 595 1827 630 Κύριον
1843 593 1893 629 τὴν

1101 642 1159 670 ὁδόν
1171 651 1229 669 σου.
1249 651 1258 667 ι

1137 698 1146 714 ‹
1164 687 1309 722 Μακάριος
1327 686 1396 723 ἀνὴρ
1412 684 1443 714 οὗ
1468 687 1527 714 ἔστι
1540 686 1573 714 τδ
1587 687 1672 722 ὄνομα
1687 686 1791 722 Κυρίου
1812 685 1892 717 ἐλπὶς

1101 735 1196 762 αὐτοῦ.
1213 745 1222 761 ι

1140 792 1149 807 ι
1178 782 1340 818 Ἑπίρῤιψον
1361 780 1408 808 ἰπὶ
1423 781 1525 817 Κύριον
1547 779 1596 816 τὴν
1616 778 1751 816 μέριμνάν
1768 786 1826 811 σου,
1843 777 1893 804 καὶ

1102 827 1183 859 αὐτός
1194 836 1223 854 σε
1240 827 1390 862 διαθρέῲει.
1414 836 1423 852 ι

1135 884 1145 901 ι
1170 875 1297 911 Ἐλέησόν
1309 884 1355 909 με,
1371 875 1385 901 ὁ
1398 873 1476 907 Θεὸς,
1489 872 1601 908 ἐλέησόν
1612 881 1646 908 με
1669 872 1710 898 ὅτι
1719 871 1766 898 ἐπὶ
1783 870 1825 898 σοὶ
1839 870 1894 897 πέ-

1097 921 1192 949 ποιθεν
1206 921 1307 957 ἡψυχὴ
1325 929 1387 956 μου.
1406 929 1416 946 ι
1796 925 1799 927 ’

1136 977 1146 992 ί
1171 967 1234 994 Ἐπὶ
1246 964 1284 1000 τῷ
1296 966 1355 1002 Θεῷ
1367 966 1481 1002 ἤλπισα,
1497 967 1527 994 οῦ
1543 963 1735 1000 φοδηοήσομαι
1747 962 1774 989 τί
1783 962 1890 997 ποιήσει

1099 1020 1144 1047 μοι
1160 1011 1210 1039 ἄνθ
1215 1020 1314 1047 ρωπος.
1336 1020 1345 1037 ι

1133 1067 1142 1083 ι
1168 1057 1322 1093 Ὠδήγησεν·
1342 1057 1440 1089 αὐτοὺς
1465 1055 1618 1090 ἐπ’ὲλπίδι,
1638 1055 1685 1083 καὶ
1706 1057 1757 1082 οὐκ
1773 1052 1890 1081 ὲδειλία-

1096 1112 1156 1131 σαν.

1136 1160 1146 1176 ι
1170 1150 1285 1185 Ἀγαθὸν
1308 1150 1469 1177 πεποιθέναι
1493 1149 1539 1176 ἐπὶ
1556 1148 1669 1185 Κύριον,
1692 1148 1709 1183 ἢ
1728 1147 1890 1175 πεποιθέναι

1096 1197 1140 1223 ἐπ’
1154 1196 1308 1232 ἄνθρωπον.
1329 1205 1338 1221 ι

1136 1252 1146 1269 ι
1167 1243 1198 1269 Οἱ
1213 1235 1373 1274 πεποιθότες
1385 1242 1430 1269 ἐπὶ
1443 1241 1545 1277 Κύριον
1559 1241 1598 1273 ὡς
1606 1240 1669 1275 ὅρος
1684 1239 1762 1266 Σιών.
1779 1248 1791 1266 ι

1133 1343 1142 1359 ι
1159 1333 1205 1369 Μὴ
1222 1332 1368 1360 πεποίθετε
1391 1333 1435 1360 ἐπ’
1454 1332 1608 1368 ἀρχόντων,
1624 1330 1672 1358 ἐπὶ
1687 1330 1762 1361 υἱοὺς
1781 1328 1891 1365 ἀνθρώ-

1095 1387 1168 1406 πων·
1185 1381 1215 1406 ὲν
1239 1379 1332 1415 ἐκείνῃ
1359 1379 1451 1415 ἡμέρᾳ
1479 1377 1643 1406 ἀπολοῦνται
1666 1377 1691 1403 οἱ
1714 1376 1889 1411 διαλογισμοὶ

1096 1425 1197 1452 αὐτῶν,
1217 1434 1226 1451 ι

1133 1480 1143 1497 ι
1163 1471 1233 1498 Ἴσθι
1248 1471 1385 1503 πεποιθὼς
1397 1471 1445 1498 ἐπὶ
1459 1471 1561 1508 Κύριον
1579 1470 1665 1506 ὲνόλῃ
1679 1469 1780 1506 καρδίᾳ
1795 1477 1852 1496 σου.
1874 1477 1885 1494 ι

1054 1527 1075 1557 C

1109 1591 1112 1595 ,
1130 1572 1140 1589 ‹
1165 1564 1213 1595 ’ος
1229 1563 1362 1591 πέποιθεν
1374 1564 1421 1592 ἐπὶ
1435 1564 1546 1599 Κύριον,
1564 1563 1593 1591 ἓν
1608 1562 1753 1598 ἄπιμελείᾳ
1767 1562 1855 1589 ἔσται.
1874 1571 1885 1588 ι

1128 1666 1137 1683 ι
1163 1656 1192 1684 '0
1205 1655 1344 1688 πεποιθὼς
1359 1655 1406 1683 ἐπὶ
1419 1655 1533 1693 Κύριον,
1550 1655 1728 1693 μακαριστός.
1748 1664 1758 1681 r

1130 1758 1139 1774 ι
1164 1748 1193 1776 '0
1205 1747 1346 1780 πεποιθὼς
1359 1747 1408 1775 ἐπὶ
1420 1747 1535 1784 Κύριον,
1549 1747 1778 1783 εὐφρανθήσεται.
1799 1755 1809 1772 Ι

1129 1851 1138 1868 ι
1159 1841 1263 1877 Κύριος
1277 1842 1377 1878 κριτὴς
1390 1840 1481 1877 ἡμῶν,
1500 1840 1604 1876 Κύριος
1620 1840 1713 1875 ἄρχων
1728 1838 1816 1874 ήμῶν,
1828 1837 1886 1865 Κύ-

1091 1897 1148 1925 ριος
1157 1888 1283 1924 βασιλεὺς
1294 1887 1384 1924 ἡμῶν,
1393 1887 1495 1922 Κύριος
1506 1885 1597 1922 σωτὴρ
1607 1885 1700 1922 ἡμῶν·
1709 1884 1792 1916 αὐτὸς
1800 1883 1887 1911 σώσει

1092 1935 1173 1970 ἡμᾶς·
1202 1943 1211 1960 ι
1739 1964 1742 1965 ,

1126 1989 1136 2006 ‹
1162 1980 1229 2007 Ἰδοὺ
1251 1980 1265 2006 ὸ
1280 1979 1348 2006 Θεὸς
1362 1979 1453 2016 σωτήρ
1475 1987 1540 2014 μου,
1555 1978 1695 2009 πεποιθὼς
1718 1978 1816 2013 ἔσομαι
1839 1977 1888 2004 ἐπ’

1087 2026 1172 2061 αὐτῷ,
1187 2026 1233 2052 καὶ
1244 2025 1413 2061 σωθήσομαι.
1433 2034 1444 2051 ι

1127 2080 1136 2097 ι
1160 2071 1353 2106 Εὐλογημένος
1374 2070 1518 2106 ἄνθρωπος
1534 2070 1610 2102 ὅστις
1628 2071 1757 2097 πέποιθεν
1778 2070 1824 2097 ἐπὶ
1841 2070 1884 2105 τῷ

1089 2117 1201 2153 Κυρίῳ·
1215 2116 1262 2144 καὶ
1274 2116 1353 2143 ἔσται
1363 2116 1466 2152 Κύριος
1477 2115 1555 2148 ἐλπὶς
1570 2115 1672 2143 αὐτοῦ·
1689 2116 1737 2144 ’καὶ
1752 2116 1829 2143 ἔσται
1841 2116 1884 2148 ὥς

1089 2161 1168 2194 ξύλον
1187 2161 1319 2197 εὐθηνοῦν
1342 2161 1408 2197 παρ’
1427 2160 1521 2194 ὕδατα,
1543 2162 1591 2188 καὶ
1612 2161 1660 2189 ἐπὶ
1670 2162 1777 2197 ίκμάδα
1802 2161 1883 2198 βαλεῖ

1053 2198 1076 2228 D
1089 2207 1265 2244 ρξζανάύτοῦ
1297 2217 1306 2232 ι

1127 2263 1136 2280 ι
1155 2254 1214 2281 Οὐκ
1233 2253 1307 2281 εστιν
1323 2253 1438 2289 αἰσχύνη
1454 2255 1512 2286 τοῖς
1525 2253 1685 2280 πεποιθόσιν
1696 2252 1743 2280 ἐπὶ
1754 2251 1793 2280 σέ.
1817 2262 1827 2279 ι

1129 2359 1139 2376 ‹
1169 2349 1341 2385 Ἐμὸλέψατε
1354 2350 1395 2381 εἰς
1413 2349 1527 2385 ἀρχαίας
1546 2348 1653 2383 γενεὰς,
1674 2348 1722 2375 καὶ
1740 2348 1824 2374 ἴδετε·
1840 2347 1885 2379 τίς

1090 2394 1238 2422 ἐπίστευσε
1261 2393 1302 2429 τῷ
1325 2394 1431 2429 Κυρίῳ,
1458 2394 1507 2421 καὶ
1525 2393 1718 2429 κατῃσχύνθης
1741 2392 1759 2427 ἢ
1774 2391 1817 2424 τίς
1838 2393 1884 2418 ὲν-

1088 2439 1182 2476 έμεινε
1207 2439 1246 2475 τῷ
1279 2439 1355 2474 φόϐῳ
1378 2439 1473 2472 αὑτοῦ,
1499 2439 1547 2466 καὶ
1573 2438 1819 2474 ἐγκατελείφθηςῆ
1837 2438 1884 2470 τίς

1088 2485 1280 2513 ἐπεκαλέσατο
1305 2484 1398 2518 αὑτὸν,
1433 2486 1482 2513 καὶ
1516 2485 1659 2520 ὑπερεῖδεν
1683 2484 1781 2518 αύτὸν;
1806 2483 1882 2511 Διότι

1089 2532 1240 2567 οἰκτίρμων
1255 2531 1302 2558 καὶ
1312 2530 1437 2567 ἐλεήμων
1451 2532 1466 2559 ὀ
1478 2531 1591 2568 Κύριος,
1606 2531 1655 2557 καὶ
1663 2529 1776 2566 ἀφίησιν
1792 2530 1882 2566 ἁμαρ·

1086 2577 1157 2610 τίας.
1179 2586 1188 2603 ι

1126 2633 1135 2649 ι
1155 2624 1195 2659 Τῇ
1211 2623 1300 2650 ἐλπίδι
1321 2623 1476 2659 ἐσώθημεν.
1500 2622 1594 2655 Ἐλπὶς
1608 2621 1638 2649 δὲ
1653 2621 1806 2657 βλεπομένη
1827 2620 1881 2648 οὐκ

1086 2668 1160 2695 ἔστιν
1185 2667 1272 2700 ἐλπίς.
1291 2668 1324 2695 '0
1344 2667 1400 2705 γὰρ
1426 2667 1521 2702 βλέπει
1537 2676 1590 2701 τις,
1609 2667 1636 2693 τί
1650 2662 1698 2693 καὶ
1713 2665 1832 2698 ἐλπίζεις
1846 2665 1879 2691 Et

1085 2714 1114 2742 δὲ
1134 2715 1148 2741 ὃ
1169 2714 1199 2741 οὒ
1212 2714 1348 2750 βλέπομεν
1363 2713 1521 2749 ἐλπίζομεν,
1542 2713 1575 2741 δι’
1601 2713 1741 2749 ὑπομονῆς
1762 2710 1879 2739 ἀπεκδε-

1084 2760 1198 2796 χόμεθα.

1126 2816 1135 2832 r
1159 2806 1243 2841 Στῆτε
1259 2803 1306 2833 οὖν
1322 2805 1542 2842 περιζωσάμενοι
1557 2805 1606 2837 τὰς
1625 2805 1728 2841 ὀσφύας
1749 2804 1798 2840 τῆς
1822 2803 1879 2831 5.x-

1088 2852 1162 2884 νοῖας
1176 2851 1253 2888 ὑμῶν
1267 2852 1410 2888 νήφοντες.
1432 2861 1441 2878 ι
