2056 3113
179 162 248 195 uae

813 170 929 201 SACRA
946 170 1177 201 PARALLELA.

1746 168 1814 203 1530

218 228 228 244 ι
245 219 362 252 Τελείως
384 220 512 248 ἐλπίσατε
538 222 585 249 ἐπὶ
611 222 661 258 τὴν
679 223 826 260 δεδομένην
844 225 910 260 ὑμῖν
930 225 976 260 χά-

1065 224 1080 252 1
1094 225 1168 253 Petr.
1200 232 1219 258 ι,
1236 224 1278 252 15.
1295 239 1330 244 -
1346 232 1355 250 ι
1369 222 1496 252 Perfecto
1516 227 1625 259 sperate
1636 223 1664 251 in
1683 231 1743 252 eam
1756 231 1817 260 quae

183 272 237 296 ριν.
251 274 264 289 ι

217 312 361 349 Πείσωμεν
375 314 502 347 ἑαυτοὺς,
518 314 640 350 ἀδελφοὶ,
657 315 686 342 ἐν
704 315 793 352 καιρῷ
808 316 972 352 πειρασμοῦ,

181 359 220 394 μὴ
232 359 300 394 πρὸς
317 359 493 395 ἀνθρωπίνας
517 361 628 394 ἐλπίδας
650 361 826 398 ἀποτρέχειν,
848 362 895 389 καὶ
909 363 974 389 ἐαυ-

180 405 237 436 τοῖς
254 404 303 436 τὰς
330 404 457 440 βοηθείας
480 405 629 441 θηρᾶσθαι,
651 406 708 433 ἀλλ’
731 407 760 433 ἐν
790 407 908 443 δάκρυσι
928 408 975 434 καὶ

182 451 356 485 στεναγμοῖς,
375 451 423 477 καὶ
440 451 577 487 φιλοπόνῳ
599 452 750 488 προσευχῇ,
771 453 819 480 καὶ
836 453 976 489 ἀγρυπνίᾳ

181 495 283 531 εὐτόνῳ
299 496 348 528 τὰς
359 496 469 532 δεήσεις
487 497 636 528 ποιεῖσθαι.
654 497 749 530 Οὕτως
766 498 820 535 γὰρ
840 498 974 533 λαμϐάνει

183 541 310 577 βοήθειαν
337 542 369 569 ἐκ
393 542 520 578 θλίψεως.
539 545 553 570 6
574 544 624 579 τῆς
643 544 819 581 ἀνθρωπίνης
847 544 975 581 βοηθείας

181 586 220 618 ὥς
241 587 362 621 ματαίας
377 588 569 624 καταφρονῶν.

222 633 377 668 Ἀμήχανόν
398 633 457 660 ἐστι
475 634 522 661 τοῦ
544 634 639 667 τέλους
652 635 779 662 ἐκπεσεῖν
793 635 839 663 τδν
852 635 901 671 ὅλῃ
916 635 974 663 δια-

182 677 241 714 νοίᾳ
265 678 305 710 είς
327 678 373 705 τὸν
395 679 462 706 Θεὸν
474 679 629 712 ἐλπίζοντα,
654 681 702 707 καὶ
722 680 757 707 τὰ
784 681 849 717 παρ’
877 681 976 709 ἑαυτοῦ

183 722 272 749 πάντα
296 723 469 760 είσφέροντα·
496 724 627 753 ἀδύνατόν
647 734 710 753 τινα
733 727 835 762 σπουδῇ
864 726 975 762 χρώμε-

183 777 238 801 νον,
250 769 297 796 καὶ
312 770 489 805 μεριμνῶντα
504 771 574 807 ὑπὲρ
586 770 636 806 τῆς
649 771 747 799 ἐαυτοῦ
762 772 912 808 σωτηρίας,
928 773 976 799 καὶ

182 814 217 840 τὰ
237 815 303 850 παρ’
321 815 418 842 ἑαυτοῦ
444 816 534 843 πάντα
558 817 794 853 ἐπιδεικνύμενον,
815 818 976 852 ἐγκαταλει-

183 860 286 896 φθῆναι
314 870 379 888 ποτε
409 862 462 888 ὑπὸ
485 862 534 889 τοῦ
550 862 629 890 Θεοῦ.
648 863 731 890 Ὀταν
752 864 908 900 μηδαμόθεν
930 865 977 892 ἀν-

183 905 324 942 θρωπίνης
342 907 466 942 βοηθείας
488 907 568 940 ἐλπὶς
596 909 663 944 ἡμῖν
693 909 815 946 ὑπάρχῃ,
845 910 882 945 μὴ
906 911 976 937 ἀπο-

184 953 305 989 γνῶμεν,
333 953 370 990 μὴ
397 955 585 990 ἅτονήσωμεν,
605 955 674 982 ἀλλὰ
695 956 744 992 τὴν
777 957 902 992 ἄγκυραν
927 957 978 993 τῆς

185 999 303 1030 πίστεως
328 1000 544 1036 ἀναρπάσωμεν.
569 1000 707 1036 Ῥίψωμεν
723 1001 753 1028 τὸ
771 1002 913 1037 ἐργαλεῖον
927 1003 978 1037 τῆς

184 1043 301 1076 ἐλπίδος,
321 1044 358 1079 μὴ
373 1045 414 1076 είς
429 1045 583 1077 θάλασσαν,
595 1046 653 1072 ἀλλ’
667 1047 708 1078 εἰς
722 1046 767 1073 τὸν
787 1047 912 1082 οὐρανὸν,
929 1048 977 1075 καὶ

184 1089 215 1116 τὸ
243 1089 442 1126 χειμαζόμενον
463 1091 567 1126 σκάφος
585 1091 641 1118 τῶν
664 1092 794 1119 κινδύνων
817 1093 976 1130 ἀπαλλαγή-

187 1143 275 1162 σεται.

218 1180 269 1215 Mi)
282 1182 447 1210 ’πεποίθει-ε
461 1182 510 1209 ἐπ’
521 1183 686 1218 ἄρχοντας·
706 1184 744 1220 μὴ
759 1184 908 1221 ἐπαίρεσθε
929 1186 976 1213 ἐπὶ

185 1226 302 1253 πλούτου
319 1227 478 1263 ἁδηλότητιο
503 1227 540 1264 μὴ
559 1230 684 1264 φρονεῖτε
711 1229 759 1256 ἐπὶ
782 1230 897 1265 δυνάμει
924 1231 977 1257 σώ-

187 1279 285 1305 ματος·
322 1271 359 1306 μὴ
383 1272 433 1306 τῆς
457 1272 633 1308 ἀνθρωπίνης
658 1273 738 1309 δόξης
765 1274 796 1300 τὸ
829 1275 977 1310 περιφανὲς

184 1315 308 1343 διώκετε.
325 1316 410 1344 Οὐδὲν
435 1317 540 1344 τούτων
565 1318 657 1350 σώζει.
686 1314 779 1346 Πάντᾶ
802 1319 975 1355 πρόσκαιρα²

185 1362 274 1389 πάντα
296 1362 440 1398 ἀπατηλὰ·
468 1363 518 1398 μία
538 1364 685 1400 καταφυγὴ
700 1365 715 1391 ό
729 1364 807 1397 Θεός.
827 1364 975 1393 Ἐπικατά-

185 1417 277 1443 ρατος,
292 1409 322 1441 ὃς
331 1409 380 1444 τὴν
395 1409 490 1437 ἐλπίδα
501 1409 558 1445 ἔχει
571 1410 616 1437 ἐπ’
626 1410 783 1443 ἄνθρωπον,

221 1500 309 1527 Ὅταν
326 1500 355 1527 ἐν
371 1502 430 1532 ταῖς
445 1501 569 1536 θλίψεσιν
590 1498 675 1537 ὦμεν,
698 1502 745 1529 ἐπὶ
761 1503 851 1530 πάντα
876 1503 976 1540 μᾶλλον

1027 271 1116 310 ᾱοιιιιί
1123 270 1202 298 vobis
1215 270 1343 306 gratiam.
1364 266 1374 296 ἱ

1066 317 1095 345 S.
1114 317 1199 345 Basil.
1212 317 1239 343 in
1254 316 1330 344 Psal.
1345 323 1403 344 ιιι.
1416 331 1451 337 —-
1467 315 1524 344 lloc
1553 317 1636 345 nobis
1650 317 1816 353 persuadea-

1027 370 1100 394 mus,
1118 362 1230 395 fratres,
1254 366 1284 390 ut
1304 361 1467 391 tentationis
1487 365 1611 398 tempore
1630 363 1663 390 ad
1681 362 1816 391 humanas

1027 416 1092 444 spes
1107 408 1221 436 minime
1234 407 1441 444 confugiamus,
1455 407 1576 443 hincque
1592 408 1676 436 nobis
1691 407 1815 437 subsidia

1025 461 1168 488 venemur,
1183 453 1231 482 sed
1247 461 1310 481 cum
1328 454 1456 490 lacrymis
1467 458 1495 482 et
1505 454 1661 489 gemitibus,
1679 461 1711 482 ac
1722 455 1816 482 sedula

1026 499 1164 532 oratione,
1193 499 1367 534 intentisque
1393 499 1497 535 vigiliis
1523 502 1586 526 vota
1609 498 1750 527 faciamus.
1769 499 1815 527 Sic

1026 545 1101 572 enim
1115 544 1250 571 auxilium
1263 544 1297 572 de
1312 543 1493 571 tribulatione
1505 544 1618 579 accipit,
1627 551 1707 579 opem
1719 545 1816 571 huma-

1027 598 1102 623 nam,
1119 590 1158 617 uti
1178 596 1286 618 cassam
1303 594 1478 624 aspernatur.

1064 635 1095 663 S.
1112 633 1251 670 Clirysost.
1265 649 1300 655 ——
1313 633 1385 662 Fieri
1404 642 1459 662 non
1474 638 1566 670 potest
1582 638 1613 662 ut
1625 634 1751 670 optatois
1766 641 1814 662 ex-

1027 680 1101 708 cidat
1116 679 1180 714 line,
1198 680 1246 716 qui
1262 684 1318 708 tota
1339 684 1430 707 mente
1444 680 1471 707 in
1484 679 1539 708 Deo
1549 684 1652 715 sperat,
1664 683 1691 708 et
1707 687 1739 708 ea
1755 687 1815 714 quae

1027 733 1141 754 suorum
1160 731 1226 754 sunt
1241 727 1360 761 partium
1372 726 1467 754 obeat.
1476 725 1546 753 Fieri
1559 733 1613 753 non
1625 728 1714 760 potest
1726 729 1756 752 ut
1766 725 1814 760 qui

1027 772 1148 801 studium
1164 776 1191 800 et
1204 771 1377 807 diligentiam
1389 770 1545 798 adhibendo
1558 771 1657 798 salutis
1670 778 1727 799 suae
1738 771 1815 798 solli-

1027 818 1102 845 citus
1113 821 1165 850 est,
1184 822 1215 845 ac
1233 817 1324 844 omnia
1341 819 1454 853 praestat
1472 824 1532 851 quae
1543 815 1666 843 muneris
1683 816 1725 843 sui
1738 819 1814 846 sunt,

1029 871 1043 891 a
1061 863 1114 891 Deo
1130 870 1250 898 unquam
1267 862 1425 890 deseratur.
1437 861 1487 890 Ubi
1505 862 1617 889 humani
1632 862 1730 889 auxilii
1750 869 1814 896 spes

1028 908 1104 936 nulla
1129 915 1163 936 ex
1180 913 1257 943 parte
1274 907 1355 934 nobis
1383 906 1506 942 alfulget,
1521 900 1562 934 ne
1573 910 1717 941 propterea
1738 912 1813 940 spem

1028 954 1204 989 abjiciamus,
1236 952 1392 988 animisque
1411 952 1569 987 frangantur
1587 955 1614 978 et
1627 950 1815 984 debilitemur,

1028 1006 1121 1027 verum
1152 999 1213 1026 lidei
1239 998 1391 1025 anclioratn
1418 997 1598 1031 arripiamus.
1631 996 1815 1032 Projiciamus

1028 1045 1242 1073 instrumentum
1260 1044 1328 1079 spei,
1346 1051 1401 1071 non
1424 1044 1451 1071 in
1477 1050 1563 1076 mare,
1580 1043 1629 1071 sed
1650 1043 1677 1070 in
1696 1044 1813 1076 cmlum;

1028 1099 1060 1119 ac
1091 1091 1193 1126 scapha
1210 1094 1315 1122 nostra,
1343 1096 1405 1124 qua:
1424 1092 1588 1124 tempestate
1599 1087 1730 1123 iactatur,
1742 1095 1757 1115 e
1769 1095 1815 1123 pc-

1027 1136 1123 1164 riculis
1136 1139 1271 1171 emerget.

1063 1181 1204 1217 Ejusdem.
1216 1196 1251 1201 —
1264 1180 1354 1209 Nolite
1362 1179 1494 1215 conﬁdere
1515 1180 1542 1207 in
1551 1179 1713 1214 principibus
1721 1179 1730 1213 (
1739 1177 1815 1206 Paul.

1026 1236 1105 1260 CXLV,
1121 1228 1172 1262 ‘2);
1189 1227 1273 1255 nolite
1300 1227 1335 1254 ob
1350 1226 1470 1254 incertas
1501 1233 1567 1260 opes
1582 1225 1683 1253 animis
1701 1224 1814 1258 extolli;

1026 1274 1062 1301 ob
1075 1273 1147 1301 vires
1166 1273 1295 1308 corporis
1323 1271 1408 1300 nolite
1422 1271 1568 1307 magnifico
1579 1271 1615 1299 de
1625 1270 1705 1299 vobis
1721 1271 1818 1298 existi-

1027 1326 1123 1352 mare;
1151 1319 1278 1346 humanae
1300 1317 1395 1354 gloriae
1419 1316 1592 1352 splendorem
1610 1316 1695 1344 nolite
1719 1323 1818 1343 conse-

1026 1365 1108 1392 ctari.
1130 1363 1204 1391 Nihil
1234 1363 1332 1391 horum
1353 1362 1472 1390 salutem
1489 1361 1581 1389 affert.
1597 1359 1697 1388 Omnia
1711 1361 1816 1389 caduca

1027 1413 1110 1442 sunt,
1126 1409 1234 1437 fallacia
1250 1408 1353 1436 omnia.
1368 1407 1489 1435 Unicum
1504 1406 1660 1442 perfugium
1679 1405 1750 1435 Deus
1762 1410 1817 1435 est.

1028 1455 1191 1484 Maledictus
1205 1455 1286 1483 homo
1302 1455 1349 1490 qui
1361 1462 1438 1490 spem
1453 1454 1479 1481 in
1497 1454 1610 1481 homine
1627 1453 1707 1480 lixam
1721 1453 1814 1482 habet.

1059 1501 1196 1536 Ejusdem.
1207 1516 1242 1521 —-
1257 1501 1325 1529 Cum
1341 1501 1369 1528 in
1386 1499 1594 1528 calamitatibus
1611 1506 1764 1532 versamur,
1781 1499 1816 1527 ad

185 1546 329 1582 τρέχομεν,
344 1546 361 1581 ἦ
375 1546 421 1573 τὸν
438 1547 516 1574 Θεόν.
530 1547 615 1574 Νοσεϊ
631 1547 660 1573 τὸ
677 1547 801 1581 παιδίον;
814 1548 863 1576 καὶ
883 1549 915 1576 σὺ
931 1549 976 1576 τδν

1027 1547 1140 1582 quidvis
1177 1547 1269 1581 potius
1286 1553 1368 1581 quam
1383 1546 1416 1573 ad
1447 1545 1530 1573 Deum
1557 1546 1708 1574 currimus.
1730 1545 1814 1581 ,Εμπ-

185 1592 308 1627 ὲπαῳδὸν
327 1594 516 1627 περισκοπεῖς,
541 1593 557 1627 ἢ
577 1593 623 1620 τὸν
647 1593 712 1624 τοὺς
741 1594 906 1629 περιεργοὺς
928 1604 978 1630 χα-

187 1637 325 1672 ρακτῆρας
336 1638 391 1668 τοῖς
405 1637 551 1673 τραχήλοις
560 1639 613 1664 τῶν
626 1638 756 1667 ἀναιτίων
771 1640 885 1667 παιδίων
898 1649 978 1676 περιρ

184 1681 294 1709 τιθέντα
311 1702 318 1714 ,
337 1681 353 1717 ἢ
375 1683 406 1709 τὸ
426 1683 580 1710 τελευταῖον
604 1684 651 1710 ἐπὶ
670 1685 716 1711 τὸν
743 1684 836 1721 ἰατρὸν
850 1685 927 1722 ἔρχῃ,
943 1685 978 1713 τὰ

185 1727 321 1763 φάρμακα
338 1728 385 1755 τοῦ
408 1728 561 1764 δυναμένου
581 1729 679 1762 σώζειν
695 1730 900 1766 καταμελήσας.
917 1731 978 1758 Κᾶν

185 1773 310 1800 ἐνύπνιόν
337 1782 367 1800 σε
389 1774 542 1811 ἐκταράξῃ,
561 1775 630 1811 πρὸς
644 1776 689 1804 τδν
704 1776 893 1812 ὀνειροκρίτην
912 1778 976 1812 τρέ-

185 1827 253 1853 χεις.
268 1819 326 1846 Κᾶν
341 1820 464 1856 φοϐηθῇς
479 1821 586 1857 ἐχθρὸν,
612 1822 769 1857 προστάτην
785 1822 833 1850 ἕνα
855 1823 910 1849 τῶν
932 1823 978 1849 ἀνω

184 1864 303 1900 θρώπων
329 1868 484 1902 ἰτερινοεῖς¹
510 1867 558 1894 καὶ
584 1867 654 1899 δλως
680 1868 723 1902 ἐφ’
748 1868 867 1903 ἑκάστης
882 1868 978 1904 χρείας

185 1910 299 1946 ἐλέγχῃ,
318 1911 422 1946 ῥήματι
442 1911 492 1946 μὲν
508 1912 652 1947 ὀνομάζων
666 1912 712 1939 τὺν
725 1912 792 1940 Θεδν
804 1913 976 1949 καταφυγὴν,

184 1955 260 1990 ἔργῳ
272 1956 301 1982 δὲ
311 1957 361 1991 τὴν
372 1957 405 1983 ἐκ
417 1956 472 1983 τῶν
486 1957 633 1992 ἀνωφελῶν
647 1958 694 1985 καὶ
709 1958 832 1994 ματαίων
849 1959 978 1994 βοήθειαν

185 2001 391 2037 ἐπισπώμενος.
410 2003 487 2030 Ἔστι
509 2003 537 2030 δὲ
553 2003 593 2038 τῷ
608 2003 705 2039 δικαίῳ
729 2004 844 2040 ἀληθινὴ
865 2004 976 2041 βοήθεια

184 2047 199 2073 6
222 2047 299 2079 Θεδς,
324 2048 420 2084 ὥσπερ
444 2057 488 2081 τις
513 2049 667 2085 στρατηγός
690 2050 830 2078 ὁπλιτικὸν
853 2051 976 2085 γενναῖον

185 2092 380 2130 ἐξηρτημένος,
391 2095 499 2130 ἕτοιμος
514 2095 558 2122 ἀεὶ
573 2095 681 2132 βοηθεῖν
693 2096 733 2132 τῷ
745 2097 977 2133 καταπονουμένῳ

187 2139 277 2175 μέρει,
287 2140 374 2172 οὕτως
383 2142 398 2168 ό
410 2140 477 2174 Θεὸς
491 2141 587 2177 βοηθὸς
599 2142 679 2178 ἡμῶν
700 2143 784 2171 ἐστιν.

1029 1599 1071 1621 est
1085 1593 1178 1621 ﬁlius?
1205 1594 1406 1621 ineantatorem
1437 1592 1665 1624 circumlustras,
1691 1595 1740 1619 aut
1753 1600 1816 1620 eum

1029 1640 1076 1675 qui
1093 1647 1180 1668 vanos
1198 1640 1332 1676 quosdam
1348 1639 1526 1666 characteres
1542 1638 1730 1666 innocentium
1748 1646 1816 1673 puc-

1029 1693 1123 1714 rorum
1150 1685 1230 1713 collis
1256 1685 1389 1720 imponat,
1415 1684 1570 1712 autsaltem
1585 1684 1619 1711 ad
1636 1684 1772 1711 medicum
1790 1687 1817 1712 et

1028 1733 1174 1767 pharmaca
1187 1739 1318 1768 properas
1334 1740 1340 1758 :
1360 1731 1483 1766 neglecto
1499 1731 1607 1759 interim
1635 1738 1668 1758 eo
1680 1730 1727 1766 qui
1743 1730 1818 1758 salu-

1028 1779 1063 1806 tis
1080 1777 1238 1806 asserenda:
1253 1780 1416 1812 potestatcm
1438 1776 1533 1804 habet.
1550 1775 1578 1803 Si
1607 1775 1776 1804 insomnium
1791 1781 1818 1804 te

1026 1824 1164 1860 quoddam
1177 1823 1366 1855 conturbavit,
1395 1822 1429 1849 ad
1447 1822 1619 1849 somniorum
1638 1822 1816 1856 interpretem

1026 1873 1054 1897 te
1069 1868 1191 1897 confers.
1209 1866 1236 1895 Si
1254 1867 1360 1896 hostem
1387 1866 1574 1902 pertimescis,
1591 1865 1712 1893 hominis
1730 1866 1818 1893 alicu-

1025 1914 1072 1949 jus
1086 1913 1275 1949 patrocinium
1290 1913 1406 1947 cogitas.
1422 1912 1522 1947 Atque,
1539 1915 1569 1939 ut
1584 1911 1681 1947 paucis
1696 1912 1818 1947 comple-

1027 1965 1099 1992 ctar,
1127 1959 1154 1987 in
1187 1958 1310 1994 qualibet
1335 1958 1503 1986 necessitate
1524 1957 1704 1992 compereris,
1733 1958 1818 1984 verbo

1028 2006 1140 2042 quidem
1157 2004 1410 2040 Deumperfugium
1423 2007 1499 2031 tuum
1511 2003 1661 2039 appellare,
1681 2011 1711 2031 re
1725 2006 1816 2030 autem

1029 2051 1087 2086 ipsa
1103 2058 1234 2078 vanarum
1250 2054 1277 2078 et
1292 2049 1433 2077 inutilium
1449 2057 1541 2077 rerum
1559 2048 1608 2077 tibi
1624 2049 1757 2076 auxilium
1771 2055 1817 2076 ac-

1029 2106 1147 2130 cersere.
1166 2099 1200 2125 At
1227 2105 1292 2126 vero
1314 2097 1390 2133 justo
1417 2096 1524 2125 homini
1546 2095 1690 2124 auxilitum
1717 2103 1816 2124 verum

1031 2143 1103 2172 Dens
1120 2148 1173 2172 est.
1192 2143 1273 2172 Velut
1289 2144 1363 2172 enim
1380 2143 1533 2180 imperator
1549 2142 1687 2170 exercitus
1697 2142 1816 2178 egregiis

186 2187 272 2215 armis
301 2188 463 2222 instructus,
490 2196 599 2225 semper
613 2194 713 2225 praesto
732 2193 775 2218 est
801 2189 932 2218 auxilium
949 2189 1022 2218 ferre
1045 2197 1215 2226 suppresso,
1247 2189 1287 2218 sic
1318 2195 1429 2225 quoque
1454 2188 1525 2216 Deus
1551 2187 1632 2216 nobis
1658 2187 1816 2222 adjumcnto

185 2239 238 2262 ρει.

221 2280 332 2313 Νοσείςς
343 2281 527 2316 εὺθὺμει.”ον
537 2282 593 2317 γὰρ
600 2282 701 2317 ἀγαπᾷ
711 2283 827 2317 Κύριος,
835 2283 976 2311 παιδεύει.

1065 2283 1095 2311 S.
1121 2283 1229 2311 Basilii.
1240 2299 1274 2304 —
1289 2282 1384 2310 Morbo
1411 2281 1540 2310 laboras?
1563 2288 1642 2316 :equo
1657 2280 1751 2308 animo
1765 2280 1815 2308 sis.

186 2326 358 2361 Πτωχεὺεις;
378 2327 538 2361 εὐφραίνου,
564 2328 605 2354 ὅτι
634 2328 760 2364 Λαζάρου
781 2337 810 2355 σε
829 2330 863 2356 τὰ
886 2329 977 2364 ἀγαθὰ

185 2371 345 2403 διαδέξεται.
365 2372 499 2408 Ἀτιμάζῃ
521 2373 566 2399 διὰ
583 2373 613 2400 τὺ
628 2373 714 2408 ὄνομα
733 2373 853 2410 Χριστοῦ
867 2383 874 2408 ;
890 2375 977 2411 μακά-

187 2426 245 2453 ριος
260 2417 295 2450 εἴ,
309 2418 350 2445 ὅτι
364 2419 435 2454 σοιή
453 2418 569 2454 αἰσχύνη
595 2420 636 2452 εις
660 2420 739 2453 δόξαν
763 2421 880 2455 ἀγγέλου
897 2430 978 2457 μετα-

186 2463 272 2499 ϐληθή
277 2472 363 2492 σεται.

222 2557 293 2589 Κᾶν,
316 2558 354 2590 ὡς
369 2559 434 2594 φὴς,
447 2559 608 2595 τελευτῆσαι
620 2557 698 2592 οὗτος
716 2561 730 2587 6
752 2560 874 2596 πάτρων,
897 2561 977 2588 πάλιν

187 2602 281 2639 ἕτερον
295 2603 426 2640 πάτρωνά
436 2613 478 2632 σοι
490 2605 664 2642 ἀγαθώτερον
676 2606 784 2640 τούτου,
799 2607 847 2634 καὶ
861 2607 977 2642 μεγαλοο

185 2648 335 2685 ψυχότερον
351 2651 365 2677 ὁ
378 2650 480 2686 Κύριος
500 2651 625 2688 παρέξει,
649 2652 697 2680 ἐὰν
716 2653 766 2688 τὴν
793 2654 885 2680 πίστιν
907 2654 976 2689 πρὸς

187 2694 269 2722 αὑτὸν
285 2694 360 2732 ἔχῃς.

229 2741 257 2767 ’0
278 2741 322 2768 ἐπ’
336 2741 480 2777 ἄνθρωπον
493 2742 621 2775 ἐλπίζων,
632 2743 649 2779 ἢ
662 2743 707 2770 ἐπ’
719 2743 782 2771 ἄλλο
794 2753 819 2771 τι
835 2744 890 2771 τῶν
904 2745 975 2771 κατὰ

186 2786 246 2823 βίον
270 2789 511 2823 μετεωριζόμενος,
544 2787 600 2816 οἷον
625 2790 672 2816 ἐπὶ
693 2790 852 2817 δυναστείαν
874 2790 975 2826 ἢχρή-

188 2842 273 2869 ματα,
299 2835 315 2861 ἦ
341 2843 367 2861 τι
396 2835 451 2862 τῶν
475 2835 551 2866 παρὰ
582 2835 688 2868 πολλοῖς
704 2836 891 2872 νομιζομένων
907 2839 974 2863 εἶναι

187 2881 334 2917 λαμπρῶν,
362 2882 391 2908 οὐ
423 2882 535 2910 δύναται
556 2883 659 2910 εἰπεῖν·
694 2883 759 2910 Ἐπὶ
791 2883 845 2918 σὲ,
876 2883 973 2918 Κύριε,

1029 2329 1113 2363 Quem
1125 2330 1194 2357 enim
1212 2329 1282 2356 Deus
1298 2328 1396 2364 diligit,
1413 2327 1481 2355 hunc
1503 2328 1630 2362 castigat.
1649 2326 1749 2361 (Hebr.
1767 2333 1814 2358 xu,

1028 2376 1045 2403 6
1059 2376 1079 2410 ).
1096 2375 1226 2411 Egestate
1241 2375 1394 2410 premeris?
1406 2373 1506 2410 gaude,
1518 2374 1582 2409 quia
1598 2379 1624 2400 te
1634 2372 1730 2400 Lazari
1744 2372 1816 2399 bona

1029 2426 1179 2457 exceptura
1196 2427 1270 2449 Slllll.
1289 2420 1442 2456 Ignominia
1460 2420 1495 2447 oh
1510 2419 1613 2447 Christi
1627 2426 1726 2446 nomen
1755 2417 1814 2445 alli-

1016 2458 1121 2496 i'ceris?
1132 2467 1229 2495 beatus
1244 2474 1275 2495 es
1290 2475 1297 2493 :
1314 2467 1381 2502 quia
1397 2465 1547 2502 ignominia
1563 2468 1609 2492 tua
1623 2465 1650 2492 in
1664 2464 1814 2500 angelicam

1029 2513 1144 2549 gloriam
1157 2516 1343 2541 convertetnr.

1065 2557 1094 2584 S.
1117 2556 1231 2584 Nili.—
1247 2556 1390 2590 Quamvis,
1412 2561 1442 2584 ut
1468 2556 1520 2588 ais,
1538 2560 1670 2591 patronus
1684 2556 1735 2584 iste
1750 2558 1814 2583 tuus

1029 2608 1116 2630 morte
1145 2604 1227 2630 vitam
1256 2602 1441 2635 commutarit,
1470 2610 1567 2631 rursus
1589 2606 1682 2630 tamen
1697 2602 1814 2629 alterum

1030 2650 1078 2677 tibi
1094 2653 1241 2685 patronum
1269 2650 1316 2678 illo
1336 2649 1479 2677 meliorem
1496 2648 1816 2685 magniﬁcentioremque

1027 2695 1161 2724 Dominus
1176 2695 1316 2730 praébehit,
1330 2695 1353 2724 si
1367 2695 1447 2723 fidem
1464 2695 1490 2722 in
1505 2695 1596 2730 ipsum
1614 2695 1728 2722 habeas.

1061 2742 1140 2778 [ρει
1156 2741 1283 2770 S.Basil.
1303 2743 1330 2768 in
1359 2741 1436 2769 Psal.
1466 2749 1514 2768 vu.
1537 2756 1570 2762 —
1588 2740 1640 2774 Qui
1658 2741 1684 2768 in
1705 2740 1816 2768 homine

1027 2797 1102 2824 spem
1123 2789 1241 2816 collocat
1261 2796 1350 2821 suam,
1365 2788 1407 2816 vel
1421 2788 1456 2815 ob
1475 2788 1557 2815 ullam
1578 2795 1634 2815 rem
1662 2788 1742 2815 aliam
1762 2788 1814 2815 hu-

1025 2836 1104 2870 jusce
1123 2835 1186 2862 vita:
1200 2835 1326 2867 etlertur,
1342 2839 1406 2870 puta
1431 2835 1466 2862 oh
1488 2834 1649 2870 potentiam,
1674 2838 1720 2861 aut
1735 2842 1812 2869 opes,

1028 2887 1073 2910 aut
1091 2882 1239 2918 quidquam
1248 2889 1341 2911 eorum
1357 2890 1416 2918 «pun
1442 2881 1522 2916 vulgo
1546 2881 1678 2916 praeclara
1697 2888 1813 2908 censcu-
1879 2891 1881 2897 π

1712 2966 1730 2979 r
