2056 3113
110 488 112 490 τ
164 471 286 507 κράτωρ.
303 482 312 498 ι

167 141 235 176 1433

800 143 919 174 SACRA
939 142 1171 174 PARALLELA.

1723 141 1793 175 1435

199 208 209 225 ι
227 199 393 235 Εὐφράνθην
409 199 526 241 ἑπὶκτοῖς
535 200 660 236 εἰρηκόσι
681 209 737 236 μοι,
753 201 799 232 Εἰς
809 197 884 228 οἶκον
897 201 953 227 Κυ-

1043 199 1119 227 Psal.
1138 207 1212 233 cm,
1238 201 1265 228 l.
1300 215 1334 222 ——
1363 211 1373 228 α
1392 202 1514 231 Laztatus
1542 208 1603 229 sum
1631 201 1659 228 in
1674 201 1710 229 iis
1731 209 1794 236 qua

164 244 223 277 ρίου
239 245 439 280 πορευσόμεθα.
458 255 467 272 ι

199 299 210 316 ι
227 290 329 325 Κύριος
338 291 368 317 ἑν
375 290 431 326 ναῷ
444 291 515 326 ἁγίῳ
526 291 620 324 αὐτοῦ,
632 290 799 318 εὐλαϐείσθω
808 290 862 318 ἀπὸ
870 298 954 326 προσ-

111 339 130 346 “’
162 336 237 363 ὡπου
252 335 336 363 αὐτοῦ
345 336 420 363 πᾶσα
434 337 451 372 ή
463 336 508 372 γῆ.
524 346 533 362 ι

200 389 210 406 I
243 381 360 416 Μεγάλη
393 382 471 409 ἔσται
498 383 515 418 ὴ
547 382 612 415 δόξα
634 382 730 410 τούτου
756 381 804 408 τοῦ
834 383 910 409 οἴκου
936 381 953 417 ἡ

164 426 267 461 ἔσχάτη
296 426 366 462 ὑπὲρ
393 426 444 462 τὴν
460 426 583 463 πρώτην,
609 426 684 462 λέγει
707 426 838 463 Κύριοςὸ
853 435 953 454 παντο-

363 518 509 554 ἁναϐὧμεν
541 519 582 551 είς
615 519 647 546 τὸ
670 519 734 555 ὅρος
760 518 881 554 Κυρίου,
904 517 953 545 καὶ

165 564 204 596 εἰς
219 564 265 591 τὸν
281 563 356 592 οἶκον
385 564 434 591 τοῦ
451 565 521 593 Θεοῦ
546 565 655 593 Ἰακώϐ.
677 565 802 600 ’Δγγελεῐ
820 566 885 601 ἡμῖν
903 565 953 600 τὴν

164 610 223 637 ὁδὸν
232 611 326 638 αὐτοῦ.
342 621 351 638 ι

202 667 212 684 ι
236 658 267 684 '0
278 655 353 690 οἶκός
371 667 421 694 μου
441 656 517 691 οτκος
534 658 689 695 προσευχῆς
703 657 871 694 κληθήσεται
887 659 952 686 πᾶσι

163 704 220 734 τοῖς
233 703 349 731 ἔθνεσιν.
368 713 377 730 ο

201 757 212 774 ι
237 749 282 780 Ὡς
311 749 400 784 μέγας
415 750 429 776 ὁ
444 747 519 782 οῐκος
535 749 582 776 τοῦ
609 749 691 783 Θεοῦ,
719 750 768 776 καὶ
790 749 915 786 εὐμήκης
937 751 952 777 ὁ

163 795 246 826 τόπος
264 794 315 830 τῆς
332 795 448 827 κτίσεως
461 795 561 823 αὐτοῦί
587 795 694 831 Μέγας,
707 795 756 823 καὶ
772 795 823 822 οὐκ
834 795 892 832 ἔχει
906 804 951 822 τε-

163 841 261 875 λευτήν
270 849 277 855 ·
292 840 394 876 ὑψηλὸς
407 842 453 868 καὶ
463 841 629 877 ἀμέτρητος.
647 851 656 867 ι

200 896 211 913 ‹
230 886 266 913 Σὺ
283 884 308 913 εἷ
320 886 434 923 Πέτρος,
460 887 508 914 καὶ
523 887 570 913 ἐπὶ
586 886 674 924 ταύτῃ
688 888 721 923 τῇ
743 887 833 923 πέτρᾳ
847 887 952 914 οἰκοδο-

202 526 212 543 (
228 517 309 544 Δεῦτε
323 537 331 550 ,

165 932 245 968 μήσω
261 941 312 967 μου
329 932 379 968 τὴν
397 932 573 968 Ἐκκλησίαν,
601 933 647 960 καὶ
661 932 744 959 πύλαι
758 932 822 968 ᾅδου
842 932 873 960 οὺ
887 941 952 960 κατ.

163 979 322 1014 ισχύσουσιν
334 979 433 1014 αὐτῆς.

211 1024 358 1060 (Εἰσῆλθεν
385 1026 400 1051 ὸ
431 1025 537 1061 Ἰησοῦς
561 1025 601 1058 είς
627 1024 659 1052 τὸ
674 1024 758 1060 ίερδν,
776 1024 824 1052 καὶ
838 1023 951 1056 ἐξέϐαλε

163 1070 266 1102 πάντας
274 1071 337 1102 τοὺς
346 1070 505 1102 πωλοῦντας
512 1071 560 1098 καὶ
574 1071 760 1107 ἀγοράζοντας
779 1071 808 1098 ἔν
819 1070 860 1105 τῷ
874 1069 950 1107 ίερῷ,

162 1118 210 1144 καὶ
226 1116 276 1148 τὰς
286 1116 427 1152 τραπέζας
441 1116 497 1144 τῶν
522 1117 707 1144 κολλυϐιστῶν
726 1116 886 1153 ἀνέτρεψεν,
903 1116 951 1143 καὶ

162 1163 210 1196 τὰς
221 1163 360 1199 καθέδρας
375 1163 431 1190 τῶν
438 1163 601 1190 πωλούντων
627 1162 679 1195 τὰς
700 1163 879 1198 περιστεράς.
896 1162 952 1189 Καὶ

161 1210 234 1244 λέγει
248 1210 341 1242 αὐτοῖς
351 1219 358 1227 ·
371 1210 542 1245 Γέγραπται,
570 1209 600 1237 '0
613 1207 689 1241 οἶκός
707 1218 758 1245 μου
778 1207 853 1242 οἶκος
867 1217 952 1245 προσ-

161 1256 244 1291 ευχῆς
273 1255 457 1291 κληθήσεται·
486 1255 566 1291 ὑμεῖς
595 1255 625 1282 δὲ
647 1255 795 1291 ἐποιήσατε
816 1255 952 1290 σπήλαιον

160 1305 276 1341 λῃστῶν.
296 1314 306 1331 ι

197 1360 208 1377 ι
223 1351 268 1386 Μὴ
289 1351 379 1383 οἰκίας
397 1351 448 1378 οὒκ
472 1351 550 1386 ἔχετε
565 1351 605 1383 εἰς
617 1351 648 1378 τὸ
671 1350 772 1377 ἐσθίειν
787 1350 834 1377 καὶ
846 1350 950 1383 πίνειν;

159 1398 176 1433 ἦ
190 1398 238 1432 τῆς
261 1397 425 1433 Ἐκκλησίας
431 1397 478 1423 τοῦ
486 1397 554 1424 θεοῦ
564 1397 780 1432 καταφρονεῖτει
799 1395 952 1423 Ἐπαινέσω

160 1445 249 1479 huic;
267 1445 297 1471 ἔν
310 1443 417 1476 τούτοις
428 1444 479 1471 οὐκ
488 1444 603 1472 ἐπαινῶ.
624 1453 633 1470 ι

195 1491 345 1522 Εὑσεϐείας
371 1492 496 1526 σημεῖον,
515 1491 546 1517 τὺ
570 1491 672 1526 συνεχῆ
691 1491 803 1527 μνήμην
816 1490 952 1518 ποιεῖσθαι

1005 247 1136 275 dixerunt
1149 247 1215 274 mihi
1230 256 1237 274 :
1259 246 1288 274 ln
1304 247 1418 275 domum
1430 247 1539 276 Domini
1557 247 1668 276 ibimus.
1682 256 1692 274 ι

1041 293 1246 326 Habac.u,10.
1266 309 1301 314 -
1314 302 1324 319 ι
1341 293 1478 322 Dominus
1507 295 1535 321 in
1565 293 1666 329 templo
1695 298 1793 322 sancto

1005 347 1067 372 suo.
1083 340 1179 368 timeat
1192 347 1207 367 a
1224 339 1295 368 facio
1310 339 1372 376 eius
1390 340 1481 368 omnis
1498 344 1583 368 terra.
1603 349 1612 366 ι

1043 384 1124 421 5.62
1138 384 1212 420 Agg.‘
1232 392 1263 416 η,
1276 385 1350 412 ί).-
1366 393 1375 410 ι
1394 384 1489 421 Magna
1515 388 1557 412 est
1583 385 1669 419 gloria
1694 385 1792 414 domus

1004 431 1085 459 istius
1095 431 1249 459 novissima
1267 437 1349 466 super
1364 431 1493 467 primam,
1511 430 1580 459 dicit
1592 430 1723 460 Dominus
1733 439 1792 460 om-

1004 477 1144 512 nipotens.
1165 486 1177 503 ι

1040 522 1109 550 hat".
1124 522 1193 556 “,2.
1205 537 1239 543 —
1252 530 1262 548 ι
1283 521 1391 555 Venite,
1414 522 1599 551 ascendamus
1626 522 1652 550 in
1669 527 1790 552 montem

1003 568 1124 602 Domini,
1140 573 1168 596 et
1179 568 1213 597 ad
1228 569 1340 597 domum
1369 568 1416 609 Dei
1435 568 1531 598 Jacob.
1551 569 1685 598 indicabit
1712 570 1792 598 nobis

1003 614 1076 642 viam
1091 622 1180 643 suam.
1198 623 1210 641 ι

1039 661 1138 689 Jerem.
1154 669 1203 695 vn,
1221 661 1264 689 Η.
1278 676 1311 682 —-
1330 670 1340 687 ι
1356 661 1461 690 Domus
1482 669 1553 692 mea.
1577 661 1675 692 domus
1687 663 1791 691 oratio-

1006 706 1050 734 nis
1063 706 1209 734 vocabitur
1225 706 1335 734 cunctis
1347 706 1488 742 gentibus.
1505 716 1515 733 ι

1039 752 1146 780 Baruch
1162 753 1210 788 ηιξ,
1236 753 1283 781 24.
1299 768 1334 773 -—-
1353 762 1363 779 ι
1383 752 1472 786 Quam
1502 760 1602 788 magna
1631 759 1674 781 est
1693 754 1792 782 domus

1005 800 1064 833 Dei,
1076 803 1105 828 et
1122 800 1222 836 ingens
1249 799 1329 828 locus
1362 799 1549 835 possessionis
1564 799 1642 835 ejusl
1665 800 1791 836 Magnus,

1002 850 1030 874 et
1043 853 1100 874 non
1113 846 1198 874 habet
1212 846 1306 881 ﬁnem,
1326 846 1456 875 excelsus
1471 850 1499 874 et
1516 846 1692 875 immensus.»

1038 891 1136 920 Matth.
1160 893 1288 927 “1,137
1306 907 1340 912 -
1368 903 1378 919 ι
1398 892 1438 920 'l‘u
1460 900 1490 921 es
1517 892 1629 926 Petrus,
1656 897 1683 922 et
1708 902 1792 929 super

1003 938 1075 965 hanc
1092 942 1199 973 petram
1215 938 1359 966 aediﬁcabo
1378 937 1530 966 Ecclesium
1544 946 1649 973 meam;
1666 944 1693 967 et
1706 944 1791 975 portae

1003 984 1084 1012 inferi
1103 991 1158 1011 non
1178 984 1366 1019 prazvalebunt
1382 984 1518 1012 adversus
1531 991 1603 1012 eam.
1625 994 1635 1011 ι

1038 1031 1135 1059 Matth.
1145 1039 1203 1066 ut,
1224 1031 1356 1062 15,14.-
1368 1040 1377 1057 ι
1392 1031 1536 1066 Ingressus
1547 1030 1678 1059 cstJesus
1687 1031 1713 1058 iu
1723 1036 1791 1060 tem-
1818 1033 1821 1042 ί

1003 1077 1090 1113 plum,
1105 1081 1134 1105 ct
1149 1077 1230 1112 ejecit
1245 1084 1343 1105 omnes
1354 1076 1537 1105 vcndenteset
1547 1081 1670 1105 eruentes
1685 1077 1712 1105 in
1723 1081 1791 1105 tem-

1003 1123 1049 1158 plo
1064 1131 1071 1149 :
1085 1126 1113 1150 et
1132 1129 1243 1150 mensas
1263 1121 1512 1149 nummulariorum
1527 1121 1636 1155 evertit,
1656 1126 1683 1149 et
1697 1122 1792 1150 cathe-

1002 1169 1067 1198 dras
1081 1168 1260 1197 vendentium
1276 1168 1430 1196 columbas.
1445 1167 1479 1195 Et
1486 1167 1557 1195 dixit
1573 1167 1613 1196 eis
1627 1177 1634 1196 :
1651 1167 1791 1203 Scriptum

1002 1217 1067 1242 est:
1086 1213 1189 1241 Domus
1200 1221 1272 1247 mea,
1290 1213 1390 1243 domus
1408 1212 1544 1240 orationis
1566 1212 1719 1240 vocabitur.
1737 1212 1793 1240 Vos

1002 1264 1093 1288 autem
1107 1259 1213 1288 fecistis
1225 1267 1287 1289 eam
1301 1259 1462 1295 speluncam
1474 1258 1622 1286 latronum.
1639 1267 1649 1285 ι

1038 1306 1052 1333 ι
1069 1305 1131 1333 Car.
1144 1306 1179 1345 ir,
1191 1305 1238 1333 22.
1250 1321 1285 1328 -
1305 1314 1315 1332 ι
1332 1304 1464 1340 Nunquid
1493 1304 1590 1333 domos
1611 1311 1667 1332 non
1684 1303 1792 1332 habetis

1003 1351 1037 1380 ad
1060 1351 1283 1380 manducandum
1309 1355 1337 1380 et
1366 1350 1545 1379 bibendum?
1564 1354 1613 1377 aut
1638 1350 1792 1378 Ecclesium

1003 1398 1050 1427 Dei
1063 1398 1263 1427 contemnitis?
1275 1397 1405 1426 Laudabo
1417 1396 1485 1425 vos?
1497 1397 1525 1424 in
1541 1396 1595 1424 hoc
1611 1404 1666 1424 non
1680 1396 1790 1424 laudo.»

1039 1490 1069 1518 S.
1086 1490 1224 1526 Chrysou.
1241 1506 1275 1511 —
1290 1489 1405 1518 Pietatis
1417 1493 1608 1525 argumentum
1618 1492 1670 1522 est,
1683 1485 1793 1516 assidue

159 1538 214 1565 τῶν
241 1537 386 1573 θειοτέρων
414 1537 517 1568 τόπων,
541 1537 589 1562 καὶ
610 1536 641 1562 τὸ
659 1537 778 1568 πυκναῖς
793 1536 948 1569 ἔντεύξεσιν

1004 1539 1095 1565 sancta
1118 1536 1180 1563 loca
1195 1535 1328 1563 memoria
1352 1542 1477 1568 versare,
1493 1539 1521 1562 et
1536 1534 1642 1562 crebris
1663 1533 1793 1570 precibus

160 1584 331 1617 ἐειλεοῦσθαι
355 1583 400 1610 τὸν
429 1582 506 1609 Θεόν.
538 1581 668 1609 Βούλεται
685 1581 741 1616 γὰρ
758 1582 822 1614 τοὺς
844 1581 951 1617 ἀνθρώ-

160 1639 228 1662 πους
251 1630 266 1656 ό
291 1629 357 1661 Θεὸς
382 1627 448 1664 περὶ
471 1627 537 1658 τοὺς
557 1627 613 1654 τῶν
644 1626 729 1661 ἁγίων
743 1626 825 1654 οἴκων
837 1626 951 1661 λιμένας

161 1674 389 1711 καθορμίζεσθαι.

195 1722 233 1748 Τὸ
250 1721 444 1757 θυσιαστήριον
459 1719 586 1756 οὐράνιός
602 1720 662 1747 ἔστι
680 1719 817 1756 τράπεζα,
846 1720 881 1748 τὰ
897 1719 952 1747 ἀπὸ

161 1766 213 1801 γῆς
227 1765 383 1801 δεχόμενον,
414 1765 463 1792 καὶ
487 1764 597 1801 οὐρανῷ
619 1763 815 1801 παραπέμπων
827 1771 834 1779 ·
855 1763 886 1790 τὸ
903 1763 952 1791 ἀπ’

160 1812 284 1848 οὐρανῶν
295 1812 452 1848 δεχόμενον,
485 1811 534 1838 καὶ
557 1812 591 1848 τῇ
613 1812 649 1846 γῇ
661 1810 813 1847 χορηγοῦν*
834 1809 882 1838 ἐπὶ
900 1809 952 1844 γῆς

161 1858 373 1894 ἔρηρεισμένον,
388 1857 437 1884 καὶ
446 1857 485 1892 τῷ
499 1858 555 1885 ἄνω
572 1856 776 1893 παρακείμενον
785 1855 885 1892 θρόνῳ.
897 1855 952 1882 Θυ-

162 1903 323 1939 σιαστήριον
338 1902 394 1939 γὰρ
419 1902 513 1934 αὐτοῖς
542 1901 659 1938 φοϐερὸν
674 1902 731 1933 τοῖς
743 1900 883 1936 ἀγγέλοις,
896 1901 952 1933 τοῖς

160 1949 211 1985 τὴν
223 1949 350 1985 οὐράνιον
369 1947 605 1984 ὑπερπετομένοις
617 1947 709 1982 ἀψίδα.

203 1995 270 2021 ’Λπδ
284 1994 333 2029 τῆς
346 1994 468 2030 πλευρᾶς
481 1993 536 2029 ἄρα
552 1993 603 2028 τὴν
623 1992 791 2028 Ἐκκλησίαν
805 1991 952 2027 ἐδημιούρ-

162 2048 247 2075 γησεν
263 2041 278 2066 ὁ
294 2040 422 2075 Χριστὸς,
449 2039 577 2074 καθάπερ
606 2038 662 2066 ἀπὸ
687 2039 738 2073 τῆς
765 2037 885 2073 πλευρᾶς
904 2036 952 2064 τοῦ

169 2088 254 2122 Ἀδὰμ.
265 2087 316 2122 τὴν
332 2084 404 2114 Εὔαν
420 2085 561 2120 ἐποίησεν,
572 2084 622 2111 Διὰ
636 2083 717 2111 τοῦτο
728 2083 836 2115 Παῦλός
850 2090 933 2118 φησιν
943 2089 950 2097 ·

169 2133 219 2160 Ἐκ
234 2132 290 2166 τῆς
302 2132 416 2166 σαρκὸς
431 2131 535 2164 αὐτοῦ,
550 2129 600 2157 καὶ
613 2129 647 2156 ἐκ
659 2128 719 2156 τῶν
731 2127 846 2156 ὀστέων
859 2127 952 2155 αὐτοῦ

163 2179 266 2213 ἐσμεν,
279 2179 329 2213 τὴν
341 2176 465 2213 πλευρὰν
480 2176 676 2211 αὲνιττόμενος.
695 2175 804 2209 ’Ὠσπερ
820 2173 875 2209 γὰρ
892 2172 952 2199 τότε

164 2225 243 2251 ἔλαϐε
260 2224 309 2260 τὴν
321 2224 443 2259 πλευρὰν
465 2224 479 2249 ὁ
493 2223 571 2254 Θεὸς,
583 2222 632 2248 καὶ
644 2220 746 2248 ἔπλασε
763 2219 814 2255 τὴν
823 2219 950 2253 γυναῖκα,
969 2214 989 2242 D

162 2271 249 2302 οὕτως
275 2271 376 2298 ἔδωκεν
401 2270 469 2304 ἡμῖν
501 2266 573 2303 αἷμα
595 2267 643 2294 καὶ
656 2266 729 2302 ὕδωρ
742 2266 775 2292 ὲκ
794 2265 845 2300 τῆς
866 2264 952 2291 αὑτοῦ

163 2319 295 2353 πλευρᾶς,
316 2317 363 2344 καὶ
379 2316 518 2344 ἀνέπλασε
530 2316 580 2351 τὴν
603 2313 780 2349 Ἐκκλησίαν.
791 2313 847 2340 Καὶ
857 2312 953 2347 ὥσπερ

163 2364 224 2390 τότε
241 2364 270 2389 ἐν
294 2362 424 2389 ἐκστάσει
450 2361 530 2388 ἔλαϐε
554 2360 604 2396 τὴν
628 2359 750 2395 πλευρὰν
775 2358 953 2390 καθεύδοντος

162 2410 209 2437 τοῦ
230 2409 327 2445 Ἀδὰμ.
343 2408 416 2435 οὕτω
433 2408 479 2435 καὶ
493 2407 542 2434 νῦν
565 2406 635 2441 μετὰ
648 2405 762 2432 θάνατον
776 2405 806 2431 τὺ
820 2402 890 2440 αἷμα
905 2404 953 2431 καὶ

162 2457 192 2483 τὸ
207 2456 280 2492 ἴιδωρ
299 2455 428 2488 δέδωκεν,
444 2455 492 2481 καὶ
506 2454 576 2489 ὅπερ
589 2453 650 2480 τότε
665 2452 793 2484 ἔκστασις
812 2449 856 2486 ἦν,
872 2450 952 2478 τοῦτο

162 2503 210 2531 νῦν
220 2503 348 2535 θάνατος.

197 2549 332 2585 Καθάπερ
346 2549 459 2585 λιμένας
485 2549 515 2576 ἔν
536 2548 662 2583 πελάγει,
684 2547 755 2575 οὕτω
779 2547 828 2580 τὰς
854 2547 952 2582 ἐκκλη-

163 2597 224 2628 σίας
243 2597 273 2624 ἔν
300 2596 411 2623 πόλεσιν
436 2596 537 2631 ἔπηξεν
553 2597 567 2623 ὁ
579 2595 657 2628 Θεὸς,
672 2595 715 2622 ἵνα
734 2594 789 2621 ἀπὸ
803 2595 853 2630 τῆς
867 2593 952 2628 ζάλης

106 2655 119 2660 κ
162 2643 218 2670 τῶν
233 2642 368 2678 β.ωτικῶν
383 2643 555 2678 πραγμάτων
566 2641 684 2669 ἐνταῦθα
696 2641 853 2676 φεύγοντες,
868 2639 952 2675 γαλή-

162 2696 212 2723 νης
224 2688 418 2723 ἀπολαύωμεν.
434 2687 503 2714 οὐδὲ
516 2687 572 2722 γὰρ
588 2687 719 2722 κυμάτων
741 2686 815 2713 ἔστιν
835 2684 953 2712 ἐνταῦθα

163 2734 368 2768 καταφυγόντες
395 2734 482 2760 δεῖσαι
504 2732 695 2769 καταδρομὴν,
729 2732 759 2759 οὺ
790 2731 952 2768 κακουργῶν

163 2780 267 2815 ἔφοδον,
292 2780 322 2807 οὐ
349 2780 515 2815 πνευμάτων
543 2779 614 2815 βίας,
638 2779 668 2805 οὺ
689 2778 792 2814 θηρίων
810 2778 950 2810 ἐπιϐολάς.

163 2827 253 2862 Λιμὴν
265 2827 319 2863 γάρ
331 2828 390 2854 ἐστι
411 2826 514 2855 τούτων
535 2827 644 2854 πάντων
664 2826 884 2860 ἀπηλλαγμένος,
906 2825 952 2852 Λι-

166 2872 218 2908 μίίν
234 2873 288 2908 ἄρα
313 2874 372 2901 ἐστὶ
402 2873 496 2910 ψυχῶν
523 2875 538 2909 ἠ
565 2872 720 2902 Ἐκκλησία.
736 2872 828 2902 Πάντα
842 2873 895 2908 γὰρ
909 2872 952 2900 διὰ

1002 1582 1088 1610 Deum
1105 1581 1225 1616 placare.
1241 1580 1307 1608 Vult
1326 1580 1400 1607 enim
1427 1580 1501 1608 Deus
1524 1580 1652 1608 homines
1675 1579 1709 1607 ad
1725 1583 1794 1607 tem-

1002 1629 1112 1664 plorum
1135 1631 1233 1664 portus
1251 1626 1427 1655 continenter
1443 1626 1592 1663 appellere.

1038 1720 1178 1755 Ejusdem.
1189 1734 1224 1740 —
1240 1719 1336 1747 Altare
1360 1718 1486 1747 ccclesiis
1499 1722 1543 1747 est
1569 1726 1677 1752 mensa,
1694 1719 1722 1747 in
1736 1726 1792 1755 quo

1003 1770 1112 1794 terrena
1123 1766 1195 1794 dona
1221 1765 1406 1800 recipiuntur,
1434 1768 1463 1793 et
1481 1764 1509 1792 in
1528 1764 1630 1792 coelum
1646 1765 1791 1792 transmit-

1003 1816 1100 1840 tuntur
1111 1821 1119 1847 ;
1132 1811 1258 1840 coelestia
1275 1819 1397 1847 superne
1410 1811 1579 1848 suscipiens,
1591 1814 1620 1838 et
1634 1814 1714 1838 terrae
1724 1810 1792 1838 sub-

1003 1858 1166 1887 ministrans
1183 1866 1190 1884 :
1206 1858 1234 1886 in
1255 1862 1331 1886 terra
1346 1858 1443 1890 fixum,
1458 1861 1486 1886 et
1505 1856 1612 1885 caelesti
1633 1857 1734 1885 throno
1745 1857 1793 1884 ad-

1000 1903 1110 1940 jacens.
1123 1903 1218 1931 Altare
1231 1903 1304 1931 cnim
1332 1903 1436 1938 angelis
1455 1902 1534 1938 ipsis,
1565 1902 1612 1937 qui
1630 1910 1713 1938 supra
1730 1902 1792 1930 cceli

1003 1956 1082 1977 axem
1097 1949 1204 1982 volant,
1216 1948 1394 1976 formidabile
1410 1952 1464 1976 est.

1038 1994 1180 2030 Ejusdem,
1193 1994 1286 2021 homil.
1302 1993 1337 2021 ad
1366 1993 1529 2029 neophyt.—
1545 1993 1675 2021 Christus
1694 1993 1728 2021 de
1741 2000 1792 2021 suo

1003 2040 1090 2069 latere
1111 2039 1263 2067 Ecclesium
1284 2038 1421 2072 condidit,
1448 2038 1681 2074 quemadmodum
1709 2038 1791 2065 Evam

1002 2095 1034 2115 ex
1061 2086 1149 2113 latere
1168 2085 1255 2113 Adam
1282 2084 1478 2113 fabricaverat.
1495 2083 1573 2112 Unde
1594 2084 1676 2112 etiam
1691 2083 1792 2112 Paulus

1002 2133 1042 2160 ait
1059 2141 1066 2160 :
1084 2131 1128 2158 Ea:
1144 2139 1224 2158 carne
1239 2131 1308 2165 eius,
1319 2135 1345 2159 et
1356 2138 1388 2158 ea:
1399 2131 1502 2159 auibus
1510 2131 1567 2165 eius
1577 2138 1669 2158 sumus
1684 2129 1792 2166 (Ephes.

1003 2186 1033 2211 v,
1063 2177 1122 2213 50).
1146 2177 1219 2205 latus
1245 2176 1375 2205 videlicet
1400 2165 1595 2205 subindicans.
1622 2175 1690 2203 Nam
1719 2175 1793 2203 velut

1005 2228 1071 2252 tunc
1088 2223 1158 2252 Deus
1188 2228 1293 2252 costam
1321 2222 1450 2258 sumpsit,
1465 2229 1498 2250 ac
1519 2221 1649 2250 feminam
1668 2221 1791 2255 ctﬁnxit;

1003 2271 1044 2300 sic
1058 2271 1139 2299 nobis
1155 2270 1318 2306 sanguinem
1336 2273 1364 2297 et
1379 2275 1479 2305 aquam
1488 2268 1564 2297 dedit
1580 2276 1612 2296 ex
1633 2268 1718 2296 latere
1729 2275 1791 2301 suo,

1003 2320 1030 2346 ct
1055 2316 1210 2346 Ecclesiam
1236 2315 1379 2344 formavit.
1407 2315 1441 2343 Et
1463 2315 1696 2351 quemadmodum
1727 2319 1792 2342 tunc

1003 2367 1109 2392 costam
1136 2363 1165 2391 in
1193 2363 1239 2391 illo
1257 2369 1358 2398 sopore
1376 2361 1541 2390 dormientis
1557 2362 1644 2389 Adam
1657 2362 1764 2396 accepit
1783 2370 1790 2388 :

1003 2410 1041 2437 ita
1052 2417 1127 2437 nunc
1142 2416 1254 2445 quoque
1267 2413 1330 2444 post
1342 2412 1456 2436 mortem
1468 2408 1632 2444 sanguinem
1646 2411 1674 2434 et
1693 2414 1791 2442 aquam

1003 2455 1088 2484 dedit.
1112 2455 1181 2483 Nam
1203 2454 1276 2491 quod
1288 2458 1357 2483 tunc
1372 2461 1457 2490 sopor
1468 2457 1539 2487 erat,
1557 2453 1610 2481 hoe
1621 2453 1648 2481 in
1662 2453 1792 2489 praesenti

1003 2508 1079 2529 mors
1093 2504 1147 2529 est.

1039 2546 1179 2582 Ejusdem.
1199 2561 1234 2567 —
1249 2545 1486 2580 Quemadmodum
1507 2546 1605 2581 portus
1615 2543 1692 2580 juxta
1704 2549 1790 2577 mare,

1004 2593 1045 2622 sic
1058 2593 1085 2621 in
1109 2593 1225 2621 urbibus
1249 2592 1391 2621 Ecclesias
1410 2591 1508 2620 statuit
1529 2591 1614 2622 Deus.
1631 2594 1692 2618 uta
1709 2597 1792 2626 nego-

1003 2639 1105 2667 tiorum
1119 2639 1236 2675 hujusce
1261 2639 1325 2666 vitae
1349 2637 1481 2666 fluetibus
1513 2636 1568 2664 huc
1588 2636 1791 2672 confugientes,

1003 2686 1207 2722 tranquillitate
1233 2686 1419 2722 perfruamur.
1449 2686 1546 2723 Neque
1573 2686 1646 2715 enim
1679 2685 1714 2714 iis
1744 2685 1792 2721 qui

1004 2733 1072 2761 illuc
1089 2732 1280 2768 confugerint,
1302 2733 1433 2762 fluctuum
1454 2734 1574 2769 impetus
1591 2733 1791 2769 pertimescen-

1003 2780 1055 2808 dus
1083 2783 1137 2813 cst,
1160 2787 1215 2807 non
1239 2779 1400 2816 praedonum
1420 2780 1553 2812 assultus,
1569 2787 1623 2807 non
1635 2779 1677 2806 vis
1694 2783 1791 2806 vento—

1003 2833 1076 2859 rum,
1088 2833 1144 2853 non
1163 2825 1331 2853 belluarum.
1342 2824 1443 2853 Portus
1459 2825 1559 2860 quippe
1574 2828 1616 2852 est
1629 2823 1721 2852 abhis
1733 2831 1791 2850 om-

1004 2872 1086 2901 nibus
1104 2868 1243 2902 immunis.
1273 2871 1342 2900 Nam
1365 2875 1462 2907 portus
1488 2871 1644 2900 animorum
1666 2869 1791 2898 Ecclesia

1817 647 1886 691 καθα),
2014 665 2019 677 ι

1867 887 1914 928 ﬁ?

1874 1308 1897 1348 ζ
