2056 3113
261 131 332 166 143ἓ

258 192 314 216 est.
338 187 391 215 Per
410 187 482 214 hanc
515 186 652 221 siquidem
679 186 744 214 fera:
764 193 862 213 omnes
890 192 1059 220 compressae
1073 187 1095 215 Α

261 238 330 261 sunt
347 243 354 261 :
374 233 449 261 velut
464 233 595 260 nimirum
607 232 795 259 iucantotione
810 231 942 267 quadam,
953 230 1058 258 divina-

263 287 326 307 rum
354 279 564 314 Scripturarum
590 278 736 306 auditione
760 284 809 313 per
839 277 1059 312 uniuscujusque

262 332 357 352 aurem
372 325 400 352 in
416 324 540 351 animum
558 323 705 357 inﬂuente,
717 330 820 359 usque
833 331 850 351 ι
863 323 970 350 ratione
979 329 1059 351 aver-

264 378 316 397 sas'
327 370 489 397 atlcctiones
504 369 696 405 consopientc.

300 415 329 443 S.
346 415 484 450 Clarysost.
496 415 590 442 homil.
601 416 627 442 in
639 415 714 442 Psal.
726 422 798 446 xuv,
813 415 845 442 de
862 413 974 446 Eutrop.
985 412 1060 440 —Ne

263 461 392 489 discedas
403 462 437 489 ab
452 461 584 488 Ecclesia.
597 460 670 487 Nihil
691 461 812 488 Ecclesia
824 460 971 487 valentius.
983 459 1060 494 Rupe

265 506 361 534 fortior
374 511 435 539 est;
453 506 536 533 latior
548 510 591 534 est.
608 505 690 533 coelo.
714 505 801 539 Quem
815 505 888 532 enim
913 512 964 532 ncc
981 511 1061 539 supc-

264 554 417 586 riora,’nec
432 553 574 587 inferiora~
591 560 690 587 capere
716 555 853 587 poterant,
875 552 948 582 hunc
965 554 1062 578 venter

266 600 361 634 cmpit,
378 607 429 626 nec
443 602 578 634 angustus
588 602 716 633 repertus
730 602 784 626 est.
805 597 954 632 Nunquam
969 604 1063 624 senes-

267 646 304 672 cit
319 644 507 677 Ecclcsia,sed
523 652 631 679 semper
650 644 733 679 viget.
744 643 800 671 Cur
809 643 891 680 £63
907 651 966 670 eam
986 642 1062 670 Scri-

266 694 347 724 ptura
375 693 494 716 montem
513 689 683 724 appellavit?
707 689 801 724 utique
818 689 882 724 quia
907 687 992 716 everti
1009 695 1062 714 non

266 739 368 770 potest.
387 734 458 768 Quin
473 735 544 762 hanc
559 742 670 771 quoque
697 741 802 770 petram
819 739 920 768 vocat,
936 735 1001 771 quia
1021 735 1064 761 la—

266 780 398 809 befactari
414 782 523 817 nequit.
619 772 623 777 ’

267 839 334 867 ΤΙΤ.
352 838 410 868 νιι.
426 839 507 866 —De
521 839 662 909 οναιίρὶπςῖ
676 843 702 900 let
712 843 814 874 quanta
827 839 885 873 ejus
899 846 979 872 opera
994 845 1057 872 per-

612 882 672 901 επακ
689 883 730 902 ur.

612 879 730 902 ctantur.

302 920 391 948 Exod.
406 928 443 954 Ix,
456 921 502 948 55.
518 935 552 940 -
567 929 576 946 ι
589 920 728 955 Egressus
753 920 863 956 Moyses
878 926 894 947 a
912 919 1059 947 Pharaone

265 974 300 994 ex
329 966 406 998 urbe.
435 966 552 994 tetendit
580 974 677 994 manus
703 973 769 994 suas
793 966 828 993 ad
852 965 1012 999 Dominum,
1032 970 1061 994 et

265 1020 445 1044 cessaverunt
459 1023 541 1043 voces
555 1019 583 1042 et
599 1015 715 1050 grando.

299 1060 391 1088 Judic.
404 1069 462 1093 xvt,
478 1061 575 1088 28-30.
590 1070 643 1087 -ι
663 1060 799 1094 Clamavit
814 1060 934 1088 Samson
954 1060 987 1087 ad
1004 1059 1059 1087 Do-

266 1107 383 1138 minum,
398 1110 426 1135 et
445 1106 514 1133 dixit
530 1116 537 1134 :
552 1106 667 1134 Domine
685 1106 767 1139 Deus,
785 1110 924 1134 memento
943 1107 996 1134 mei
1008 1106 1061 1134 hac

266 1159 321 1179 una
333 1153 403 1184 vice,
422 1155 450 1179 et
466 1151 619 1180 retribuam
651 1152 864 1180 retributionem
895 1159 978 1178 unam
1010 1159 1060 1187 pro

265 1196 375 1224 duobus
398 1197 489 1226 oculis
525 1197 595 1225 mcis
629 1197 788 1233 allophylis.
821 1197 854 1224 Et
877 1197 1061 1233 apprehendit

267 1243 385 1270 Samson
401 1243 496 1270 ambas
509 1243 655 1271 columnas
667 1242 784 1276 medias,
801 1243 904 1279 quibus
921 1243 1060 1271 inniteba-

266 1293 313 1317 tur
323 1290 435 1322 domus,
447 1294 474 1318 et
485 1289 555 1317 dixit
573 1297 580 1316 :
601 1289 734 1316 Moriatur
751 1289 841 1316 anima
860 1297 920 1317 mea
936 1296 999 1316 cum
1017 1289 1058 1316 al-

268 1335 403 1371 Iopbylis;
419 1339 446 1364 et
461 1335 565 1363 cecidit
578 1335 690 1368 domus,
709 1335 852 1370 multoque
863 1335 956 1371 plures
973 1335 1059 1362 inter-

267 1382 332 1410 fecit
347 1390 430 1417 quam
451 1382 626 1409 interfecerat
639 1382 667 1409 in
680 1382 735 1409 vita
756 1389 817 1409 sua.
841 1391 850 1407 ι

303 1428 333 1455 II
350 1428 446 1456 Parui.
465 1435 552 1460 usu,
569 1428 614 1455 20.
635 1443 671 1450 --
689 1438 699 1454 ι
717 1427 812 1456 Oravit
837 1427 969 1456 Ezechias
999 1436 1058 1461 res,

267 1477 296 1502 et
322 1473 400 1501 misit
427 1473 562 1501 Dominus
591 1473 730 1509 angelum,
754 1473 802 1508 qui
825 1473 937 1501 extrivit
950 1481 1058 1503 omnem

268 1519 425 1551 robustum,
443 1521 470 1547 et
487 1518 690 1554 priucipem,et
709 1519 808 1546 ducem
823 1519 851 1546 in
869 1519 970 1547 castris
987 1519 1060 1555 regis
1073 1533 1095 1563 ε

268 1566 366 1594 Assur.
383 1575 393 1592 ι

305 1610 336 1638 11
353 1611 438 1638 Paral
461 1619 559 1643 sunt,
590 1611 686 1639 1045.
702 1626 736 1631 —
761 1620 770 1637 ι
785 1611 906 1647 Locutus
924 1615 966 1639 cst
989 1611 1061 1640 Deus

270 1664 356 1692 super
372 1656 534 1689 Manassen;
558 1660 586 1684 et
604 1656 876 1691 comprehenderunt
902 1656 1059 1690 Manassen,

269 1707 297 1730 et
314 1702 437 1730 vinctum
451 1703 557 1730 catenis
572 1706 599 1730 et
618 1703 802 1738 compedibus
815 1703 956 1731 duxerunt
973 1701 1062 1737 Baby-

270 1750 372 1777 lonem.
389 1749 421 1777 Et
433 1751 522 1778 oravit
539 1749 574 1778 ad
593 1750 751 1785 Dominum,
765 1755 792 1779 et
809 1751 951 1779 exaudivit
967 1758 1061 1778 vocem

267 1796 343 1831 ejus.
364 1805 374 1822 ι

306 1840 396 1869 Schol.
408 1842 546 1871 Memoria:
559 1843 698 1879 proditqu
713 1847 756 1871 est
766 1843 800 1870 ab
816 1842 958 1876 Africano,
975 1843 1062 1878 quod,

271 1889 337 1916 dum
351 1889 505 1917 oratinnem
518 1889 659 1918 Manasses
686 1889 827 1922 funderet,
846 1889 954 1916 vincula
972 1889 1061 1917 ferrea

271 1934 414 1962 confracta
435 1935 502 1968 sint,
524 1939 551 1963 ct
573 1935 633 1970 ipse
648 1934 760 1970 fugerit.

307 1981 358 2009 111
374 1981 438 2017 Reg.
458 1988 534 2013 xvm,
544 1980 646 2009 36.—¢
661 1980 799 2009 Clamavit
813 1980 888 2009 Elias
902 1980 935 2009 ad
950 1981 1062 2014 cmlum,

270 2032 300 2056 ct
313 2028 402 2055 dixit:
421 2027 536 2056 Domine
555 2027 628 2055 Deus
644 2027 795 2061 Abraham,
814 2027 903 2060 Isaac,
917 2031 945 2054 et
966 2026 1063 2061 Iacob,

271 2074 370 2102 exaudi
381 2081 423 2102 me
438 2074 465 2102 in
477 2073 587 2110 igne.Et
596 2073 698 2102 cecidit
710 2074 781 2109 ignis
791 2079 807 2100 a‘
817 2073 1064 2107 Dominodecmlo,

271 2124 299 2148 ct
315 2119 459 2148 devoravit
490 2120 694 2153 holocaustum,
716 2126 744 2148 οι
763 2120 837 2155 ligna
855 2120 954 2153 scissa,
975 2123 1003 2148 et
1024 2120 1065 2146 la-

273 2165 361 2201 pidcs,
374 2169 402 2193 et
417 2165 558 2200 pulverem
583 2175 590 2194 :
608 2166 675 2201 quin
699 2170 728 2194 et
754 2173 852 2201 aquam
871 2174 933 2201 qua:
955 2171 1014 2194 erat
1036 2166 1064 2194 iu

272 2212 373 2244 canali,
389 2211 524 2239 elambuit
540 2212 625 2247 ignis.
639 2222 649 2238 ι

310 2256 351 2284 ιγ
369 2256 431 2292 Reg.
445 2265 483 2289 vn,
500 2257 594 2286 15-18.
611 2273 647 2278 -
661 2267 671 2283 ι
689 2257 870 2286 Consurrexit
899 2266 980 2286 mane
1009 2258 1063 2285 mi-

1074 864 1096 891 Β

273 2303 360 2330 nister
388 2296 485 2336 Elis‘ci,
509 2307 537 2331 et
552 2310 616 2331 ecce
632 2303 773 2332 exercitus
790 2304 970 2332 circumdans
995 2304 1063 2331 civi-

273 2351 368 2379 tatem,
392 2352 421 2376 et
445 2348 565 2384 equites,
581 2352 610 2376 et
630 2356 741 2377 currus.
759 2349 794 2376 Et
810 2349 878 2377 dixit
895 2357 964 2385 puer
980 2350 1014 2377 ad
1030 2350 1063 2377 il-

273 2394 329 2421 lum
349 2401 356 2420 :
373 2392 444 2426 Quid
459 2392 603 2421 faciemus.
616 2392 726 2421 Etdixit
740 2392 914 2421 EliseuszNe
925 2393 1063 2424 timueris,

272 2440 406 2476 quoniam
423 2440 515 2475 plures
534 2443 600 2468 sunt
617 2440 773 2468 nobiscum.
789 2438 823 2466 Et
838 2439 928 2467 oravit
943 2439 1063 2473 Eliseus,

272 2491 300 2514 et
313 2486 381 2514 dixit
397 2493 404 2512 :
425 2486 550 2514 Domine.
569 2486 644 2522 aperi
659 2486 756 2514 oculos
766 2486 856 2521 pueri,
873 2488 901 2513 et
913 2485 1014 2513 videat.
1031 2484 1064 2512 Et

273 2533 383 2569 aperuit
397 2533 494 2561 oculos
504 2533 593 2568 pueri,
606 2538 634 2561 et
654 2532 734 2566 vidit,
745 2536 772 2560 et
787 2539 851 2560 ecce
873 2539 952 2559 mons
968 2531 1064 2566 plenus

272 2584 454 2617 equorum,et
466 2580 642 2616 currusignis
657 2580 683 2606 in
692 2579 810 2607 circuitu
825 2578 918 2607 Elisei.
932 2578 965 2606 Et
977 2579 1066 2607 oravit

272 2626 399 2659 Eliseus,
416 2629 443 2653 et
453 2625 538 2653 dixit:
552 2625 669 2653 Percute
680 2628 788 2660 gentem
805 2625 876 2652 hanc
894 2625 1026 2652 caecitate.
1051 2633 1061 2650 ι

309 2673 352 2701 IV
364 2672 429 2708 Reg.
445 2681 491 2704 xx,
502 2672 562 2699 4-6.
579 2686 617 2692 —-—
631 2681 640 2697 ι
662 2672 728 2698 Erat
747 2671 835 2699 Isaias
845 2672 872 2699 in
887 2671 976 2698 medio
990 2671 1063 2702 atrii,

273 2722 301 2745 et
315 2726 409 2746 sermo
426 2718 534 2747 Domini
550 2718 641 2745 factus
654 2722 697 2745 est
715 2717 749 2745 ad
763 2725 827 2746 eum
845 2726 853 2745 :
866 2716 1023 2749 Revertere,
1037 2719 1065 2744 et

273 2763 351 2791 dices
371 2766 403 2792 ad
421 2764 591 2792 Ezechiam:
607 2764 672 2792 llaec
687 2764 755 2792 dicit
779 2763 914 2792 Dominus
941 2763 1065 2798 omnipo-

276 2813 338 2836 tens
355 2817 362 2836 :
380 2810 481 2837 Audivi
508 2811 661 2838 orationem
693 2815 781 2844 tuam,
796 2816 824 2838 et
847 2811 903 2838 vidi
927 2811 1064 2847 lacrymas

276 2857 352 2886 tuas,
369 2859 397 2882 ct
416 2855 514 2884 addam
531 2857 564 2884 ad
585 2864 672 2884 annos
688 2861 749 2885 tuos
767 2856 897 2885 sedecim.
920 2867 929 2884 ι
976 2885 977 2888 η

860 131 889 160 S.
908 129 1068 161 JOANNIS
1087 128 1302 159 DAMASCENI

1840 125 1912 160 M36

1109 184 1211 220 ταύτης
1233 183 1390 217 κατεστάλη
1417 182 1453 209 τὰ
1477 181 1570 217 θηρία,
1595 182 1722 218 καθάπερ
1738 183 1814 215 Osis;
1834 175 1911 211 τινος

1106 230 1227 266 ὶπῳδῆς,
1244 230 1295 264 τῆς
1309 228 1365 255 τῶν
1380 227 1462 255 Θείων
1486 227 1604 263 Γραφῶν
1623 227 1782 263 ἀκροάσεως
1797 227 1842 254 διὰ
1858 229 1910 262 τῆς

1109 277 1194 312 ἀκοῆς
1209 276 1326 302 ἑκάστου
1341 275 1410 311 πρὸς
1439 273 1489 308 τὴν
1507 273 1599 309 ψυχὴν
1621 273 1771 310 εἰσιούσης,
1785 274 1832 300 καὶ
1850 282 1909 300 κοι-

1112 321 1247 357 μιζούσης
1260 321 1349 348 ταῦτα
1365 320 1400 347 τὰ
1412 320 1500 354 ἄλογα
1508 319 1596 355 πάθη.

1146 412 1192 448 Μὴ
1215 413 1319 448 ἀπέχου
1348 412 1404 439 ἀπὸ
1431 411 1596 447 Ἐκκλησῐας
1610 419 1618 427 ⁸
1641 411 1719 438 οὐδὲν
1739 411 1905 447 Ἐκκλησίας

1113 459 1299 495 ἰσχυρότερον.
1316 459 1372 494 Τῆς
1384 458 1488 493 πέτρας
1502 458 1671 494 ἰσχυροτέρα
1682 458 1752 490 ἐστὶ,
1766 457 1814 484 τοῦ
1824 457 1906 493 οὐρα-

1112 505 1159 532 νοῦ
1176 504 1332 540 ὑψηλοτέρα
1347 504 1416 536 ἐστὶ,
1444 503 1495 539 τῆς
1508 503 1561 538 γῆς
1578 503 1737 538 πλατυτέρα
1751 502 1838 529 ἐστιν.
1858 503 1907 529 ὀν

1113 551 1168 585 γὰρ
1184 551 1235 577 οὐκ
1249 550 1376 586 ἐχώρησε
1400 550 1435 576 τὰ
1448 550 1504 577 ἄνω
1516 550 1564 576 καὶ
1579 548 1614 575 τὰ
1633 548 1719 581 κάτω,
1733 549 1841 583 γαστὴρ
1855 548 1908 574 οὐκ

1112 597 1319 632 ὲστενοχωρήθη
1328 596 1404 631 χωρή
1409 604 1490 622 σασα.
1501 595 1637 622 Οὐδέποτε
1644 595 1729 630 γηρᾷ,
1739 594 1808 621 ἀλλὰ
1816 595 1906 621 πάντα

1114 642 1245 677 ἀκμάζει.
1262 641 1311 669 Διὰ
1322 642 1348 668 τι
1364 642 1427 677 ὅρος
1438 642 1523 677 αὐτὴν
1539 641 1670 669 ἐκάλεσεν
1688 641 1704 676 ἡ
1726 640 1840 676 Γραφὴ;
1857 640 1908 667 Διὰ

1114 689 1144 715 τὸ
1157 689 1369 724 ἀπερίτρεπτον.
1386 689 1442 715 Καὶ
1471 688 1575 723 πέτραν
1591 687 1677 717 ,καλεῖ
1700 686 1797 722 αὐτὴν,
1814 686 1859 714 διὰ
1875 686 1908 714 sb

1114 735 1243 771 ἄφθορον.

1116 839 1206 866 ΤῘΤΛ.
1234 839 1273 867 Z’.
1300 839 1421 874 -Περι
1442 838 1554 873 εὐχῆς”
1581 839 1635 874 καὶ
1657 839 1717 865 ὅσα
1743 836 1782 864 δι’
1810 835 1907 871 εὐχῆς

1361 874 1576 909 κατορθαῦνται
1586 873 1666 908 ὑμῖν.

1148 930 1157 947 ι
1179 921 1289 955 Ἑξῆλοε
1318 921 1421 956 Μωσῆς
1446 920 1501 948 ἀπὸ
1527 919 1628 956 Φαραὼ
1646 919 1698 952 ἔξω
1711 918 1763 953 τῆς
1783 918 1902 950 πόλεως,

1110 969 1157 996 καὶ
1174 968 1322 1001 ὲξεπέτασε
1344 968 1395 1001 τὰς
1423 970 1519 1004 χεῖρας
1535 967 1618 995 αὑτοῦ
1645 967 1714 1001 πρὸς
1729 967 1842 1002 Κύριον,
1856 965 1908 993 καὶ

1110 1015 1264 1042 ἐπαύσαντο
1277 1015 1304 1042 αι
1320 1014 1410 1050 φωναὶ
1425 1015 1473 1041 καὶ
1490 1015 1507 1050 ἡ
1522 1012 1639 1050 χάλαζα.
1657 1023 1666 1039 ι

1147 1070 1157 1087 ι
1180 1061 1326 1097 Ἀνεόόησε
1355 1060 1476 1096 Σαμψὼν
1499 1060 1568 1095 πρὸς
1595 1059 1698 1095 Κύριον
1711 1079 1719 1091 ,
1750 1058 1798 1086 καὶ
1823 1056 1904 1086 εἷπε·

1111 1109 1208 1144 Κύριε,
1234 1108 1370 1144 μνήσθητι
1386 1108 1418 1143 δή
1437 1117 1490 1144 μου
1509 1107 1542 1134 τὸ
1571 1106 1647 1140 ἅπαξ
1660 1106 1752 1138 τοῦτο,
1771 1106 1818 1133 καὶ
1842 1106 1908 1133 ἀντ-

1111 1154 1245 1182 αποδώσω
1261 1154 1441 1182 ἀνταπόδοσιν
1460 1154 1526 1189 μίαν
1538 1153 1604 1190 περὶ
1619 1153 1674 1180 τῶν
1689 1153 1737 1180 δύο
1757 1151 1908 1187 ὀφθαλμῶν

1112 1209 1163 1236 μου
1178 1202 1234 1232 τοῖς
1248 1200 1421 1235 ἀλλοφύλοις.
1446 1200 1503 1228 Καὶ
1528 1198 1676 1236 περιέλαϐε
1701 1198 1820 1234 Σαμψὼν
1842 1198 1908 1230 τοὺς

1109 1245 1157 1273 δύο
1170 1245 1283 1277 στύλους
1293 1246 1356 1278 τοὺς
1371 1243 1583 1281 μέσους,ὲφόῐς
1600 1246 1614 1272 ὁ
1626 1241 1700 1276 οἶκος
1713 1243 1908 1279 ἑπεστήρικτο,

1111 1291 1158 1318 καὶ
1174 1289 1251 1318 εἶπεν
1262 1299 1271 1307 ·
1291 1290 1466 1318 Ἀποθανέτω
1481 1291 1498 1326 ἠ
1510 1290 1584 1326 ψυχή
1604 1299 1655 1325 μου
1672 1289 1743 1325 μετὰ
1759 1289 1814 1316 τῶν
1826 1288 1907 1315 ἀλλο-

1111 1336 1213 1371 φύλων.
1230 1337 1286 1363 Καὶ
1298 1336 1397 1363 ἔπεσεν
1423 1337 1437 1363 ὸ
1465 1334 1551 1369 οἶκος,
1576 1335 1624 1363 καὶ
1637 1335 1810 1367 ἐθανάτωσεν
1835 1333 1909 1369 ὑπὲρ

1110 1382 1157 1415 οὓς
1175 1382 1346 1409 ἐθανάτωσεν
1359 1383 1388 1410 ὲν
1402 1384 1436 1418 τῇ
1453 1382 1511 1418 ζωῇ
1526 1381 1619 1410 αὑτοῦ.
1642 1391 1652 1408 ι

1149 1437 1158 1454 ι
1175 1428 1352 1463 Προσηύξατο
1373 1428 1499 1461 Ἐζεκίας
1511 1429 1525 1454 ό
1539 1427 1678 1463 βασιλεὺς,
1687 1427 1735 1455 καὶ
1747 1427 1910 1454 ἀπέστειλεν

1111 1474 1126 1500 ὁ
1137 1473 1241 1509 Κύριος
1252 1473 1379 1508 ἄγγελον,
1400 1474 1450 1501 καὶ
1465 1473 1593 1509 ὲξέτριψε
1610 1473 1701 1501 πάντα
1718 1473 1843 1505 δυνατὸν,
1859 1474 1910 1500 καὶ

1112 1519 1291 1555 πολεμιστὴν,
1324 1519 1373 1546 καὶ
1403 1520 1539 1555 ἄρχοντα,
1569 1520 1617 1546 καὶ
1643 1519 1798 1556 στρατηγὸν
1820 1519 1850 1545 ὲν
1872 1520 1909 1554 τῇ

1112 1565 1275 1602 παρεμϐολῇ
1292 1565 1425 1601 βασιλέως
1446 1566 1543 1595 ’Δσσού
1549 1574 1574 1601 ρ.

1150 1622 1160 1639 ι
1177 1613 1309 1648 Ἐλάλησε
1327 1612 1432 1648 Κύριος
1449 1612 1496 1639 ἐπὶ
1511 1613 1674 1647 Μανασσῆν,
1692 1612 1741 1638 καὶ
1758 1611 1910 1639 κατέλαϐον

1111 1659 1157 1686 τὸν
1185 1659 1348 1694 Μανασσῆν,
1372 1659 1421 1686 καὶ
1454 1658 1554 1694 ἔδησαν
1581 1659 1663 1685 αὑτὸν
1687 1659 1716 1685 ὲν
1738 1658 1842 1690 πέδαις,
1859 1659 1911 1685 καὶ

1112 1706 1217 1741 ἡγαγσν
1227 1706 1268 1738 εἰς
1281 1705 1439 1733 Βαὸυλῶνα.
1454 1705 1511 1732 Καὶ
1532 1704 1707 1741 προσηύξατο
1726 1705 1794 1740 πρὸς
1813 1704 1908 1738 αὐτὸν,

1113 1754 1160 1780 καὶ
1177 1753 1278 1788 ἤκουσε
1293 1753 1344 1789 τῆς
1364 1752 1427 1788 βοῆς
1442 1752 1536 1780 αὑτοῦ.
1557 1762 1567 1778 ι

1149 1845 1240 1879 Σχόλ.
1273 1844 1425 1880 Ἱστόρηται
1455 1843 1532 1880 παρᾶ
1550 1843 1721 1879 ’Δφρικανῷρ
1741 1843 1782 1871 ὅτι
1809 1844 1839 1871 ὲν
1867 1844 1910 1879 τῷ

1114 1888 1286 1925 λέγεινῲδὴν
1306 1890 1354 1916 τὸν
1375 1889 1523 1924 Μανασσῆ,
1551 1887 1588 1915 τὰ
1611 1888 1700 1924 δεσμὰ
1715 1888 1850 1924 διερρἀγη
1865 1897 1910 1915 σι-

1113 1935 1184 1970 δηρᾶ
1195 1935 1271 1968 ὅντα,
1287 1934 1335 1962 καὶ
1351 1934 1463 1970 ἔφυγεν.

1153 1990 1162 2006 ι
1184 1981 1344 2017 Ἀνεσόητεν
1362 1980 1452 2008 Ἥλιοῦ
1486 1980 1527 2012 εἰς
1550 1980 1597 2007 τὸν
1618 1980 1746 2017 οὐρανὸν,
1763 1980 1812 2007 καὶ
1825 1977 1887 2007 εἶπε
1900 1990 1908 1996 ·

1114 2027 1202 2062 Κύριε
1221 2028 1235 2054 ὁ
1249 2027 1316 2060 Θεὸς
1343 2027 1479 2063 ’Δὸραὰμ,
1502 2026 1552 2054 καὶ
1584 2027 1688 2061 Ἰσαὰκ,
1720 2027 1767 2054 καὶ
1795 2026 1909 2059 Ἰακὼϐ,

1115 2073 1268 2101 ὲπάκουσόν
1284 2082 1335 2108 μου
1346 2075 1375 2100 ὲν
1386 2073 1466 2109 πυρι-
1482 2073 1531 2100 καὶ
1548 2072 1631 2100 ἔπεσε
1643 2073 1701 2104 πῦρ
1712 2073 1789 2108 παρὰ
1802 2073 1908 2108 Κυρίου

1115 2120 1147 2146 ὲκ
1158 2119 1206 2146 τοῦ
1222 2118 1349 2154 οὐρανοῦ,
1367 2119 1416 2146 καὶ
1447 2119 1588 2154 κατέφαγε
1608 2120 1640 2147 τὸ
1661 2119 1844 2154 ὁλοκαύτωμα
1860 2119 1910 2145 καὶ

1114 2167 1164 2197 τὰς
1182 2165 1290 2200 σχίζας,
1306 2165 1354 2192 καὶ
1377 2165 1443 2198 τοὺς
1465 2165 1568 2199 λίθους,
1585 2165 1634 2193 καὶ
1651 2166 1699 2193 τὸν
1715 2165 1791 2201 χοῦν,
1813 2164 1862 2191 καὶ
1876 2164 1909 2190 τὸ

1081 2209 1104 2238 Ι)
1117 2212 1189 2248 ὓδωρ
1197 2211 1228 2238 τὸ
1243 2212 1310 2247 ὲντῇ
1328 2211 1452 2247 θαλάσσῃ
1467 2211 1585 2244 ἐξέλειξε
1601 2211 1632 2239 τὺ
1643 2210 1711 2247 πῦρ.
1733 2221 1743 2238 ι

1155 2268 1165 2284 σ
1186 2257 1333 2293 Ὤρθρισιν
1349 2258 1363 2284 ὁ
1377 2257 1534 2293 λειτουργὸς
1558 2257 1706 2290 Ἑλισσαιὲ,
1721 2257 1769 2284 καὶ
1787 2257 1843 2284 ἰδοὺ
1859 2256 1909 2284 δύ-

1117 2313 1199 2340 ναμις
1210 2303 1350 2331 κυκλοῦσα
1375 2303 1426 2339 τὴν
1439 2304 1530 2335 πόλιν,
1547 2303 1594 2331 καὶ
1612 2294 1703 2336 ἵπποι,
1718 2303 1767 2330 καὶ
1783 2304 1908 2338 ἅρματα.

1117 2350 1173 2378 Καὶ
1186 2349 1247 2377 εἷπε
1260 2349 1291 2378 τὸ
1305 2350 1448 2385 παιδάριον
1475 2349 1544 2386 πρὸς
1567 2350 1666 2377 αὐτόν·
1682 2349 1715 2376 Τι
1737 2349 1909 2385 ποιήσομενς

1117 2395 1256 2424 Καὶεῖπεν
1276 2395 1432 2423 Ἐλισσαιέ·
1457 2396 1504 2432 Μὴ
1523 2395 1619 2430 φοὸοὖ,
1648 2396 1690 2422 ὅτι
1725 2395 1774 2422 τοῦ
1798 2395 1911 2427 πλειους

1117 2442 1141 2470 οἱ
1159 2441 1217 2478 μεθ’
1233 2441 1321 2478 ἡμῶν.
1339 2441 1394 2468 Καὶ
1414 2441 1589 2477 προσηύξατο
1610 2440 1758 2473 Ἑλισσαιὲ,
1775 2441 1823 2467 καὶ
1835 2437 1909 2467 εἷπε·

1118 2489 1214 2524 Κύριε,
1234 2488 1366 2520 διάνοιξον
1394 2488 1458 2519 τοὺς
1485 2487 1642 2523 ὀφθαλμοὺς
1669 2486 1717 2514 τοῦ
1745 2487 1908 2522 παιδαρίου-

1118 2534 1165 2560 καὶ
1179 2531 1245 2566 εἶδε,
1273 2534 1321 2560 καὶ
1337 2533 1392 2560 ἰδοὺ
1410 2534 1440 2560 τὺ
1455 2533 1517 2569 ὅρος
1532 2533 1636 2569 πλῆρες
1655 2533 1758 2564 ἵππων,
1770 2533 1818 2560 καὶ
1832 2533 1911 2569 ἅρμα

1120 2580 1204 2616 πυρὸς
1221 2580 1314 2615 κύκλῳ
1331 2579 1469 2607 Ἐλισσαιέ
1481 2587 1487 2594 ·
1509 2579 1557 2606 καὶ
1568 2579 1743 2615 προσηύξατο
1760 2579 1909 2612 Ἐλισσαιὲ,

1118 2626 1165 2653 καὶ
1175 2624 1237 2652 εἷπε
1248 2634 1255 2641 ·
1271 2624 1393 2657 Πάταξον
1409 2624 1439 2651 τὸ
1454 2624 1532 2656 ἔθνος
1547 2623 1627 2651 τοῦτο
1639 2623 1769 2657 ἀορασίᾳ.
1788 2632 1798 2649 ι

1156 2681 1166 2697 ι
1182 2669 1236 2698 *Ην
1256 2671 1370 2702 Ἡσαΐας
1385 2671 1414 2698 ἐν
1425 2672 1458 2706 τῇ
1486 2670 1554 2706 αὐλῇ
1577 2670 1659 2707 μέσῃ,
1687 2671 1735 2697 καὶ
1755 2669 1833 2705 ῥῆμα
1850 2669 1908 2695 Κυ-

1120 2718 1177 2753 ρίου
1191 2717 1298 2751 ἐγένετο
1309 2718 1378 2752 πρὸς
1411 2716 1492 2744 αὐτόν
1504 2724 1512 2732 ο
1545 2715 1739 2750 Ἐπίστρεψον,
1767 2716 1816 2742 καὶ
1836 2715 1911 2750 ἐρεῖς

1118 2764 1186 2799 πρὸς
1205 2764 1344 2797 Ἐζεκίαν·
1367 2763 1437 2791 Τάδε
1467 2763 1543 2798 λέγει
1565 2763 1668 2799 Κύριος
1696 2763 1910 2799 παντοκράτωρ,

1120 2810 1243 2836 Ἤκουσα
1264 2809 1311 2845 τῆς
1335 2809 1491 2846 προσευχῆς
1514 2817 1572 2842 σου,
1604 2810 1651 2835 καὶ
1666 2806 1735 2835 εἶδον
1753 2809 1788 2836 τὰ
1803 2807 1913 2845 δάκρυά

1120 2865 1175 2890 σου,
1190 2857 1235 2883 καὶ
1253 2856 1397 2892 προσθήσω
1409 2856 1454 2882 ἐπὶ
1472 2855 1504 2883 τὰ
1516 2856 1562 2892 ἔτη
1580 2865 1625 2883 σου
1644 2856 1689 2892 ἔτη
1706 2858 1752 2889 ις’.
1771 2865 1781 2882 ι
