2056 3113
241 188 371 225 Ὀρθριζε
388 189 456 226 πρὸς
473 189 576 226 Κύριον
592 190 800 226 παντοκράτορα
827 191 965 222 δεόμενος.

174 236 207 264 El
218 235 339 270 καθαρὸς
353 233 380 263 εἴ
394 236 441 262 καὶ
469 235 606 269 ἀληθινὸς,
634 236 818 263 ἐπακούσεται
839 236 890 272 τῆς
905 236 967 270 δεή-

175 281 245 314 σεώς
261 290 321 308 σου.
344 290 354 308 ι

212 337 222 355 ι
241 328 329 356 Θύσον
354 328 394 364 τῷ
410 328 475 364 Θεῷ
488 329 584 358 θυσίαν
591 329 734 363 αἰνέσεως,
750 330 797 356 καὶ
812 329 912 362 ἀπόδος
927 329 967 365 τῷ

180 374 301 410 ’Υψίστῳ
319 375 369 407 τὰς
385 375 469 411 εὐχάς
487 384 543 403 σου.
566 385 577 402 ι

212 429 222 447 ι
241 420 298 453 Τὰς
322 421 404 457 εὐχάς
430 431 483 457 μου
512 422 551 458 τῷ
575 422 671 458 Κυρίῳ
692 422 827 450 ἀποδώσω
844 422 966 450 ἐναντίον

175 467 277 500 παντὸς
287 468 334 495 τοῦ
351 468 418 496 λαοῦ
431 469 524 496 αὐτοῦ.
538 479 547 495 ι

213 523 222 540 ι
237 514 429 549 Προσεύξασθε
444 515 514 551 πρός
530 524 576 550 με,
592 516 640 543 καὶ
658 516 854 552 είσακούσομαι
877 515 963 552 ὑμῶν,

174 559 222 586 καὶ
234 560 403 596 ἐκζητήσατέ
419 570 452 597 με
464 562 493 588 ὲν
516 562 563 598 ὅλῃ
580 563 682 599 καρδίᾳ
694 563 782 598 ὑμῶν,
800 564 847 590 καὶ
862 563 965 597 ἐπιφα‹

175 605 272 642 νοῦμαι
286 606 360 641 ὑμῖν.
377 615 387 632 ι

213 661 223 678 ι
240 652 327 687 Κύριε
352 653 544 690 παντοκράτορ
573 655 587 681 ὁ
614 654 681 686 Θεὸς
707 654 921 690 Ἰσραήλοψυχὴ
936 654 965 680 ὲν

175 697 348 731 στεναγμοῖς,
362 698 409 724 καὶ
423 697 533 734 πνεῦμα
552 699 674 734 ἀκηδιῶν
692 698 824 735 ὶχέκραξε
835 698 905 735 πρὸς
922 699 964 727 σὲ.

176 741 320 774 Ἄκουσον,
329 742 427 778 Κύριε,
443 743 565 780 ἐλέησον,
582 745 624 772 ὃτι
644 744 711 777 Θεὸς
727 744 853 780 ἑλέημων
866 741 901 778 εἴ,
916 744 965 771 καὶ

174 786 295 822 ἐλέησον.
314 796 325 814 t

211 842 220 858 ι
244 833 288 860 Ἐν
312 833 386 870 ψυχῇ
407 834 646 872 συντετριμμὲνῃ,
676 835 725 862 καὶ
753 835 892 871 πνεύματι
917 844 966 864 τα-

175 879 332 912 πεινώσεως
347 881 593 917 προσδεχθείημεν,
609 882 648 914 ὡς
659 882 689 910 ἐν
702 882 938 919 ὁλοκαυτώμασιν.
955 893 965 910 ι

212 934 222 951 ι
239 925 287 961 Μὴ
300 925 503 963 ὀλιγοψυχήσῃς
519 928 549 955 ἐν
567 929 601 964 τῇ
622 930 761 964 προσευχῇ
778 937 842 956 σοιν
859 929 898 965 μὴ
918 930 968 965 ἐμ·

174 970 288 1007 ποδίσῃς
303 972 352 998 τοῦ
369 972 516 1000 ἀποδοῦναι
529 973 613 1009 εὐχὴν
626 973 656 999 ὲν
671 973 770 1009 καιρῷ.
789 984 799 1000 ι

213 1025 223 1042 ι
240 1017 324 1044 Ὅταν
332 1018 482 1054 προσεύχῃ,
499 1019 550 1046 οὐκ
565 1019 615 1055 ἔσῃ
630 1019 725 1056 ὥσπερ
741 1019 888 1055 ὑποκριταὶ
903 1028 969 1047 σκυ-

176 1060 293 1097 θρωποὶ,
316 1062 359 1089 ὅτι
385 1064 509 1098 φιλοῦσιν
537 1066 567 1092 ὲν
589 1066 650 1097 ταῖς
678 1067 851 1100 συναγωγαῖς
872 1067 920 1093 καὶ
939 1067 969 1093 ὲν

175 1108 234 1139 ταῖς
251 1108 363 1142 γωνίαις
379 1109 434 1136 τῶν
468 1110 605 1137 πλατειῶν
625 1111 743 1144 ἑστῶτες
755 1112 966 1148 προσεύχεσθαι,

174 1153 251 1186 ὅπως
275 1154 382 1188 φανῶσι
407 1156 465 1188 τοῖς
494 1157 660 1192 ἀνθρώποις.
683 1157 769 1193 Ἀμὴν
784 1158 857 1193 λέγω
882 1159 946 1193 ὑμῖν
959 1165 966 1173 '

175 1199 308 1234 ἀπέχουσι
321 1200 368 1228 τὸν
386 1202 483 1236 μισθὸν
497 1202 596 1230 αὐτῶν.
618 1204 655 1230 Σὺ
676 1203 705 1230 δὲ
730 1204 796 1231 ὅταν
816 1204 967 1240 προσεύχῃ.

175 1245 280 1272 εἴσελθε
306 1248 347 1279 είς
372 1248 402 1274 τὸ
425 1249 538 1284 ταμεῖόν
554 1258 613 1276 σου.
644 1250 860 1285 Προσευχόμενοι
876 1250 915 1282 δὲ,
931 1250 968 1286 μὴ

176 1291 405 1329 βαττολογήσητε,
421 1293 517 1330 ὥσπερ
538 1296 564 1321 οἱ
593 1295 695 1322 ἐθνικοί
706 1303 714 1311 ”
734 1295 845 1323 δοκοῦσι
858 1295 913 1331 γὰρ
927 1297 968 1324 ὅτι

175 1337 205 1363 ἑν
219 1339 256 1373 τῇ
273 1338 421 1375 πολυλογίᾳ
438 1340 528 1368 αὐτῶν
554 1341 827 1378 είσακουσθήσονται.
851 1342 898 1378 Μὴ
922 1339 969 1370 οὖν

175 1382 328 1418 ὁμοιώθητε
353 1384 456 1416 αὐτοῖς.
489 1383 549 1412 Οἵδε
571 1386 626 1422 γὰρ
646 1387 662 1413 ὁ
691 1386 787 1422 Πατὴρ
815 1386 904 1422 ὑμῶν,
930 1383 968 1414 ὧν

174 1429 272 1463 χρείαν
287 1429 373 1464 ἔχετε,
401 1432 455 1468 πρδ
470 1432 518 1460 τοῦ
542 1433 616 1469 ὑμᾶς
639 1428 859 1469 αίτῆσαιάὒτόν.
872 1433 968 1467 Οὕτως

175 1471 222 1500 οὖν
251 1476 439 1512 προσεύχεσθε
465 1479 564 1513 ὑμεῖς·
590 1479 682 1515 Πάτερ
706 1479 803 1514 ὑμῶν,
830 1488 839 1505 ι
863 1479 910 1506 καὶ
933 1479 968 1506 τὰ

176 1519 252 1555 ἑξῆς-

214 1573 225 1590 ο
241 1564 358 1596 Αἰτεῖτε,
375 1564 423 1592 καὶ
438 1564 582 1600 δοθήσεται
612 1568 698 1602 ὕμῖνο
724 1568 841 1603 ζητεῖτε,
859 1570 907 1597 καὶ
921 1570 968 1597 εὕρ

177 1611 298 1646 ρήσετε·
315 1610 440 1646 κρούετε,
461 1612 510 1639 καὶ
540 1612 717 1649 ἀνοιγήσεται
742 1615 817 1650 ὑμῖν.
840 1616 899 1648 Πᾶς
914 1616 968 1652 γὰρ

177 1656 260 1683 αἰτῶν
268 1656 411 1691 λαμϐάνει.
431 1665 441 1682 ι
582 1652 585 1656 ί

215 1711 225 1728 ι
245 1701 446 1738 Προσελθῶθτες
458 1701 483 1728 οί
501 1701 622 1738 μαθηταὶ
645 1702 684 1738 τῷ
702 1702 790 1738 Ἰησοῦ
812 1703 872 1730 κατ’
889 1703 966 1738 ἰδίαν,

177 1744 271 1774 εἶπον·
289 1747 338 1774 Διά
352 1747 379 1774 τε
409 1747 460 1774 οὐκ
487 1747 659 1783 ἐδυνήθημεν
685 1748 812 1776 ἐκϐαλεῖν
829 1749 916 1782 adeo;
940 1750 969 1777 '0

177 1792 207 1819 δὲ
224 1792 331 1829 Ἰησοῦς
348 1791 426 1821 εἶπεν
455 1793 547 1825 αὐτοῖς
560 1802 568 1810 ·
594 1794 644 1820 Διὰ
668 1794 718 1830 τὴν
735 1795 866 1822 ἀπιστίαν
880 1795 968 1830 ὑμῶν.

184 1838 271 1874 ’Δμὴν
283 1839 337 1874 γὰρ
352 1839 424 1873 λέγω
449 1839 530 1874 ὑμῖν
551 1840 599 1867 ἐὰν
615 1840 696 1876 ἔχητε
711 1841 803 1867 πίστιν
818 1841 856 1873 ὡς
870 1841 970 1868 κόκκον

179 1885 326 1917 σινάπεως,
340 1886 429 1920 ἐρεῖτε
442 1885 482 1921 τῷ
493 1886 552 1922 ὕρει
568 1887 655 1922 τούτῳ
664 1895 670 1903 ·
684 1886 827 1922 Μετάϐηθι
843 1887 969 1914 ὲντεῦθεν

178 1931 245 1962 ἐκεῖ,
262 1932 310 1958 καὶ
325 1931 523 1967 μεταθήσεται,
543 1932 592 1959 καὶ
616 1932 693 1959 οὐδὲν
713 1933 875 1969 ἀδυνατήσει
892 1934 969 1969 ὑμῖν.

178 1976 265 2003 Τοῦτο
281 1977 309 2003 δὲ
323 1977 441 2012 τὸγένος
455 1977 507 2005 οὐκ
519 1978 729 2014 ἐκπορεύσεται,
746 1980 770 2006 τί
788 1980 825 2016 μὴ
842 1981 872 2008 ἐν
886 1989 971 2015 προσ-

178 2021 245 2056 ευχῇ
254 2021 300 2047 καὶ
308 2021 430 2057 νηστείᾳ.
441 2030 451 2048 ι

216 2076 227 2093 ι
244 2067 424 2103 Γρηγορεῖτε,
441 2069 703 2106 καὶίπροσεύχεσθε,
714 2071 758 2099 ἵνα
775 2071 813 2108 μὴ
827 2072 969 2109 εἰσέλθητε

179 2113 219 2145 εἰς
231 2113 399 2150 πειρασμόν.
411 2123 421 2140 ›

218 2180 227 2196 ι
249 2171 348 2207 ’Δμὴν,
369 2172 445 2208 ἀμὴν
467 2172 540 2208 λέγω
560 2173 635 2208 ὑμῖν,
651 2173 665 2201 ὃ
683 2181 710 2200 τι
733 2172 766 2200 ἂν
780 2173 906 2203 αἰτήσετε
925 2172 970 2200 τδν

180 2216 290 2252 Πατέρα
303 2218 333 2245 ὲν
347 2217 386 2253 τῷ
397 2218 511 2252 ὀνόματί
523 2228 586 2255 μου,
600 2219 681 2247 δώσει
694 2219 768 2256 ὑμῖν.
787 2229 796 2246 ι

219 2283 229 2299 ι
245 2274 343 2309 Ἔλεγε
355 2276 517 2313 παραδολὴν
543 2277 638 2309 αὐτοῖς
653 2277 722 2314 πρὸς
736 2278 768 2305 τὸ
785 2277 840 2305 δεῖν
857 2278 974 2306 πάντοτε

181 2319 393 2355 προσεύχεσθαι,
411 2322 458 2349 καὶ
477 2322 515 2358 μὴ
532 2323 671 2351 ὲκκακεῖν.
688 2325 796 2358 Κριτής
811 2333 852 2356 τις
868 2324 897 2351 ἕν
918 2333 973 2352 τινι

181 2367 268 2401 πόλει,
289 2377 298 2395 ι
312 2377 339 2396 κ.
354 2378 380 2396 τ.
392 2369 416 2397 ἑ,

220 2432 230 2449 ι
256 2423 434 2460 Ἀγρυπνεῖτε
449 2425 478 2451 ὲν
492 2425 574 2452 παντὶ
592 2423 680 2459 καιρῷ
699 2423 831 2458 δεόμενοι,
847 2423 891 2451 ἵνα
907 2431 972 2450 κατ-

182 2467 318 2504 αξιωθῆτε
331 2470 462 2504 ἐκφυγεῖν
475 2469 565 2497 πάντα
575 2469 609 2497 τὰ
627 2469 761 2505 μέλλοντα
771 2468 904 2502 γίνεσθαι,
924 2477 934 2495 ι

221 2581 230 2598 ι
248 2571 398 2607 Γενόμενος
412 2572 460 2600 ἐπὶ
472 2573 519 2600 τοῦ
538 2573 633 2606 τόπου,
652 2571 730 2600 εἴπεν
755 2573 864 2605 αὐτοῖς·
889 2573 973 2608 Προσ-

183 2617 296 2653 εύχεσθε
320 2618 358 2654 μὴ
384 2618 517 2646 είσελθεῖν
553 2619 594 2652 είς
621 2619 784 2655 πειρασμόν.
808 2619 864 2646 Καὶ
892 2619 973 2652 αὐτὸς

124 2673 129 2676 '
183 2663 343 2699 ἀνεσπάσθη
368 2664 416 2691 ἀπ’
442 2664 532 2692 αὐτῶν
562 2665 628 2692 ὡσεὶ
652 2665 727 2692 λίθου
745 2665 836 2701 βολὴν,
856 2665 904 2692 καὶ
915 2665 974 2698 θεὶς

183 2708 216 2735 τὰ
233 2709 337 2743 γόνατα
365 2709 549 2746 προσηύξατο,
565 2709 670 2745 λέγων’
692 2710 796 2746 Πάτερ,
817 2711 842 2738 εί
871 2710 972 2746 βούλει,

184 2754 340 2789 παρένεγκε
354 2755 386 2782 τὸ
397 2756 527 2791 τωτήριον
538 2756 618 2784 τοῦτο
639 2756 687 2783 ἀπ’
703 2756 782 2792 ἐμοῦ.
801 2757 875 2792 Πλὴν
894 2757 931 2793 μὴ
943 2757 974 2784 τὸ

184 2799 249 2827 Oéh
254 2809 293 2836 μα
305 2801 335 2828 τὸ
347 2801 425 2837 ἐμὸν,
438 2802 506 2830 ἀλλὰ
520 2802 551 2829 τὸ
561 2803 606 2830 σὺν
616 2803 747 2837 γενέσθω.
762 2803 817 2830 Καὶ
831 2803 916 2830 ἐλθὼν
927 2804 973 2830 ἐπὶ

184 2848 247 2878 τοὺς
267 2847 403 2883 μαθητὰς,
420 2849 500 2884 εὗρεν
513 2849 612 2881 αὐτοὺς
628 2848 817 2883 καθεύδοντας,
831 2850 878 2877 καὶ
897 2848 972 2878 εἶπεν

805 135 923 167 SACRA
939 136 1159 167 PARALLELA
1166 161 1172 167 .

981 194 1006 222 Α
1054 191 1104 218 Job
1134 199 1190 222 vni,
1204 191 1231 218 5.
1247 205 1281 211 —
1297 200 1305 216 ι
1324 190 1450 219 Diluculo
1464 198 1600 226 consurge
1615 191 1648 219 ad
1665 191 1810 221 Dominum

1024 238 1244 272 omnipotentem
1255 244 1340 264 orans
1359 246 1366 265 τ
1385 237 1409 265 si
1423 245 1512 272 purus
1525 241 1552 266 et
1566 245 1648 266 verus
1662 245 1703 271 es,
1718 238 1816 268 audiet

1023 283 1178 311 orationem
1193 286 1278 310 tuam.

1051 329 1130 356 Ρωι.
1148 337 1222 362 xux,
1237 329 1281 356 ﬂ.
1291 345 1327 350 —
1341 337 1353 355 ι
1366 328 1479 357 lmmola
1493 329 1548 357 Deo
1565 328 1732 357 sacriﬁcium
1749 328 1811 357 lau-

1017 374 1073 407 dis.
1091 380 1119 403 et
1135 375 1219 403 redde
1234 374 1379 403 Altissimo
1392 379 1454 402 vota
1470 379 1527 407 tua,
1547 384 1557 401 ι
1577 379 1622 403 etc

1057 419 1213 460 Psal.[xv,
1234 421 1325 449 M.-—
1342 430 1352 447 ι
1373 419 1442 448 Vota
1463 428 1524 449 mea
1559 420 1673 449 reddam
1695 420 1811 449 Domino

1016 474 1109 496 coram
1125 467 1202 495 omni
1221 466 1323 502 populo
1341 467 1413 501 ejus.
1436 475 1446 492 ι
1483 472 1486 474 ·

1051 513 1152 541 Jerem.
1165 521 1242 545 uix,
1261 513 1304 540 t2.
1317 527 1352 534 —
1367 521 1376 538 ι
1395 512 1478 541 Orate
1502 512 1536 540 ad
1551 519 1606 546 me,
1625 517 1652 540 et
1663 519 1715 548 ego
1727 519 1812 540 exau-

1016 559 1090 588 diam
1112 566 1172 592 vos,
1191 565 1218 587 et
1240 559 1358 594 quaerite
1373 565 1416 586 me
1441 559 1469 586 in
1487 562 1547 587 toto
1571 558 1655 587 corde
1667 563 1772 592 vestro,
1786 565 1814 588 et

1017 605 1154 640 apparebo
1166 605 1255 633 vobis.
1277 615 1286 631 ›

1055 651 1163 678 Bantdi
1193 659 1234 685 ιιι,
1250 651 1276 685 i,
1291 651 1318 679 2.
1330 666 1365 671 —
1380 659 1389 677 ι
1407 651 1522 679 Domine
1548 652 1720 687 omnipotens
1742 651 1813 680 Deus

1017 697 1113 729 Israel,
1132 698 1225 725 anima
1240 697 1267 725 in
1284 697 1430 733 angustiis,
1448 702 1476 726 et
1500 698 1617 733 spiritus
1633 698 1733 726 anxius
1758 699 1813 726 cla-

1017 748 1073 770 mat
1093 743 1128 770 ad
1152 747 1190 771 te.
1207 743 1290 776 Audi,
1318 743 1444 776 Domine,
1467 743 1550 779 ήθά,
1574 744 1723 778 miserere;
1749 744 1812 779 quia

1018 788 1090 816 Deus
1108 789 1270 817 misericors
1283 796 1326 820 es,
1344 792 1371 816 et
1385 788 1519 816 miserere
1534 788 1633 816 nostri.
1647 798 1656 814 ι

1024 863 1033 871 Α
1054 835 1125 862 Dan.
1140 843 1179 867 In,
1195 835 1240 863 59.
1255 850 1290 856 -
1303 844 1313 861 ι
1331 834 1361 862 In
1385 835 1481 862 animo
1504 835 1636 866 contrito,
1658 837 1687 862 et
1712 834 1812 870 spiritu

983 866 1005 894 Β
1020 866 1188 908 humilitatis
1211 880 1411 916 suscipiamur,
1437 880 1510 908 sicut
1538 880 1566 907 in
1591 866 1776 907 holocaustis.
1800 889 1810 906 ι

1056 925 1141 953 Eccli.
1159 934 1197 959 ιν,
1212 926 1257 954 56.
1272 941 1308 947 —-
1328 935 1338 952 ι
1357 925 1397 954 Ne
1418 925 1520 961 pusillo
1537 925 1630 952 animo
1644 925 1683 953 sis
1709 925 1736 952 in
1752 932 1814 952 ora-

1020 972 1094 1000 tione
1111 977 1167 1005 tua,
1186 979 1237 999 nec
1252 972 1346 1000 tardes
1362 972 1480 999 reddere
1495 975 1589 999 votum
1602 971 1630 998 in
1646 975 1782 1006 tempore.
1801 980 1811 997 ι

1055 1017 1153 1045 Hemi.
1173 1026 1208 1050 vr,
1225 1017 1283 1045 5-9.
1296 1030 1333 1037 -α
1348 1026 1357 1043 ι
1370 1017 1439 1043 Cum
1453 1016 1587 1047 oraveris.
1603 1023 1658 1043 non
1675 1016 1732 1043 eris
1742 1016 1814 1043 sicut

1021 1063 1170 1098 hypocritze
1187 1063 1292 1091 tristes.
1317 1061 1387 1095 Quia
1404 1065 1500 1089 amant
1520 1061 1548 1088 in
1572 1061 1721 1097 synagogis
1741 1064 1770 1088 et
1786 1061 1813 1088 in

1019 1109 1129 1146 anguiis
1146 1109 1301 1144 platea-rum
1318 1113 1425 1136 stantes
1444 1113 1536 1141 orare,
1559 1111 1592 1134 ut
1614 1106 1761 1134 videantur
1779 1105 1814 1133 ab

1020 1155 1193 1183 hominibus.
1221 1155 1308 1182 Arnen
1333 1149 1398 1182 dico
1426 1153 1518 1186 vobis,
1554 1152 1620 1188 quia
1645 1156 1813 1187 receperunt

1020 1201 1174 1229 mercedem
1187 1209 1279 1229 suam.
1295 1200 1337 1229 Tu
1363 1203 1455 1228 autem
1470 1206 1532 1227 cum
1561 1198 1697 1230 oraveris,
1725 1198 1813 1232 ingre-

1019 1246 1084 1275 dere
1096 1246 1123 1274 ln
1137 1247 1297 1274 cubiculum
1312 1250 1403 1279 tuum,
1422 1249 1476 1273 etc.
1494 1244 1613 1272 Orantes
1629 1248 1718 1271 autem
1729 1243 1814 1271 nolite

1020 1293 1136 1321 multum
1158 1293 1247 1328 loqui,
1269 1293 1342 1320 sicut
1371 1292 1500 1320 ethnici:
1522 1295 1621 1327 putant
1650 1291 1723 1318 enim
1740 1289 1813 1325 quod

1019 1339 1047 1366 in
1060 1338 1238 1374 multiloquio
1258 1346 1311 1366 suo
1330 1337 1527 1365 exaudiantur.
1548 1335 1642 1364 Nolite
1657 1343 1724 1370 ergo
1744 1336 1810 1363 assi-

1019 1384 1110 1412 milari
1127 1384 1178 1412 eis.
1196 1384 1256 1412 Scit
1274 1384 1348 1412 enim
1375 1382 1457 1410 Pater
1487 1386 1583 1410 vester
1607 1381 1673 1417 quid
1697 1388 1769 1416 opus
1780 1380 1814 1409 sit

1018 1430 1109 1463 vobis,
1120 1433 1267 1465 antequam
1288 1429 1390 1465 petatis
1409 1436 1483 1457 eum.
1513 1428 1560 1456 Sic
1579 1435 1646 1464 ergo
1659 1434 1709 1456 vos
1721 1430 1814 1455 orate:

1023 1477 1103 1504 Pater
1117 1481 1212 1505 noster
1245 1486 1255 1504 ›
1271 1480 1325 1505 etc.

1056 1567 1218 1600 Hau/Lm,
1249 1568 1277 1595 'l.
1301 1584 1335 1588 —
1359 1577 1370 1594 ι
1390 1567 1490 1600 Pctite,
1518 1571 1546 1595 et
1573 1566 1687 1594 dabitur
1715 1565 1813 1593 vobis:

1020 1615 1144 1651 qtizerite,
1162 1618 1190 1643 et
1207 1613 1358 1642 invenietis
1372 1621 1379 1640 :
1397 1614 1518 1649 pulsate.
1531 1617 1559 1640 ct
1571 1612 1712 1648 aperietur
1725 1611 1812 1639 vobis.

1020 1661 1116 1689 Omnis
1133 1661 1206 1689 enim
1226 1660 1273 1696 qui
1288 1660 1367 1698 petit.
1384 1659 1496 1695 accipit,
1513 1668 1523 1685 ι
1545 1663 1600 1687 etc.

1055 1707 1155 1735 Matth.
1176 1715 1242 1740 xvn,
1274 1706 1370 1735 18-20.
1387 1722 1420 1726 --
1437 1715 1446 1732 ι
1466 1705 1654 1733 Accesserunt
1681 1702 1813 1738 discipuli

1019 1755 1054 1783 ad
1068 1753 1162 1783 Jesum
1177 1756 1298 1786 secreto,
1326 1756 1354 1781 et
1377 1751 1510 1780 dixerunt
1523 1759 1530 1778 :
1542 1751 1633 1784 Quare
1648 1757 1703 1777 non
1722 1747 1814 1785 potui-

1019 1809 1082 1829 mus
1094 1801 1196 1835 eiicere
1222 1799 1298 1828 illum
1312 1799 1324 1827 τ
1351 1799 1426 1826 Dixit
1442 1798 1499 1826 illis
1518 1796 1600 1825 Jesus
1617 1804 1623 1823 :
1643 1795 1760 1831 Propter
1776 1795 1818 1822 in-

1019 1846 1214 1874 credulitatem
1226 1847 1361 1872 vestram.
1377 1843 1465 1871 Amen
1490 1843 1593 1878 quippe
1606 1841 1669 1869 dico
1683 1841 1772 1873 vobis,
1791 1839 1813 1868 si

1019 1892 1173 1920 habueritis
1187 1891 1266 1919 [idem
1277 1890 1351 1919 sicut
1360 1897 1477 1926 granum
1492 1888 1607 1924 sinapis,
1620 1887 1719 1915 dicetis
1729 1888 1815 1916 monti

1021 1939 1086 1966 huic
1104 1948 1111 1965 :
1127 1938 1229 1966 Transi
1247 1937 1312 1965 hinc
1325 1936 1402 1969 illuc,
1419 1940 1447 1964 et
1460 1934 1611 1968 transibit;
1629 1937 1657 1961 ct
1673 1932 1743 1960 nihil
1762 1932 1816 1959 im-

1021 1983 1156 2020 possibile
1165 1983 1220 2011 erit
1237 1983 1325 2011 vobis.
1344 1982 1499 2010 iiocautem
1512 1988 1600 2016 genus
1615 1978 1815 2008 daemoniorum

1020 2037 1075 2057 non
1091 2028 1231 2064 ejicictur,
1251 2028 1308 2056 nisi
1323 2027 1351 2055 in
1368 2027 1495 2055 oratione
1511 2030 1539 2054 et
1553 2025 1674 2061 jejunio.
1694 2034 1704 2051 ι

1056 2073 1155 2102 Matth.
1170 2082 1245 2106 xxvr,
1264 2074 1311 2101 ιι.
1328 2088 1364 2093 -
1378 2081 1388 2098 ι
1407 2071 1537 2108 Vigilate,
1557 2074 1587 2099 et
1609 2074 1699 2104 orate,
1715 2074 1745 2098 ut
1759 2076 1815 2098 non

1021 2121 1132 2149 intretis
1147 2120 1175 2147 in
1191 2119 1385 2148 tentationem.
1404 2127 1414 2145 ι

1056 2175 1137 2204 Jaan.
1153 2184 1211 2209 xvr,
1225 2164 1272 2204 23.
1289 2191 1325 2196 —
1339 2185 1348 2202 ι
1366 2176 1452 2203 Amen
1471 2174 1533 2203 dico
1559 2173 1640 2202 vobis
1657 2181 1664 2200 :
1681 2172 1815 2209 quidquid

985 2213 1010 2243 ί)
1022 2222 1158 2258 petieritis
1171 2221 1279 2250 Patrem
1296 2221 1323 2249 in
1350 2221 1463 2249 nomine
1488 2227 1562 2254 meo,
1591 2219 1670 2248 dabit
1693 2219 1783 2246 vobis.
1802 2227 1811 2244 ι

1061 2278 1125 2307 Luc.
1138 2287 1216 2313 xvm,
1235 2278 1263 2313 i,
1278 2279 1308 2307 2.
1326 2292 1361 2299 -
1381 2287 1390 2305 ι
1411 2277 1525 2306 Dicebat
1555 2277 1589 2305 ad
1617 2277 1681 2305 illos
1699 2276 1819 2311 parabo-

1023 2324 1089 2358 lam,
1105 2325 1236 2360 quoniam
1265 2328 1375 2360 oportet
1392 2331 1503 2359 semper
1521 2330 1613 2356 orare,
1631 2326 1659 2350 et
1672 2329 1728 2349 non
1749 2321 1820 2349 deti—

1022 2379 1096 2400 cere.
1111 2371 1198 2400 Judex
1212 2370 1328 2407 quidam
1344 2374 1407 2399 erat
1422 2370 1451 2398 in
1465 2369 1584 2405 quadam
1597 2368 1719 2399 civitate,
1735 2375 1746 2392 ι
1758 2369 1816 2398 etc,

1058 2428 1122 2456 Luc.
1142 2436 1198 2460 xxi,
1217 2427 1262 2455 56.
1274 2443 1310 2469 τ
1324 2436 1334 2454 ε
1349 2425 1466 2462 Vigilate
1478 2425 1506 2453 in
1514 2424 1721 2458 omnitempore
1734 2429 1819 2450 oran-

1022 2479 1077 2508 tes,
1093 2479 1122 2503 ut
1137 2474 1213 2511 digni
1224 2473 1382 2503 habeamini
1401 2472 1496 2508 fugere
1512 2469 1606 2500 omnia
1621 2476 1682 2506 quae
1700 2475 1814 2497 ventma

1022 2526 1098 2554 sunt,
1112 2531 1123 2548 ι
1139 2525 1193 2550 etc.

1059 2578 1122 2606 Luc.
1137 2586 1203 2612 un,
1233 2577 1332 2606 50-42.
1347 2591 1382 2596 —
1397 2585 1406 2603 ι
1425 2575 1459 2604 Et
1491 2581 1554 2603 cum
1583 2573 1755 2609 pervenisset
1781 2573 1814 2601 ad

1021 2624 1126 2657 locum,
1143 2623 1213 2650 dixit
1231 2622 1287 2650 illis
1303 2630 1311 2649 :
1329 2620 1458 2656 Vigilate,
1487 2626 1523 2647 ne
1550 2617 1661 2646 intretis
1684 2617 1711 2644 in
1727 2619 1818 2643 tenta-

1023 2670 1136 2698 tionem.
1148 2668 1181 2696 Et
1195 2669 1255 2705 ipse
1267 2667 1381 2696 avulsus
1393 2670 1437 2695 est
1469 2665 1500 2694 ab
1515 2665 1557 2693 eis
1577 2667 1710 2698 quantum
1725 2662 1816 2697 jactus

1023 2720 1065 2744 est
1081 2716 1195 2751 lapidis;
1225 2719 1253 2743 et
1284 2713 1384 2750 positis
1415 2712 1532 2746 genibus
1553 2710 1677 2742 orabat,
1694 2709 1812 2738 dicens:

1023 2763 1116 2797 Pater,
1137 2763 1160 2791 si
1172 2762 1225 2795 vis,
1242 2760 1361 2789 transfer
1376 2759 1490 2788 calicem
1506 2757 1593 2786 istum
1610 2753 1814 2784 ante.VeruIn—

1024 2813 1114 2836 tamen
1137 2815 1192 2836 non
1223 2814 1284 2835 mea
1310 2805 1450 2838 voluntas,
1473 2803 1521 2831 sed
1542 2807 1587 2830 tua
1619 2802 1676 2828 tiat.
1698 2798 1731 2826 Et
1753 2806 1815 2826 cum

1025 2855 1145 2884 vertisset
1160 2854 1193 2882 ad
1208 2853 1371 2889 discipulos,
1384 2849 1493 2893 invehit
1512 2857 1563 2878 cos
1578 2847 1747 2887 dormientes
1761 2853 1817 2884 pra:

1739 136 1811 169 H38
1848 143 1850 145 ’
