2056 3113
166 117 233 150 1441

155 167 211 202 ’καὶ
226 175 265 210 μὴ
286 176 427 203 ἐκκακεῖν.
444 176 451 187 '

166 222 269 256 γίνεται
292 222 324 249 τὸ
345 223 416 258 μετὰ
439 223 487 250 τοῦ
512 224 580 251 Θεοῦ
598 223 685 253 εῖναι*
703 228 717 254 ὁ
732 228 761 255 δὲ
788 230 857 264 μετὰ
881 231 951 259 Θεοῦ

164 267 210 301 ὢν,
228 267 276 295 τοῦ
291 268 484 304 ἀντικειμένου
501 270 681 306 κεχώρισται.

197 360 340 397 Προσευχὴ
357 360 396 396 τῷ
413 361 464 397 μὲν
480 362 559 398 Ἰωνᾷ
574 363 606 390 τὸ
624 364 708 400 κῆτος
722 362 797 394 οἶκον
809 367 949 405 ἐποίησεν,

163 406 206 433 τὸν
220 406 249 432 δὲ
271 406 395 439 Ἑζεκίαν
417 408 450 434 ἐκ
473 409 529 435 τῶν
546 408 639 436 πυλῶν
668 411 717 438 τοῦ
739 411 856 440 θανάτου
881 414 950 450 πρὸς

161 451 234 487 ζωὴν
249 452 419 488 ἐπανήγαγε.
447 455 505 486 τοῖς
531 454 560 481 δέ
581 456 657 491 τρισὶ
683 457 755 489 νέοις
779 459 820 491 εἰς
839 459 949 496 πνεῦμα

160 497 295 534 δῳσῶδες
308 499 359 534 τὴν
374 499 461 534 φλόγα
476 500 601 536 ἔτρεψεν.

199 542 230 569 '0
245 543 274 570 ἐν
288 543 378 579 καιρῷ
395 545 548 580 προσευχῆς
564 546 602 581 μὴ
619 546 690 582 πρὸς
706 547 740 574 τὰ
755 548 949 578 λυσιτελοῦντα

157 590 192 624 τῇ
203 588 276 625 ψυχῇ
287 591 444 625 τεταμένος,
458 590 526 618 ἀλλὰ
538 591 606 627 πρὸς
617 592 668 624 τὰς
682 593 817 628 ἐμπαθεῖς
828 596 878 631 τῆς
891 595 949 624 δια-

158 634 233 665 νοίας
249 635 371 670 κινήσεις
384 635 604 663 συνδιατίθεσθαι
614 638 660 664 τὸν
675 638 743 665 Θεὺν
756 639 851 673 ἀξιῶν,
865 640 948 676 λῆρός

158 679 201 710 τίς
211 679 285 706 ἐστιν
296 681 332 712 ὡς
344 679 465 715 ἀληθῶς,
474 681 522 707 καὶ
538 680 713 716 βαττολόγος,
727 683 775 710 καὶ
791 684 946 720 φληνάφης,

158 726 207 752 καὶ
220 725 350 761 φλυαρδς,
364 727 412 753 καὶ
424 727 452 753 εἴ
464 735 490 753 τι
512 726 577 753 ἄλλο
589 727 641 762 τῆς
659 728 790 764 τοιαύτης
807 731 946 765 σημασίας

158 769 226 797 ἐστι.
244 770 323 806 Παρά
338 770 385 797 σοῦ
403 779 449 806 μοι
465 770 534 807 ζωὴ,
551 772 628 808 παρὰ
655 773 703 800 σοῦ
719 775 843 808 γενέσθω
862 776 911 806 καὶ
929 777 946 812 ἡ

157 814 226 850 πρὸς
238 815 269 841 τὸ
281 815 331 851 ζῇν
344 816 468 852 ἀφορμή.

798 126 918 158 SACRA
940 129 1173 164 PARALLELA.

1722 140 1793 178 “'42

454 177 493 204 Εκ
513 177 568 213 γὰρ
585 178 632 205 τοῦ
654 181 855 216 προσεύχεσθαι
876 194 940 221 περι

1007 193 1137 222 oportere
1169 198 1279 226 semper
1308 200 1405 228 orare,
1439 203 1490 225 nec
1519 206 1641 235 unquam
1675 203 1794 234 deiicere

1002 233 1084 268 (Luc.
1103 243 1180 268 xvm,
1198 237 1243 272 l).
1261 238 1404 274 Siquidem
1421 249 1470 277 per
1485 233 1640 274 orationem
1662 249 1714 278 hoc
1729 233 1792 285 quis

1003 281 1197 316 consequitur,
1217 287 1247 309 ut
1260 291 1326 311 cum
1342 286 1397 313 Deo
1410 288 1465 322 sit;
1484 290 1532 324 qui
1546 296 1638 320 autem
1655 302 1718 322 cum
1737 297 1792 326 Deo

1000 329 1054 357 cst,
1074 325 1108 353 ab
1123 327 1286 356 adversario
1301 331 1415 360 avulsus
1428 337 1482 362 est.

1037 369 1111 399 Ibid.
1127 370 1265 402 ——'Uratio
1279 374 1357 404 Jonas
1372 378 1482 413 quidem
1498 386 1590 410 celum
1602 384 1714 413 domum
1729 395 1791 415 esse

1000 414 1089 450 ipsius
1113 419 1239 452 paravit;
1266 420 1417 451 Ezechiam
1445 432 1511 453 vero
1533 435 1567 455 ex
1587 431 1674 464 portis
1691 435 1790 461 mortis

1000 461 1036 488 ad
1053 462 1138 490 vitam
1153 464 1281 500 reduxit;
1299 468 1389 497 tribus
1409 461 1636 503 adolescentibus
1649 474 1788 506 ﬂammam

1000 506 1028 534 in
1044 510 1182 543 roscidam
1199 519 1296 540 auram
1309 517 1458 545 convertit.

1037 548 1108 580 Ibid;
1121 570 1155 575 —
1171 555 1224 588 Qui
1238 556 1266 584 in
1278 562 1401 594 tempore
1417 563 1554 591 orationis
1567 572 1624 593 non
1637 567 1670 594 ad
1682 575 1714 595 ea
1729 576 1789 603 qum

999 599 1098 627 anima
1121 602 1292 636 conducunt,
1313 610 1432 634 mentem
1461 610 1592 643 attendit,
1610 613 1657 640 sed
1679 613 1789 643 vitiosis

998 645 1178 680 cogitationis
1196 656 1255 677 sua:
1272 651 1391 680 motibus
1408 652 1493 681 Deum
1515 655 1631 692 obsequi
1652 662 1787 694 postulat,

999 689 1044 717 hic
1075 696 1194 727 nugator
1218 694 1297 729 plane
1320 701 1349 723 et
1375 697 1527 727 blaterator
1548 707 1603 735 est,
1619 689 1788 733 σοίιηιιιίιο-

997 742 1082 770 quus,
1106 740 1133 764 et
1151 737 1175 765 si
1199 739 1267 774 quid
1299 741 1373 769 aliud
1403 744 1528 772 eamdem
1554 747 1786 782 signiﬁcationem

998 779 1091 808 habet.
1110 782 1167 811 Abs
1182 787 1210 810 te
1231 785 1298 813 mihi
1325 786 1382 814 vita
1398 792 1462 817 est:
1485 790 1534 818 abs
1548 779 1702 829 te—quoquc
1719 796 1786 823 mihi

997 825 1034 853 sit
1047 826 1111 854 vitae
1124 828 1289 859 subsidium.

201 861 314 896 Ἐπειδὴ
327 861 377 897 τῆς
391 862 439 888 τοῦ
454 862 560 896 ἀγαθοῦ
574 864 694 899 κρίσεως
706 865 887 903 ἀπεπλανήθη
901 867 941 896 διὰ

1033 871 1130 906 Ejuad.
1147 880 1217 902 orat.
1233 877 1260 904 ὅ.
1277 877 1461 911 —Quoniam
1479 889 1529 917 per
1543 883 1645 912 diaboli
1662 885 1785 915 fraudem

157 908 207 943 τῆς
219 907 328 943 ἀπάτης
340 909 356 944 ἡ
374 908 534 944 ἀνθρωπίνη
548 910 641 944 φύσις,
662 912 711 938 καὶ
727 912 795 948 πρὸς
809 913 841 940 τὸ
855 915 945 950 χεῖρον

156 953 173 988 ἡ
199 952 256 988 ζωὴ
280 953 336 980 τῶν
353 953 506 989 ἀνθρώπων
531 956 737 993 κατεκρατήθη,
753 959 843 991 καλῶς
867 960 945 996 εὐχό-

156 997 227 1032 μεθα
243 997 291 1024 τοῦ
311 998 379 1024 Θεοῦ
401 998 450 1032 τὴν
468 999 609 1034 βασιλείαν
627 1001 727 1030 ἐλθεῖν.
748 1004 786 1031 Οὐ
802 1005 857 1041 γὰρ
869 1005 945 1034 ἐστιν

154 1042 243 1075 ἄλλως
258 1043 368 1070 ἐκδῦναι
388 1043 439 1079 τὴν
453 1045 576 1081 πονηρὰν
587 1047 637 1082 τῆς
654 1048 757 1084 φθορᾶς
773 1049 942 1085 δυναστείαν,

155 1088 194 1123 μὴ
209 1088 260 1123 τῆς
273 1088 406 1120 ζωοποιοῦ
426 1090 568 1133 δυνάμεως
588 1092 631 1126 ἐφ’
649 1093 728 1129 ἡμῶν
742 1095 944 1133 ἀντιλασούσης

153 1132 185 1159 τὸ
202 1133 314 1167 κράτος.
338 1134 401 1160 Ἐὰν
415 1132 462 1161 οὖν
476 1136 704 1172 προσευξώμεθα,
720 1140 807 1176 ταύτῃ
822 1143 854 1177 τῇ
867 1132 944 1169 δυνά-

155 1186 201 1213 μει
213 1177 259 1205 τὸν
271 1178 338 1206 Θεὸν
350 1179 528 1216 ίκετεύωμεν·
551 1182 749 1220 ’Δπαλλαγείην
764 1187 815 1222 τῆς
827 1188 942 1224 φθορᾶς·

154 1223 368 1260 ἐλευθερωθείην
377 1225 425 1252 τοῦ
438 1226 554 1254 θανάτου
566 1235 574 1244 ⁸
593 1229 694 1264 μηκέτι
711 1231 773 1257 κατ’
787 1233 856 1267 ἐμοῦ
868 1223 943 1268 βασι-

153 1269 256 1296 λευέτω
275 1271 309 1297 τὰ
342 1271 390 1299 νῦν
416 1273 619 1307 ἐπικρατοῦντα
644 1275 734 1310 πάθη,
756 1277 823 1312 μηδὲ
851 1279 941 1313 ἀγέτω

153 1323 187 1350 με
200 1316 215 1342 ὁ
231 1316 361 1350 πολέμιος
383 1317 426 1344 διὰ
442 1318 493 1352 τῆς
514 1318 653 1355 ἁμαρτίας
677 1321 867 1356 αἰχμάλωτον·
882 1324 941 1351 ἀλλ’

151 1360 252 1387 ἐλθέτω
266 1361 310 1387 ἐπ’
326 1361 375 1397 ἐμὲ
401 1363 418 1398 ή
443 1362 567 1398 βασιλεία
590 1373 649 1398 σου,
666 1366 710 1392 ῖνα
732 1367 901 1406 ἀποχωρήσῃ
922 1371 939 1406 ἠ

151 1405 199 1432 τοῦ
216 1407 337 1433 ἐναντίου
354 1408 494 1442 τυραννίς.
515 1409 552 1436 Οὐ
571 1410 627 1446 γὰρ
642 1411 773 1447 ὑπομένει
789 1415 818 1441 τὸ
843 1405 940 1448 σκότος

151 1450 200 1486 τὴν
218 1451 266 1478 τοῦ
287 1451 375 1485 φωτὸς
394 1453 561 1488 παρουσίαν,
581 1455 612 1482 οὗ
628 1456 706 1489 νόσος
731 1457 827 1491 ὑγείας
848 1459 940 1486 ἐπιλα-

152 1496 251 1531 ϐούσης
266 1497 385 1529 ἵσταται,
401 1498 452 1524 οὐκ
466 1499 573 1534 ἐνεργεῖ
586 1499 621 1526 τὰ
637 1500 723 1535 πάθη,
741 1502 791 1536 τῆς
802 1503 937 1536 ἀπαθείας

151 1542 304 1577 παρούσης.
317 1542 434 1577 Φροῦδος
446 1544 460 1569 ὁ
477 1543 603 1577 θάνατος,
610 1546 718 1582 ἀφανὴς
729 1548 746 1582 ἠ
761 1547 860 1583 φθορὰ,
877 1551 941 1577 ὅταν
955 1543 976 1573 c

151 1589 181 1613 ὲν
196 1588 262 1622 ’ἡμῖν
278 1588 407 1624 βασιλεύῃ
420 1590 436 1623 ἡ
455 1589 523 1624 ζωὴ,
539 1591 587 1617 καὶ
602 1592 619 1626 ὴ
634 1593 775 1629 ἀφθαρσία
794 1595 824 1622 τὸ
839 1596 940 1631 κράτος

151 1634 212 1669 Em.
736 1663 743 1667 .

183 1643 334 1718 ἵίζενηθήτω
345 1683 375 1710 ὲν
389 1683 452 1719 ἐμοὶ
468 1685 499 1711 τὺ
514 1684 622 1721 θέλημά
639 1694 698 1718 σου,
713 1686 757 1714 ἵνα
774 1687 876 1724 σὸεσθῇ
889 1688 939 1716 τοῦ

149 1727 273 1755 διαϐόλου
282 1728 313 1755 τὸ
325 1729 551 1766 θέλημα.Ὥσπερ
560 1731 616 1767 γὰρ
631 1731 661 1758 ἐν
669 1733 725 1764 τοῖς
741 1732 875 1768 ζοφώδεσι
884 1735 939 1761 τῶν

150 1774 293 1810 σπηλαίων
312 1776 399 1810 φωτὸς
411 1777 631 1812 είσκομισθέντος
645 1778 659 1804 ό
672 1777 753 1814 ζόφος
764 1779 937 1814 ἀφανίζεται,

149 1820 221 1848 οὓτω
233 1821 280 1848 τοῦ
296 1821 343 1849 σοῦ
357 1822 511 1858 θελήματος
526 1823 556 1850 ὲν
569 1823 632 1859 ἐμοὶ
648 1825 808 1860 γενομένου,
829 1827 904 1853 πᾶσα
921 1827 937 1863 ἡ

150 1867 257 1904 πονηρὰ
269 1868 318 1895 καὶ
340 1869 442 1901 ἄτοπος
456 1869 506 1904 τῆς
524 1870 713 1905 προαιρέσεως
726 1870 835 1906 κίνησις
849 1873 890 1904 είς
906 1872 938 1900 τὸ

151 1914 189 1951 μὴ
199 1914 230 1942 ὃν
243 1915 428 1951 περιΐσταται.
445 1916 557 1952 Θέλημα
577 1918 631 1953 γάρ
650 1926 697 1944 σου
713 1919 729 1954 ἡ
746 1919 869 1955 σωτηρία.
883 1920 938 1947 τῶν

148 1960 303 1997 ἀνθρώπων
316 1961 401 1990 ἐστίν.

188 2008 218 2034 ‘0
230 2007 278 2034 τοῦ
292 2007 413 2043 πονηροῦ
426 2008 559 2045 ρυσθῆναι
574 2009 731 2045 εὐχόμενος,
747 2010 800 2043 ἔξω
811 2011 866 2039 τῶν
881 2020 938 2039 πει-

149 2051 264 2086 ρασμῶν
281 2051 408 2086 γενέσθαι
425 2053 592 2088 παρακαλεῖ.

183 2096 269 2123 ⁴Ὀταν
283 2097 318 2123 δι’
337 2098 421 2132 εὐχῆς
441 2098 620 2134 αἰτησώμεθά
635 2109 662 2126 τι
677 2100 723 2127 τὸν
734 2101 883 2138 Δεσπότην,
898 2103 937 2139 μὴ

146 2141 252 2176 ταχέως
270 2141 493 2178 ἐξατονήσωμεν,
510 2143 581 2171 ἀλλὰ
596 2144 627 2171 τὸ
648 2146 760 2182 συνεχὲς
775 2146 825 2182 τῆς
839 2147 937 2175 ἀποτυ-

146 2188 208 2223 χίας
223 2189 257 2224 τῇ
274 2189 401 2225 συνεχείᾳ
414 2191 464 2226 τῆς
476 2190 613 2226 αίτήσεως
629 2184 828 2228 ἐκνικήσιιῖμεν.
842 2221 844 2224 ς

186 2280 231 2308 Ἐν
245 2282 305 2312 ταῖς
329 2281 474 2314 ἀναϐολαῖς
491 2283 538 2310 καὶ
556 2284 616 2315 ταῖς
632 2283 799 2319 ὑπερθέσεσι
819 2285 874 2313 τῶν
888 2286 937 2312 δω-

147 2325 218 2361 ρεῶν
238 2326 286 2353 τοῦ
309 2327 378 2354 Θεοῦ
402 2327 441 2363 μὴ
468 2328 670 2364 προκάμωμεν,
690 2330 758 2365 μηδὲ
786 2332 937 2366 προαναπί-

145 2380 267 2407 πτωμεν.
290 2372 426 2405 Πολλάκις
449 2373 504 2409 γὰρ
523 2375 537 2401 ό
559 2374 698 2410 Δεσπότης
719 2375 770 2411 τὴν
799 2376 935 2405 δοκοῦσαν

145 2419 278 2455 ἀνασολὴν
289 2421 329 2451 είς
349 2419 467 2452 πίστεως
480 2421 634 2457 γυμνασίαν
648 2422 790 2458 παρέλκει.

180 2466 270 2494 Καλὸν
282 2467 399 2495 πάντοτε
413 2467 457 2507 διά
471 2468 627 2504 προσευχῆς
641 2469 747 2504 ὁμιλεῖν
759 2470 799 2506 τῷ
813 2471 882 2507 Θεῷ.
903 2473 934 2500 El

145 2513 201 2548 γὰρ
214 2513 343 2548 συντυχία
364 2504 460 2550 ἁνδρδξ
472 2514 575 2549 ἀγαθοῦ
597 2514 699 2550 βελτιοῖ
712 2515 758 2543 τδν
783 2504 935 2554 συντυγχά-

145 2567 237 2590 νοντα,
258 2559 334 2594 πόσῳ
360 2559 462 2595 μᾶλλον
480 2560 534 2594 ὂκαὶ.
561 2561 591 2588 ἐν
614 2561 705 2598 ἡμέρᾳ
728 2562 776 2590 καὶ
799 2564 829 2591 ἐν
854 2565 931 2592 νυκτὶ

145 2605 323 2641 προσομιλεῖν
333 2605 373 2641 τῷ
387 2605 458 2642 Θεῷ.

176 2697 259 2733 Μέγα
272 2698 376 2733 ἀγαθὸν
392 2699 470 2735 εὐχὴ,
486 2699 533 2727 ἑὰν
550 2701 619 2736 μετά
634 2701 753 2735 διανοίας
771 2703 932 2740 εὐχαρίστου

143 2742 268 2778 γένηται,
286 2743 334 2771 ἐὰν
351 2744 545 2781 παιδεύσωμεν
561 2746 741 2784 ἐαυτοὺς,-μὴ
759 2749 840 2784 μόνον
859 2749 926 2785 λαμ-

144 2789 286 2823 ϐάνοντας,
302 2790 370 2818 ἀλλά
389 2791 436 2818 καὶ
451 2791 689 2828 ἀποτυγχάνοντας
707 2795 880 2831 εὐχαριστεῖν
894 2796 933 2832 τῷ

142 2836 212 2869 Θεῷ.
230 2838 285 2866 Καὶ
299 2838 351 2874 γὰρ
369 2840 435 2867 ποτὲ
458 2841 505 2876 μὲν
525 2841 628 2876 δίδωσι,
643 2842 709 2869 ποτὲ
725 2842 753 2869 δὲ
766 2843 797 2870 οὐ
812 2843 930 2880 δίδωσιν,

997 923 1012 943 a
1026 916 1090 945 boni
1114 920 1297 950 aestimatione
1312 923 1436 953 humana
1454 916 1555 956 natura
1572 930 1721 964 aberravit,
1741 938 1786 960 at-

996 969 1051 997 que
1066 970 1081 989 a
1099 963 1166 992 vitio
1182 966 1236 993 vita
1253 972 1348 996 nostra
1370 976 1501 1006 superata
1524 977 1578 1005 est,
1599 980 1675 1004 recte
1688 985 1786 1012 prcca-

996 1015 1060 1036 ntur
1077 1012 1107 1036 ut
1130 1018 1247 1047 regnum
1273 1013 1319 1041 Dei
1348 1016 1451 1044 veniat.
1469 1017 1567 1054 Neque
1581 1021 1657 1048 enim
1671 1024 1725 1050 alia
1742 1024 1794 1051 ra-'

996 1053 1072 1081 tione
1104 1063 1119 1082 a
1145 1063 1230 1091 prava
1263 1060 1454 1095 corruptionis
1480 1053 1671 1094 dominatione
1701 1069 1784 1097 eximi

995 1105 1156 1134 possumus,
1176 1102 1229 1129 nisi
1256 1103 1365 1132 vivitica
1383 1107 1507 1141 potentia
1530 1109 1676 1144 imperium
1691 1113 1718 1140 in
1734 1121 1786 1143 nos

994 1145 1155 1180 arripiente.
1175 1147 1313 1180 Quocirca
1338 1158 1402 1178 eum
1426 1153 1579 1188 arabimus,
1608 1156 1660 1185 hac
1686 1159 1786 1187 verbo-

993 1196 1055 1216 rum
1073 1191 1099 1218 vi
1124 1190 1208 1220 Deum
1233 1201 1385 1230 rogemus:
1413 1197 1538 1233 Eximar,
1564 1209 1670 1235 quaeso,
1687 1211 1702 1231 a
1725 1212 1786 1232 cor-

994 1236 1138 1270 ruptione;
1155 1237 1259 1267 liberer
1275 1239 1360 1277 466
1377 1249 1393 1269 a
1408 1247 1513 1278 morte;
1532 1253 1585 1273 non
1603 1247 1630 1274 in
1649 1256 1693 1276 me
1705 1250 1785 1278 dein-

993 1287 1056 1315 ceps
1086 1287 1203 1317 regnent
1228 1285 1295 1312 vitia
1310 1294 1372 1321 quae
1398 1289 1481 1316 modo
1507 1290 1574 1318 mihi
1590 1293 1780 1328 dominantur,

993 1333 1044 1355 nec
1057 1335 1100 1356 me
1116 1329 1206 1358 hostis
1221 1339 1269 1365 per
1287 1339 1431 1368 peccatum
1456 1336 1483 1363 in
1507 1338 1701 1372 captivitatem
1726 1347 1784 1370 tra-

991 1370 1055 1405 hat;
1071 1381 1168 1402 verum
1192 1377 1286 1405 veniat
1312 1378 1340 1405 in
1362 1387 1406 1407 me
1416 1387 1538 1416 regnum
1562 1387 1651 1418 tuum,
1668 1393 1724 1421 quo
1740 1388 1786 1415 ad-

991 1418 1105 1446 versarii
1131 1423 1257 1456 tyrannis
1282 1423 1425 1454 abscedat.
1446 1426 1507 1454 Non
1533 1429 1607 1456 enim
1628 1418 1700 1460 lucis
1719 1441 1785 1468 prte-

991 1464 1109 1492 sentiam
1133 1467 1222 1502 caligo
1249 1470 1393 1504 sustinet;
1419 1480 1475 1500 non
1501 1473 1616 1503 morbus
1642 1477 1785 1508 oboriente

990 1509 1110 1538 sanitate
1129 1513 1279 1548 consistit;
1313 1524 1368 1544 non
1393 1517 1464 1545 vires
1480 1526 1548 1547 suas
1574 1528 1706 1551 exsernnt
1721 1533 1783 1560 per-

994 1555 1182 1590 turbationes,
1201 1559 1265 1587 dum
1283 1563 1474 1597 tranquillitas
1492 1565 1584 1593 adest.
1599 1566 1673 1595 Mors
1689 1555 1783 1600 inanis

990 1605 1042 1633 εει,
1060 1603 1206 1638 corruptio
1221 1605 1311 1633 oculis
1335 1614 1392 1635 non
1413 1610 1577 1644 percipitur,
1599 1614 1710 1647 quando
1727 1617 1782 1644 vita

991 1652 1088 1680 regnat
1103 1648 1130 1676 in
1146 1649 1239 1685 nobis,
1258 1655 1286 1679 et
1305 1653 1481 1690 incorruptio
1494 1658 1641 1693 imperium
1659 1664 1745 1695 tenet,

1026 1694 1123 1728 Ejusd.
1148 1703 1218 1724 orat.
1239 1698 1267 1726 ι.
1300 1698 1393 1728 —Fiat
1415 1701 1442 1728 in
1465 1709 1509 1730 tne
1525 1704 1654 1734 voluntas
1672 1711 1729 1741 tua,
1752 1714 1782 1736 ut

990 1738 1091 1767 diaboli
1114 1742 1242 1771 voluntas
1258 1746 1462 1781 exstinguatnr.
1479 1747 1559 1782 Nam,
1576 1751 1650 1779 sicut
1666 1753 1693 1780 in
1709 1738 1779 1782 eali-

989 1781 1097 1816 ginosis
1124 1786 1212 1815 antris
1239 1788 1315 1816 illata
1347 1790 1410 1818 luce
1436 1781 1559 1821 tenebrae
1580 1796 1779 1832 dispelluntur,

990 1827 1039 1862 ita,
1055 1830 1078 1857 si
1105 1832 1234 1861 voluntas
1257 1839 1303 1863 tua
1321 1836 1348 1863 in
1364 1844 1409 1865 me
1432 1837 1506 1866 facta
1522 1840 1569 1873 sit,
1589 1843 1680 1871 omnis
1696 1852 1779 1879 prava

990 1878 1018 1902 et
1032 1882 1200 1912 prmpostera
1219 1881 1373 1910 voluntatis
1390 1884 1504 1918 agitatio
1519 1885 1546 1913 iu
1568 1888 1685 1916 nihilum
1697 1878 1780 1928 redi.-

989 1920 1074 1955 gitur.
1105 1922 1163 1951 Tua
1194 1925 1331 1960 siquidem
1363 1928 1490 1958 voluntas
1516 1934 1674 1962 mortalium
1704 1925 1778 1966 salus

988 1971 1041 1994 est.

1024 2011 1055 2039 S.
1071 2012 1211 2048 Chrysost.
1227 2030 1261 2036 ~—
1275 2015 1326 2049 Qui
1351 2023 1484 2053 precatur
1507 2025 1537 2048 ut
1554 2029 1569 2048 a
1588 2024 1661 2051 malo
1677 2024 1780 2054 libere-

988 2062 1043 2091 tur,
1063 2058 1115 2086 hoc
1131 2060 1269 2094 postulat,
1285 2067 1315 2090 ut
1329 2070 1344 2090 a
1361 2065 1561 2094 tentationibus
1575 2069 1725 2098 eximatur.

1024 2102 1165 2138 Ejusdem.
1177 2119 1214 2126 —
1226 2105 1345 2139 Quando
1364 2109 1507 2145 quidpiam
1533 2113 1640 2140 orando
1664 2116 1778 2149 petieri-

988 2156 1050 2177 mus
1070 2158 1085 2177 a
1119 2149 1246 2185 Domino,
1276 2161 1311 2181 ne
1338 2155 1432 2182 statim
1458 2157 1704 2194 elanguescamus;
1730 2163 1777 2190 sed

988 2196 1106 2231 repulsa:
1125 2197 1329 2233 assiduitatem,
1355 2201 1520 2231 assiduitate
1537 2206 1681 2239 petitionis
1697 2215 1778 2244 supe-

989 2251 1093 2272 τοιηυε.

1026 2289 1164 2324 Ejusdem.
1180 2307 1215 2312 —
1227 2291 1296 2321 Cum
1319 2295 1393 2323 Deus
1416 2295 1550 2325 beneﬁcia
1567 2297 1671 2333 diﬂ'ert,
1693 2305 1778 2337 atque
1794 2317 1798 2320 -

989 2335 1015 2363 in
1032 2336 1141 2372 longius
1160 2340 1306 2374 protrahit,
1322 2349 1357 2369 ne
1373 2340 1537 2378 frangantur
1557 2345 1669 2379 animis,
1687 2335 1778 2382 neque

988 2384 1176 2412 concidamus.
1193 2385 1271 2421 Saepe
1290 2387 1363 2414 enim
1390 2387 1525 2417 Dominus
1545 2391 1707 2420 dilationem
1724 2393 1779 2421 litt-

986 2427 1107 2463 jusmodi
1128 2429 1161 2457 ad
1179 2431 1340 2460 exercitium
1359 2433 1422 2462 ﬁdei
1439 2435 1580 2470 producit.

1027 2474 1164 2509 Ejusdem.
1180 2491 1215 2496 —
1233 2477 1401 2506 Praeclarum
1422 2485 1466 2508 est
1488 2489 1552 2508 cum
1579 2482 1637 2511 Deo
1667 2491 1777 2520 semper

987 2529 1031 2557 pet
1060 2522 1213 2550 orationem
1241 2525 1473 2553 consuetudinem
1505 2526 1619 2556 habere.
1651 2528 1722 2557 Nam
1753 2531 1776 2558 si

986 2575 1158 2604 congressus
1176 2576 1240 2596 cum
1256 2569 1317 2597 viro
1334 2570 1408 2599 bono
1423 2572 1564 2601 meliorem
1591 2574 1682 2602 reddit
1698 2575 1775 2603 illum

985 2614 1115 2649 quicum
1143 2621 1176 2642 eo
1201 2615 1390 2651 congreditur,
1407 2621 1514 2650 quanto
1539 2620 1628 2654 magis
1653 2620 1725 2648 idem
1750 2622 1775 2649 ei

986 2661 1159 2695 usuvenerit,
1186 2662 1234 2697 qui
1257 2662 1305 2690 diu
1328 2667 1465 2699 noctuque
1480 2672 1543 2692 cum
1561 2665 1617 2694 Deo
1631 2669 1773 2696 versatur!

1022 2706 1343 2744 Ejusdem.—Magnum
1358 2708 1462 2737 bonum
1483 2715 1526 2738 est
1543 2712 1643 2745 oratio,
1660 2714 1683 2741 si
1697 2719 1775 2749 grato

986 2754 1080 2782 animo
1098 2755 1154 2788 ﬁat,
1175 2763 1284 2792 nosque
1306 2755 1384 2791 ipsos
1407 2757 1446 2784 ita
1468 2757 1641 2792 erndiamus,
1667 2763 1699 2786 ut
1716 2760 1775 2789 sive

986 2804 1112 2829 rotorum
1126 2806 1270 2838 compotes
1293 2801 1392 2836 simus,
1409 2803 1467 2831 sive
1480 2804 1621 2839 repulsam
1641 2804 1774 2839 feramus,

987 2846 1043 2875 Deo
1070 2848 1174 2884 gratias
1198 2857 1326 2886 agamus.
1350 2849 1457 2878 Etenim
1475 2852 1643 2886 quandoque
1657 2852 1776 2889 largitur
