2056 3113
281 113 349 151 1413

861 112 903 142 S.’
914 111 930 142 J
934 110 1035 141 OANN
1040 109 1075 141 IS
1087 108 1305 141 DAMASCENI

1841 106 1920 138 ,1444
1935 142 1945 145 ἢ

279 171 445 208 quandoque
459 177 556 198 rursus
577 173 680 204 negat:
702 171 851 203 utrumque
875 166 991 194 utiliter.
1009 165 1066 192 lta-

1124 165 1262 201 Ξιμφότερα
1289 163 1445 199 χρησίμως.
1463 163 1546 190 Ὥστε
1564 163 1616 190 κᾶν
1632 162 1729 199 λάϐῃς,
1746 162 1799 190 κᾶν
1815 163 1853 198 μὴ
1868 163 1918 190 λά-

277 226 343 252 que,
359 217 470 244 etiamsi
493 222 547 242 non
572 213 707 249 accipias,
737 221 792 240 non
811 212 973 247 accipiendo
992 217 1071 238 acce-

280 263 360 298 pisti;
374 261 486 290 etiamsi
499 260 574 295 quod
592 259 745 294 optaveris,
767 258 882 286 minime
901 261 1072 286 consecutus

279 309 330 340 sis,
345 315 401 335 non
428 305 629 341 consequendo
660 308 830 332 consecutus
858 310 901 332 es.
928 302 1070 330 Interdum

278 355 353 381 cnim
378 360 434 380 non
461 352 590 386 accipere
616 350 691 386 quod
717 349 901 385 postulamus,
921 348 1010 376 satius
1029 350 1072 376 est

278 407 361 434 quam
388 399 528 433 accipere.
558 397 625 424 Nam
646 397 670 425 si
697 395 767 423 utile
792 397 867 423 esset
889 394 1026 428 accipere,
1043 391 1071 420 id

278 453 394 480 prorsus
410 444 545 473 dedisset.
576 443 665 470 Porro
692 446 740 469 tuo
767 441 842 468 bono
858 447 916 467 non
936 438 1071 474 consequi

278 491 350 526 quod
369 494 455 525 petas,
478 489 530 516 hoc
549 489 630 523 plane
643 486 781 521 consequi
797 490 851 513 est.

321 535 461 570 Ejusdem.
475 550 511 555 —
522 535 623 570 Ingens
634 537 776 560 armatura
794 535 835 559 est
851 530 953 562 oratio,
973 530 1071 565 ingens

278 586 482 614 ornamentum,
498 580 657 616 praesidium
681 579 791 614 ingens.
811 577 880 605 Nam
897 585 960 605 cum
977 577 1070 604 homi-

278 636 327 655 nes
344 634 470 659 oramus,
502 625 661 660 sumptibus
692 628 721 651 et
744 623 871 659 pecuniis
890 630 961 658 opus
985 622 1072 650 habeo

278 680 351 702 mus.
379 671 531 706 servilique
558 670 760 702 assentatione,
782 673 810 696 et
827 675 928 704 magno
952 667 1070 695 circuitu

277 724 310 744 ac
337 716 538 752 negotiatione.
570 714 666 750 Neque
693 715 768 742 enim
786 720 978 748 saepenumero
1007 712 1072 739 licet

278 770 328 790 eos
343 767 418 791 recta
442 761 557 797 alloqui,
580 768 664 796 penes
681 768 752 796 quos
767 759 852 787 dandi
871 764 994 793 potestas
1008 762 1071 790 est;

235 841 238 843 >
279 816 373 835 verum
397 808 478 843 prius
497 807 618 835 famulos
636 814 747 839 eorum,
774 808 1030 840 procuratoresque
1044 807 1072 831 et

278 853 534 886 administratores,
559 857 617 880 tum
640 852 778 887 pecuniis,
803 855 861 879 tum
881 850 1068 883 sermonibus,
1088 850 1109 877 Β

278 905 360 934 atque
375 900 451 927 omni
472 907 576 934 genere.
592 898 675 926 ollicii
695 897 828 925 demereri
848 904 994 925 necessum
1010 901 1069 930 est;

278 952 310 973 ac
339 949 397 973 tum
422 953 520 973 eorum
551 952 638 979 opera
674 944 748 979 quod
779 944 898 978 petimus
923 943 1072 977 impetrare

279 998 370 1026 posse.
386 991 421 1018 At
436 991 463 1018 in
488 990 545 1018 Deo
562 998 646 1018 secus
662 997 693 1018 se
708 997 753 1018 res
775 990 867 1017 habet.
886 989 981 1023 Neque
997 988 1071 1016 enim

278 1037 511 1065 intercessoribus
533 1037 648 1072 indiget,
676 1045 724 1072 per
750 1045 821 1072 quos
842 1037 895 1064 sibi
914 1044 1010 1072 preces
1032 1035 1072 1064 fe-

279 1087 386 1115 rantur,
419 1091 471 1111 nec
498 1087 554 1111 tam
582 1090 632 1117 per
649 1083 720 1110 alios
746 1089 829 1117 quant
852 1089 900 1117 per
927 1089 979 1109 nos
997 1082 1072 1116 ipsos

278 1134 421 1161 exoralus,
437 1129 471 1156 ad
497 1129 632 1157 beneﬁcia
657 1128 748 1156 danda
777 1128 911 1162 proclivis
930 1131 984 1155 est.
999 1127 1072 1160 Quin

278 1175 364 1202 etltic
389 1175 519 1209 quidem,
549 1175 609 1202 sive
637 1174 822 1209 accipiamus,
848 1174 906 1201 sive
932 1173 1070 1208 repulsam

279 1221 426 1255 patiamur,
452 1224 586 1256 quaestum
614 1219 707 1248 facere
735 1220 811 1248 licet.
833 1218 914 1254 Apud
942 1218 1073 1246 homines

279 1267 524 1303 verotl'requenter
539 1267 642 1295 accidit
657 1273 686 1295 ut
713 1273 864 1301 utrumque
885 1266 968 1293 nobis
986 1265 1072 1293 detri-

279 1317 402 1340 mentum
435 1312 542 1340 aﬂ‘erat.
576 1312 713 1346 Quoniam
743 1313 827 1348 igitur
851 1312 885 1339 iis
908 1311 956 1347 qui
984 1311 1071 1339 Deum

286 1359 400 1390 adeunt,
415 1362 473 1385 tum
485 1358 569 1394 487
588 1359 695 1385 lucrum
717 1358 806 1392 majus
823 1361 876 1389 est,
903 1361 962 1384 tum
984 1356 1073 1390 major

285 1404 404 1432 facilitas
423 1413 429 1431 :
444 1404 598 1432 orationem
616 1411 683 1438 ergo
697 1410 730 1430 ne
751 1407 975 1430 contemnamus.
994 1401 1072 1430 Tunc

279 1449 352 1477 enim
379 1449 427 1477 tibi
459 1448 612 1484 proclivius
627 1449 674 1476 dat
693 1456 755 1484 quas
771 1448 896 1482 postulas
911 1468 919 1480 ,
947 1456 1010 1475 eutn
1024 1456 1073 1484 pur

280 1495 399 1529 teipsum
415 1496 555 1530 postulas;
584 1495 667 1522 ntodo
691 1499 782 1521 tamen
811 1501 866 1521 non
884 1493 1073 1528 perfunctorie

279 1541 402 1576 postules
416 1549 424 1568 :
436 1541 463 1568 id
480 1541 555 1576 quod
574 1541 700 1576 plerique
721 1540 841 1567 faciunt.
861 1539 998 1567 Nimirum
1016 1540 1072 1567 lin-

279 1594 334 1622 gua
351 1586 462 1622 quidem
492 1587 574 1614 verba
601 1586 778 1622 pronuntiat;
810 1586 921 1613 animus
948 1593 1015 1614 vero
1030 1586 1074 1613 vel

281 1632 392 1665 domus,
423 1633 467 1660 vel
495 1632 546 1660 fori
572 1632 631 1659 vias
667 1631 862 1661 circumvadit.
889 1630 947 1659 Hoc
981 1636 1073 1659 autem

280 1682 367 1705 totum
383 1677 486 1705 diaboli
501 1674 688 1705 commentum
708 1682 760 1705 est.
784 1677 854 1704 Nam
879 1678 1011 1712 quoniam
1024 1685 1072 1705 ex-

281 1724 419 1758 ploratum
434 1723 527 1757 habet,
543 1731 605 1756 nos,
620 1731 676 1758 quo
690 1727 815 1758 tempore
833 1731 896 1750 cum
914 1723 968 1750 Deo
980 1723 1071 1750 collo-

280 1770 402 1805 quimur,
428 1773 606 1805 peccatorum
624 1769 732 1796 veniam
758 1769 907 1804 impetrare
928 1776 1021 1804 posse,
1039 1773 1070 1796 ut

281 1816 362 1845 nobis
376 1816 515 1844 orationis
530 1820 639 1851 portum
659 1815 735 1842 velut
758 1819 870 1850 aggesta
890 1819 964 1842 terra
982 1815 1072 1843 inter-

280 1861 384 1893 cludat,
418 1865 486 1889 tttnc
510 1861 539 1888 in
569 1861 622 1888 hoc
648 1859 794 1892 incumbit,
811 1867 866 1895 quo
884 1864 1004 1887 mentem
1023 1867 1072 1888 no-

1086 1516 1108 1544 (ἶ

1123 212 1186 248 ϐῃς,
1214 211 1312 243 ἔλαϐες
1327 211 1357 237 ὲν
1368 209 1408 246 τῷ
1421 209 1459 245 μὴ
1475 210 1626 237 ἀπολαϐεῖν
1638 218 1645 225 ·
1658 209 1710 236 κᾶν
1722 209 1760 245 μὴ
1773 209 1918 244 ἐπιτύχῃς.

1122 258 1254 294 ἐπέτυχες
1268 258 1298 285 ὲν
1317 257 1358 293 τῷ
1376 256 1415 293 μὴ
1432 257 1584 292 ἐπιτυχεῖν.
1597 257 1678 283 Ἔστι
1693 256 1749 292 γὰρ
1770 256 1815 282 ὅτε
1834 256 1866 282 τὸ
1879 256 1918 292 μὴ

1121 304 1215 331 λαϐεῖν
1236 304 1305 339 ὅπερ
1326 302 1475 338 αἰτοῦμεν,
1492 302 1539 329 τοῦ
1566 302 1660 330 λαϐεῖν
1681 301 1915 337 λυσιτελέστερον.

1121 350 1155 378 Εἰ
1171 350 1227 386 γὰρ
1241 350 1384 386 συμφέρον
1398 351 1466 385 ἡμῖν
1487 349 1618 381 πολλάκις
1631 349 1662 376 τὺ
1685 348 1790 381 λαϐεῖν,
1806 348 1917 380 πάντως

1121 396 1223 424 έδωκεν
1236 396 1281 424 ἄν.
1298 395 1337 422 To
1349 395 1378 422 δὲ
1394 395 1589 431 συμφερόντως
1604 395 1764 430 ἀποτυχεῖν,
1777 394 1916 429 επιτυχεῐν

1121 442 1190 469 ἐστι.

1157 533 1238 568 Μέγα
1253 534 1338 561 ὅπλον
1355 533 1435 569 εὐχὴ,
1455 533 1543 569 μέγας
1567 532 1681 568 κόσμος,
1700 532 1806 568 μεγάλη
1827 532 1916 566 ἀσφά-

1122 580 1191 607 λεια.
1223 579 1390 615 Ἀνθρώπων
1409 579 1459 615 μὲν
1482 579 1537 615 γὰρ
1552 579 1693 615 δεόμενοι,
1721 579 1770 606 καὶ
1792 578 1917 614 δαπάνης

1121 627 1169 653 καὶ
1191 626 1342 662 χρημάτων
1369 625 1505 659 δεόμεθα,
1532 625 1580 652 καὶ
1605 625 1753 658 κολακείας
1769 624 1917 660 δουλοπρε-

1122 671 1202 704 ποῦς,
1230 671 1279 698 καὶ
1305 671 1407 706 πολλῆς
1428 670 1555 707 περιόδου
1575 670 1623 697 καὶ
1649 669 1853 706 πραγματείας.
1876 670 1914 696 υὺ

1121 717 1178 753 γὰρ
1192 717 1223 751 ἑξ
1236 718 1348 749 εὐθείας
1369 717 1462 749 αὐτοῖς
1481 717 1539 748 τοῖς
1555 716 1662 752 κύριοις
1687 715 1736 742 τοῦ
1759 715 1851 742 δοῦναι
1864 715 1917 751 τὴν

1122 765 1202 801 χάριν
1224 764 1265 791 ἔνι
1284 763 1461 800 διαλεχθῆναι
1489 762 1632 795 πολλάκις,
1651 762 1709 790 ἀλλ’
1724 763 1832 798 ἀνάγκη
1845 763 1916 798 πρό-

1122 819 1202 846 τερον
1221 809 1375 842 διακόνους,
1389 810 1437 836 καὶ
1447 809 1607 844 οἰκονόμους
1621 809 1724 842 αὐτῶν,
1743 809 1790 836 καὶ
1805 809 1917 845 ἐπιτρό-

1124 864 1202 889 πους,
1218 855 1342 891 χρήμασι
1362 855 1409 882 καὶ
1440 855 1557 891 ῥήμασι,
1575 855 1623 882 καί
1645 856 1728 882 παντὶ
1745 854 1916 891 θεραπεῦσαι

1121 901 1229 937 τρόπῳ,
1245 900 1294 927 καὶ
1312 899 1373 927 τότε
1387 900 1420 927 δι’
1438 900 1553 926 ἐκείνων
1569 900 1620 935 τὴν
1641 900 1750 935 αἴτησιν
1770 900 1917 936 δυνηθῆναι

1121 946 1227 974 λαϐεῖν.
1244 946 1306 973 Ἐπὶ
1323 946 1352 973 δὲ
1367 945 1436 972 θεοῦ
1450 946 1500 972 οὐκ
1513 945 1587 972 ἐστιν
1599 945 1697 977 οὕτως.
1711 946 1748 972 Οὐ
1761 946 1816 982 γὰρ
1831 946 1918 972 δεῖται

1124 992 1246 1028 μεσιτῶν
1256 992 1365 1018 ἐπὶτῶν
1375 991 1535 1025 ἀξιούντων,
1544 991 1605 1018 οὐδὲ
1617 991 1704 1024 οὕτως
1712 992 1746 1018 δι’
1757 992 1860 1028 ἐτέρων
1868 1000 1918 1018 πα-

1124 1037 1339 1074 ρακαλούμενος,
1352 1037 1391 1069 ὡς
1401 1037 1434 1064 δι’
1450 1037 1530 1072 ἡμῶν
1540 1037 1630 1064 αὐτῶν
1643 1038 1698 1064 τῶν
1712 1037 1848 1073 δεομένων
1856 1038 1918 1064 έπε-

1123 1084 1195 1111 νεύει
1209 1085 1243 1119 τῇ
1258 1084 1362 1118 χάριτι.
1373 1083 1430 1109 Καὶ
1442 1082 1562 1109 ἐνταῦθα
1577 1082 1638 1118 μὲν,
1650 1083 1698 1109 καὶ
1715 1083 1915 1118 λαμϐάνοντας,

1123 1129 1171 1157 καὶ
1180 1131 1218 1165 μὴ
1224 1129 1416 1165 λαμϐάνοντας
1423 1128 1480 1155 ἐστι
1488 1120 1652 1165 κερδαίνειν,
1660 1129 1707 1156 ἐπὶ
1714 1129 1742 1155 δὲ
1751 1130 1806 1156 τῶν
1815 1129 1918 1165 ἀνθρὼ-

1123 1183 1183 1202 πων
1195 1175 1223 1202 ἐν
1231 1174 1355 1210 ἐκατέρῳ
1364 1175 1497 1206 πολλάκις
1506 1174 1671 1210 ὲϐλάϐημεν.
1680 1175 1758 1202 Ἐπεὶ
1767 1173 1813 1202 οὖν
1825 1176 1917 1210 μεῖζον

1122 1221 1153 1247 τὸ
1164 1221 1271 1256 κέρδος,
1284 1221 1332 1248 καὶ
1353 1220 1455 1247 πλείων
1467 1221 1484 1255 ἡ
1500 1220 1612 1247 εὐκολία
1625 1221 1681 1252 τοῖς
1695 1220 1734 1255 τῷ
1749 1221 1810 1256 Θεῷ
1831 1230 1918 1256 προσ-

1125 1267 1205 1301 ιοῦσι,
1220 1267 1258 1302 μὴ
1274 1267 1490 1303 καταφρονῶμεν
1503 1266 1596 1302 εὐχῆς.
1610 1267 1676 1293 Τότε
1692 1267 1747 1302 γάρ
1761 1276 1801 1294 σοι
1817 1267 1918 1302 μᾶλλον

1123 1312 1232 1340 δίδωσιν
1247 1313 1264 1340 ἃ
1286 1313 1385 1345 αἰτεῖς,
1402 1312 1435 1340 ἂν
1458 1313 1490 1339 σὺ
1507 1312 1552 1339 διὰ
1569 1312 1685 1340 σεαυτοῦ
1707 1313 1797 1348 αἰτῇς,
1815 1313 1862 1339 ἐὰν
1880 1313 1918 1348 μὴ

1124 1357 1273 1392 παρέργως
1281 1357 1371 1392 αἰτῇς,
1386 1356 1456 1393 ὅπερ
1470 1356 1595 1384 ποιοῦσιν
1610 1358 1634 1384 οἰ
1645 1357 1748 1384 πολλοί.
1766 1357 1797 1384 Ἦ
1807 1357 1919 1391 γλῶσσα

1125 1403 1176 1439 μὲν
1186 1403 1261 1437 λέγει
1275 1403 1310 1430 τὰ
1321 1403 1442 1439 ῥήματα,
1454 1403 1470 1438 ἠ
1487 1402 1516 1429 δὲ
1529 1402 1603 1438 ψυχὴ
1617 1402 1668 1438 τῆς
1681 1402 1770 1433 οἰκίας
1782 1402 1799 1438 ἢ
1814 1402 1919 1436 ἀγορᾶς

1123 1449 1173 1481 τὰς
1195 1448 1272 1480 ὁδοὺς
1289 1447 1476 1483 περιέρχεται.
1496 1447 1583 1474 Τοῦτο
1600 1447 1629 1474 δὲ
1654 1447 1716 1474 ὅλον
1729 1447 1777 1474 τοῦ
1792 1446 1919 1473 διαϐόλου

1123 1494 1154 1521 τὸ
1179 1494 1410 1530 κατασκεύασμα.
1440 1494 1551 1530 Ἐπειδὴ
1576 1493 1631 1530 γὰρ
1663 1492 1734 1521 οἶδεν
1757 1494 1832 1529 ἡμᾶς
1857 1493 1918 1520 κατ’

1124 1541 1230 1567 ἐκεῖνον
1249 1540 1295 1567 τὸν
1316 1540 1412 1576 καιρὸν
1435 1540 1610 1576 διαλεχθῆναι
1626 1540 1695 1576 πρὸς
1716 1540 1763 1567 τὺν
1782 1539 1860 1572 Θεὸν,
1877 1539 1920 1566 ὅτε

1124 1585 1266 1621 δυνάμεθα
1289 1585 1337 1613 καὶ
1366 1586 1493 1621 ἀφέσεως
1508 1586 1719 1622 ἁμαρτημάτων
1733 1586 1837 1621 τυχεῖν,
1855 1585 1917 1620 βου-

1124 1632 1240 1667 λόμενος
1253 1632 1324 1667 ἡμῖν
1335 1631 1382 1658 τὸν
1397 1632 1448 1667 τῆς
1464 1633 1547 1667 εὐχῆς
1564 1631 1725 1667 προσχῶσαι
1740 1631 1921 1667 λιμένα,κατ·

1125 1679 1209 1705 αὑτὸν
1222 1678 1363 1705 ἐνίσταται
1378 1679 1423 1705 τὸν
1436 1679 1542 1713 καιρὸν,
1555 1678 1694 1713 ἐκκρούων
1705 1677 1782 1713 ἡμῶν
1799 1677 1850 1712 τὴν
1861 1676 1922 1703 διὰ-

1125 1732 1201 1751 νοιαν
1215 1723 1270 1750 τῶν
1282 1723 1448 1758 λεγομένων,
1463 1722 1534 1749 ὥστε
1552 1722 1743 1758 ζημιωθέντας
1759 1722 1834 1757 ἡμᾶς
1851 1721 1922 1756 μᾶλ-

1124 1769 1170 1795 λον
1186 1769 1204 1804 ἢ
1221 1769 1423 1804 κερδαίνοντας,
1438 1768 1579 1796 ἀπελθεῖν.
1596 1767 1689 1795 Ταῦτα
1702 1765 1749 1794 οὖν
1767 1766 1857 1798 εἰδὼς,
1871 1766 1921 1792 dv—

1125 1815 1231 1849 θρωπε,
1248 1815 1313 1841 ὅταν
1328 1815 1446 1850 προσίῃς
1462 1814 1533 1850 Θεῷ,
1549 1814 1677 1841 ἐννόησον
1694 1813 1749 1840 τίνι
1764 1812 1920 1848 προσέρχῃ,

1127 1861 1176 1888 καὶ
1190 1862 1272 1897 ἀρκεῖ
1288 1869 1330 1888 σοι
1346 1861 1386 1891 εἰς
1399 1860 1490 1896 νῆψιν.

280 1911 367 1934 strain
385 1907 419 1934 ab
439 1907 475 1934 iis
491 1913 554 1941 qua:
579 1906 804 1941 pronuntiamus,
830 1905 942 1938 avellat,
961 1905 1000 1933 uti
1026 1907 1132 1941 majore
1148 1906 1317 1934 detrimento
1337 1913 1419 1940 quam
1445 1905 1590 1933 commodo
1618 1904 1708 1932 affecti
1741 1905 1920 1934 recedamus.

281 1952 344 1980 llaec
362 1952 445 1987 igitur
470 1951 582 1988 quando
601 1955 743 1987 comperta
768 1955 834 1979 sunt
854 1951 917 1984 tibi,
941 1958 958 1978 ο
983 1952 1078 1985 homo,
1099 1953 1164 1980 dum
1181 1952 1292 1981 accedis
1315 1951 1350 1979 ad
1376 1951 1474 1986 Deum,
1499 1951 1647 1979 considera
1664 1951 1698 1978 ad
1729 1959 1810 1986 quem
1838 1959 1919 1980 acce-

280 1999 346 2026 das:
374 1999 483 2034 hocque
511 1998 559 2025 tibi
585 1997 619 2025 ad
649 1997 822 2033 vigilantiam
846 1997 1065 2032 Comparandam
1087 1999 1216 2026 sullieiat.

315 2045 455 2081 Ejusdem,
482 2046 577 2073 Ιιοηιὶι.
594 2046 625 2078 7,
651 2045 683 2072 de
711 2045 809 2073 dicere.
835 2046 938 2079 spuria.
974 2060 1001 2065 —
1022 2045 1072 2073 Se-

279 2093 364 2121 cessit
378 2092 459 2121 Jesus
474 2092 502 2119 in
516 2095 609 2127 partes
624 2091 690 2127 Tyri
701 2095 728 2119 et
743 2090 865 2123 Sidonis,
881 2096 908 2118 et
924 2097 992 2119 ecce
1013 2099 1074 2118 mu—

279 2139 342 2172 lier,
367 2138 471 2167 diaboli
493 2143 572 2166 vetus
591 2143 741 2169 armatura.
766 2144 827 2172 qua:
851 2144 894 2164 tne
912 2144 927 2164 e
945 2137 1073 2172 paradiso
1090 2159 1113 2188 ο

279 2184 395 2220 expulit,
412 2189 499 2212 mater
517 2183 768 2219 praevaricationis,
783 2182 862 2217 origo
883 2183 997 2217 peccati,
1019 2183 1076 2210 hmo

280 2230 326 2258 illa
346 2231 445 2257 tuulier
464 2231 548 2257 venit.
572 2229 647 2257 Nova
662 2236 707 2256 res
733 2232 761 2256 et
782 2228 962 2256 admiranda!
988 2228 1073 2256 Judaei

256 2291 258 2295 τ
279 2275 400 2311 fugiunt,
414 2275 515 2303 mulier
527 2279 715 2303 consectatur.
736 2273 855 2310 Haecque
869 2275 985 2310 rogabat
998 2283 1074 2306 eutn,

279 2321 376 2349 dicens
388 2330 395 2348 :
409 2320 533 2356 D9mine,
542 2320 598 2348 Fili
609 2320 705 2351 David,
717 2320 841 2348 miserere
853 2321 902 2347 mei
911 2321 1020 2356 (Malm.
1029 2328 1074 2351 xv,

277 2367 335 2402 22).
353 2367 527 2403 Evangelista
541 2367 640 2395 mulier
654 2366 784 2402 eﬂicitur,
802 2375 923 2402 unaque,
938 2371 996 2395 tuttt
1017 2367 1075 2395 dei-

279 2417 377 2446 tatem,
391 2417 450 2441 tum
466 2413 594 2441 humana:
613 2413 706 2441 carnis
723 2414 944 2448 assumptionem
960 2413 1075 2441 conﬁte-

279 2463 346 2488 tur:
366 2458 485 2487 dicendo
510 2459 651 2492 nimirum,
680 2459 808 2493 Domine,
837 2459 1073 2492 dominationem;

278 2504 396 2532 dicendo
410 2511 532 2537 rursum,
549 2504 606 2532 Fili
629 2504 723 2536 Dauid,
748 2503 968 2538 assumptionem
982 2504 1075 2531 carnis

279 2548 421 2584 praedicat.
439 2547 567 2576 Miserere
577 2549 638 2576 mei.
656 2549 780 2581 Nullum,
798 2549 899 2584 inquit,
911 2549 1074 2584 praeclarum

278 2595 389 2624 facinus
399 2595 500 2629 habeo,
516 2595 620 2623 nullam
631 2603 665 2624 ex
681 2595 767 2630 proba
778 2596 991 2624 conversatione
1005 2596 1074 2623 [idu-

278 2640 361 2669 ciam.
380 2640 422 2668 Ad
435 2640 656 2669 misericordiam
669 2640 810 2676 confugio,
827 2641 873 2669 ubi
890 2641 967 2670 salus
982 2649 997 2668 a
1012 2649 1076 2669 cett-

279 2694 344 2714 sura
355 2687 442 2715 libera
453 2691 506 2715 est.
525 2686 559 2714 Et
573 2691 603 2715 tu
619 2687 743 2729 quidem,
758 2694 823 2715 cum
840 2687 965 2722 improba
981 2691 1007 2715 et
1027 2687 1076 2715 lla-

280 2732 379 2766 gitiosa
389 2739 477 2767 esses,
491 2740 548 2769 qua
564 2732 656 2761 fronte
667 2735 801 2762 accedere
818 2741 885 2762 ausa
899 2733 949 2762 es?
963 2733 1004 2761 Ae
1015 2733 1076 2762 vide

280 2778 405 2806 mulieris
424 2779 639 2816 philosophiam.
665 2779 726 2808 Non
754 2784 833 2816 rogat
854 2780 1000 2814 Iacobum,
1020 2788 1074 2808 non

280 2825 342 2848 orat
356 2821 499 2852 Joannem.
516 2831 571 2853 non
583 2825 639 2854 adit
657 2825 785 2859 Petrum;
800 2826 848 2855 sed
864 2826 979 2855 ehorunt
998 2826 1074 2854 illum

1168 2046 1296 2082 Ἐξῆλθεν
1307 2046 1321 2072 ὁ
1342 2045 1446 2081 Ἰησοῦς
1461 2046 1501 2078 εἰς
1520 2047 1555 2073 τὰ
1572 2045 1642 2081 μέρη
1660 2045 1751 2081 Τύρου
1772 2045 1821 2072 καὶ
1836 2045 1931 2072 Σιεῶ-’

1127 2101 1182 2124 νος.
1197 2092 1245 2119 καὶ
1262 2091 1316 2118 ἰδοὺ
1331 2091 1412 2127 γυνὴ,
1426 2091 1457 2117 τὸ
1482 2090 1598 2118 παλαιὸν
1613 2091 1697 2118 ὅπλον
1717 2090 1766 2118 τοῦ
1780 2091 1920 2124 διαϐόλου,

1127 2138 1144 2173 ὴ
1156 2138 1203 2165 τοῦ
1214 2137 1381 2173 παραδείσου
1400 2143 1439 2173 με
1450 2137 1613 2170 ἐκϐαλοῦσα,
1625 2138 1642 2173 ἠ
1659 2137 1752 2173 μήτηρ
1763 2138 1812 2173 τῆς
1829 2146 1921 2173 παρα-

1127 2184 1235 2219 νομίας,
1252 2185 1269 2219 ἠ
1290 2183 1426 2219 ἀρχὴτῆς
1443 2183 1580 2219 ἁμαρτίας
1591 2191 1600 2200 ·
1619 2183 1690 2218 αὑτὴ
1711 2184 1805 2218 ἐκείνη
1820 2184 1836 2218 ἡ
1849 2185 1920 2220 γυνὴ

1126 2229 1247 2265 ἔρχεται.
1269 2229 1370 2256 Καῖνὸν
1396 2230 1514 2264 πρᾶγμα
1539 2229 1586 2255 καὶ
1604 2229 1773 2265 παράδοξονῐ
1794 2230 1920 2256 Ἰουδαῖοι

1126 2275 1276 2310 φεύγουσι,
1306 2275 1353 2302 καὶ
1376 2275 1446 2310 γυνὴ
1471 2275 1647 2302 καταδιώκει.
1679 2276 1735 2303 Καὶ
1768 2276 1921 2312 παρεκάλει

1126 2321 1208 2348 αὐτὸν
1236 2321 1370 2357 λέγουσαι
1394 2321 1499 2355 Κύριε,
1523 2322 1571 2349 Υἱὲ
1586 2322 1690 2355 Δαϐἰδ,
1715 2321 1850 2356 ἐλέησόν
1870 2331 1919 2357 με.

1127 2367 1347 2402 Εὑαγγελίστρια
1372 2367 1477 2401 γίνεται
1499 2368 1516 2402 ἠ
1545 2367 1626 2403 γυνὴ,
1651 2368 1699 2394 καὶ
1723 2367 1775 2402 τὴν
1791 2368 1920 2403 Θεότητα,

1126 2413 1173 2440 καὶ
1187 2413 1239 2449 τὴν
1252 2414 1410 2448 οἰκονομίαν
1424 2413 1566 2449 ὁμολογεῖ·
1584 2414 1683 2447 Κύριε,
1697 2415 1745 2441 καὶ
1760 2414 1811 2450 τὴν
1820 2415 1920 2441 δεσπο-

1125 2458 1201 2485 τείαν
1211 2466 1219 2472 ⁸
1238 2458 1288 2485 Υἱὲ
1301 2459 1401 2492 Δαϐἰδ,
1416 2460 1465 2494 τῆς
1476 2459 1578 2494 σαρκὸς
1590 2460 1641 2502 τὴν
1654 2460 1800 2495 ἀνάληψιν.
1821 2460 1921 2492 Ἐλέη-

1126 2506 1185 2532 σόν
1193 2513 1242 2540 με.
1258 2505 1315 2532 Οὐκ
1328 2504 1382 2540 ἔχω
1395 2505 1564 2541 κατόρθωμα
1582 2506 1658 2542 βίου·
1674 2506 1723 2533 οὐκ
1741 2506 1797 2541 ἔχω
1809 2507 1921 2541 παρῃ-

1127 2551 1187 2577 σίαν
1211 2550 1361 2583 πολιτείας,
1380 2551 1443 2578 Ἐπὶ
1465 2551 1540 2578 ἔλεον
1563 2551 1740 2587 καταφεύγω,
1754 2552 1821 2578 ὅπου
1838 2551 1921 2584 ἁνεξ-
1947 2578 1956 2587 ,

1127 2597 1241 2629 έταστος
1261 2597 1395 2633 σωτηρία.
1414 2597 1469 2624 Καὶ
1491 2599 1518 2624 τί
1535 2596 1604 2630 εἶδες
1624 2597 1706 2630 οὕτω,
1725 2598 1832 2633 πονηρὰ
1848 2595 1921 2624 οὖσα
1939 2597 1945 2604 ”

1126 2642 1175 2670 καὶ
1196 2642 1374 2679 παράνομος;
1389 2643 1450 2676 Πῶς
1474 2644 1626 2680 ἐτόλμησας
1655 2644 1834 2679 προσελθεῖν;
1863 2644 1922 2670 Καὶ

1127 2689 1178 2725 ὅρα
1200 2688 1328 2723 γυναικὸς
1346 2688 1518 2723 φιλοσοφίαν.
1534 2688 1572 2716 οὐ
1597 2689 1755 2724 παρακαλεῖ
1771 2688 1900 2716 Ἰάκωϐον
1912 2697 1921 2703 ·

1126 2734 1156 2761 οὐ
1172 2734 1262 2761 δέεται
1274 2734 1419 2768 Ἰωάννου,
1440 2734 1500 2762 οὐδὲ
1517 2735 1701 2771 προσέρχεται
1719 2735 1832 2770 Πέτρον,
1849 2734 1925 2761 ἀλλὰ

1126 2780 1236 2815 διέτεμε
1257 2780 1304 2807 τὸν
1328 2780 1419 2816 χορόν.
1436 2781 1493 2808 Οὐκ
1521 2781 1577 2817 ἔχω
1593 2780 1706 2817 μεσίτου
1726 2781 1833 2816 χρείαν,
1851 2781 1924 2808 ἀλλὰ

1127 2826 1248 2854 λαϐοῦσα
1265 2827 1314 2863 τὴν
1331 2827 1478 2862 μετάνοιαν
1501 2828 1669 2864 συνήγορον,
1691 2828 1762 2865 αὐτῇ
1779 2830 1815 2864 τῇ
1844 2831 1937 2864 πηγῇ
