2073 3112
161 125 226 157 1445

784 128 903 157 SACRA
922 127 1153 159 PARALIELA.

1728 129 1797 162 1446

155 183 355 219 προσέρχομαι.
373 184 424 210 Διὰ
442 183 523 210 τοῦτο
547 184 649 220 κατέϐη
661 205 668 216 ,
693 184 739 211 διὰ
755 185 835 212 τοῦτο
857 185 944 221 σάρκα

1000 186 1133 220 pervasit.
1150 184 1223 218 Non,
1250 185 1353 220 inquit,
1376 183 1510 212 mediator
1533 184 1602 212 mihi
1616 188 1678 219 est;
1697 194 1793 214 verum

153 229 295 262 ἀνέλαϐεν,
314 228 357 255 ῐνα
371 228 427 263 ἐγὼ
441 229 516 264 αὐτῷ
528 229 673 266 διαλεχθῶ.
695 231 770 257 Ἅνω
795 231 829 257 τὰ
846 232 949 266 Χερου-

153 275 205 311 6ὶμ
222 275 303 303 αὑτὸν
319 276 466 311 τρέμουσι,
479 277 528 303 καὶ
541 276 617 303 κάτω
629 276 705 312 αὐτῷ
725 277 813 313 πόρνη
827 277 951 312 διαλέγε-

152 329 208 347 ται.
228 320 373 355 Ἐλέησόν
385 329 442 356 με·
456 321 535 356 ψιλὸν
550 322 638 358 ῥῆμα,
656 323 705 349 καὶ
715 323 837 357 πέλαγος
848 323 949 358 ἀχανὲς

155 366 304 401 σωτηρίας.
484 376 524 410 με
535 375 541 382 ·
559 368 603 395 διὰ
624 368 704 395 τοῦτο
723 369 888 405 παρεγένου,
904 369 948 396 διὰ

147 411 233 451 εοῦτο
251 413 342 448 σάρκα
356 413 499 444 άνέλαϐες,
515 413 560 440 διὰ
581 412 662 440 τοῦτο
677 414 772 448 ἐγένου
786 414 856 449 ὅπερ
878 413 946 450 εἰμί.

77 487 91 498 Δ
106 479 111 482 .
129 450 229 502 {ﬁsa
244 457 358 493 τρόμος,
379 459 427 485 καὶ
452 458 527 484 κάτω
552 458 705 494 παρρησία.
727 459 874 493 Ἐλέησόν
887 468 926 494 με
937 467 945 475 ·

77 515 105 544 ξθ
132 506 134 517 ῖ
152 503 179 529 τί
193 503 281 538 ἔχεις
299 502 394 530 Ἔλεον
406 503 490 539 ζητῶ.
505 503 538 529 Τί
549 504 680 541 πάσχειςς
700 505 735 536 ΤΗ
744 505 946 544 θυγάτηρ-μίση

153 547 253 588 mran
266 547 474 585 ᾁααιρτζζεζαι.
504 548 537 576 Ἦ
559 549 718 585 συμπάθεια
732 551 912 586 γυμνάζεται,
927 547 964 587 ήκκλ

153 587 235 627 φάσις
261 592 448 628 βασανίζεται.
478 593 590 629 Ἐξῆλθε
615 595 766 630 συνήγορος
789 595 837 622 τοῦ
862 587 968 630 θυγα-ι

151 639 243 674 τρίου·
254 639 284 666 οὐ
300 639 380 674 φέρει
393 639 443 674 τὴν
458 639 600 671 νοσοῦσαν,
611 639 679 668 ἀλλὰ
692 640 772 676 φέρει
779 640 829 676 τὴν
842 641 943 669 πίστιν.

152 685 219 717 Θεός
236 685 294 712 ἐστι
311 685 357 711 καὶ
371 685 407 712 τὰ
430 685 520 712 πάντα
547 686 652 721 βλέπει.
678 686 869 723 ᾙήθυγπάτηρ
883 679 944 722 μου

152 731 251 763 κακῶς
264 730 473 766 δαιμονίζεται.
491 731 594 763 Πένθος
621 724 761 767 χαλεπὸνῖ
771 725 815 759 Ἦ)
831 724 944 769 κέντρον

151 777 202 812 τῆς
218 772 338 810 φύσεως,
359 777 409 812 τὴν
427 778 536 813 μήτραν
559 777 703 813 διασχίζει,
725 777 872 805 κλυδώνιον
886 779 944 810 τοῖς

153 823 319 858 σπλάγχνοις
331 822 493 858 εἰργάσατο.
511 822 544 849 Τί
555 823 676 858 ποιήσω;
694 824 872 859 Ἀπόλλυμαι.
887 824 942 851 Καὶ

150 868 196 895 διὰ
210 869 236 895 τί
253 869 303 895 οὐκ
317 866 404 901 εἶπεν,
427 868 553 903 Ἐλέησον
563 867 612 904 τὴν
627 869 767 905 θυγατέρα
782 877 845 905 μου,
859 869 941 902 ἀλλὰ,
957 859 979 887 Β

157 914 309 948 Ἐλέησόν
313 921 370 949 pe;
385 913 476 949 ἐκείνη
487 913 542 949 γὰρ
551 914 580 941 ὲν
592 913 719 950 ἀσθενείᾳ
729 914 785 950 ἔχει
799 915 829 942 τδ
845 915 942 947 πάθος.

152 960 209 987 Οὔκ
220 957 275 986 οἶδε
287 959 313 986 τί
334 960 446 995 πάσχει,
462 961 511 986 καὶ
526 960 576 987 οὐκ
596 960 758 987 αἰσθάνεται
768 961 818 996 τῆς
834 961 942 997 ἡδονῆς,

151 1004 357 1040 παραπέτασμα
382 1005 431 1040 τῆς
459 1005 606 1040 συμφορᾶς
633 1005 733 1041 ἔχουσα
748 1005 780 1032 τὺ
804 1006 941 1039 άνόδυνον,

153 1050 254 1086 μᾶλλον
269 1050 297 1077 δὲ
312 1050 343 1076 τὸ
359 1050 533 1086 ἀναίσθητον.
552 1051 617 1086 Ἐμὲ
630 1051 659 1078 δὲ
675 1051 796 1088 ἐλέησον,
809 1053 860 1088 τὴν
875 1053 944 1080 θεω-

152 1097 199 1133 ρδν
211 1097 266 1123 τῶν
279 1096 473 1132 καθημερινῶν
483 1097 588 1124 κακῶν.
600 1096 721 1133 Θέατρον
732 1098 786 1133 ἔχω
799 1099 943 1134 συμφορᾶς

151 1142 181 1167 ὲν
197 1143 230 1176 τῇ
245 1141 331 1177 οἰκίᾳ.
348 1141 403 1168 Ποῦ
426 1141 553 1175 ἀπέλθω;
567 1143 608 1174 είς
623 1143 673 1178 τὴν
690 1143 814 1179 ἔρημον;
835 1144 894 1170 ἀλλ’
911 1144 942 1171 οὐ

151 1187 243 1222 τολμῶ
259 1187 345 1221 αὐτὴν
368 1187 530 1214 καταλιπεῖν
550 1188 645 1224 μόνην.
674 1189 745 1215 Ἀλλ’
764 1190 805 1221 είς
831 1189 881 1225 τὴν
901 1191 943 1217 οἰ-

152 1232 233 1264 κίαν;
247 1231 304 1258 ἀλλ’
318 1231 439 1266 εὑρίσκω
453 1232 500 1259 τὸν
510 1232 628 1268 πόλεμον
643 1232 728 1268 ἔνδον,
744 1234 779 1261 τὰ
791 1234 902 1270 κύματα
913 1236 944 1262 ὲν

151 1276 190 1311 τῷ
202 1276 303 1311 λιμένι.
313 1276 346 1303 Τί
361 1277 447 1313 αὐτὴν
458 1277 585 1311 καλέσως
599 1279 720 1314 νεκράν;
733 1279 803 1306 ἀλλὰ
816 1281 942 1307 κινεῖται.

157 1321 238 1349 Ἀλλὰ
260 1322 369 1355 (diem;
396 1322 454 1350 ἀλλ’
479 1324 530 1350 οὐκ
546 1322 602 1350 οἶδε
624 1325 650 1351 τί
670 1325 782 1360 πάσχει.
799 1325 857 1352 οὐκ
885 1323 944 1353 οῖδα

150 1367 241 1403 εὑρεῖν
256 1368 341 1403 δνομα
367 1369 520 1404 ἐρμηνεῡον
536 1369 567 1395 τὺ
590 1369 688 1401 πάθος.
709 1370 776 1405 Ἐμὲ
801 1371 942 1405 ἐλέησον.

151 1413 183 1440 Εἰ
195 1413 323 1448 τεθνήκει
339 1413 371 1441 τδ
385 1413 533 1450 θυγάτριόν
548 1423 609 1450 μου,
628 1416 678 1442 οὐκ
695 1415 728 1443 ἂν
742 1416 857 1443 τοιαῦτα
875 1416 944 1442 ἐπα-

151 1459 207 1486 θον.
224 1459 373 1495 Παρέδωκα
390 1459 425 1486 ἂν
441 1460 472 1487 τὸ
494 1459 577 1496 σῶμα
597 1462 656 1493 τοῖς
677 1461 791 1494 κόλποις
814 1462 865 1497 τῆς
881 1462 942 1497 γῆς,

265 1505 357 1558 χρόνῳ
370 1505 419 1558 τήν
430 1505 527 1558 ,λήθην
547 1507 707 1542 είσήγαγον,
722 1508 770 1534 καὶ
790 1507 941 1543 διεφόρησα
955 1528 977 1558 c

147 1551 181 1578 σὺ
195 1550 284 1582 ἕλκος.
300 1551 366 1589 δΝὗν
382 1551 411 1578 δὲ
429 1551 526 1587 νεκρὸν
547 1552 603 1587 ἔχω
622 1552 736 1588 διηνεκῆ
760 1561 807 1588 μοι
823 1553 942 1590 Θεωρίαν

150 1598 345 1635 ἐργαζόμενον,
362 1598 511 1632 ὕφαίνοντά
526 1607 572 1634 μοι
592 1598 628 1625 τὰ.
646 1599 805 1634 τραύματα,
827 1600 942 1628 πλεονά-

151 1644 233 1677 ζοντὰ
249 1652 295 1679 μοι
317 1644 348 1670 τὸ
364 1643 454 1675 ἕλκος.
473 1643 536 1675 Πῶς
551 1641 621 1670 εἶδον
642 1644 802 1679 ὀφθαλμοὺς
814 1645 941 1681 διαστρε-

151 1691 296 1725 φομένους,
310 1690 404 1725 χεῖρας
421 1689 692 1725 στραγγαλουμένας,
710 1690 868 1726 πλοκάμους
880 1691 942 1719 λυο-

153 1736 261 1772 μένους,
278 1736 366 1772 ἀφρὸν
387 1735 568 1772 προῖεμένην,
583 1735 630 1762 τὸν
647 1736 743 1771 δήμιον
769 1736 844 1764 ἔνδον
866 1737 941 1772 ὂντα,

151 1783 198 1809 καὶ
228 1782 266 1818 μὴ
296 1782 481 1818 φαινόμενον,
510 1781 561 1813 τὰς
593 1782 731 1817 μάστιγας
758 1783 940 1819 φαινομένας;

152 1829 276 1864 Ἔστηκα
291 1828 395 1864 θεωρὸς
408 1828 463 1855 τῶν
476 1828 627 1863 ἀλλοτρίων
650 1828 756 1862 κακῶν,
770 1829 821 1864 τῆς
835 1829 942 1864 φύσεώς

154 1883 188 1909 με
211 1873 420 1908 κεντριζούσης.
450 1873 598 1907 Ἐλέησόν
611 1881 659 1908 με.
682 1873 808 1901 Χαλεπὸν
825 1875 856 1900 τὸ
878 1877 942 1901 κλυ-

151 1920 256 1953 δώνιον,
275 1919 361 1951 πάθος
379 1918 427 1946 καὶ
447 1918 539 1953 φόϐος.
557 1918 648 1950 Πάθος
663 1917 782 1952 φύσεως,
798 1919 845 1945 καὶ
861 1919 942 1953 φόϐος

150 1965 288 2000 δαίμονος.
303 1964 476 2000 Προσελθεῖν·
499 1963 531 1990 οὐ
555 1962 688 1998 δύναμαι,
707 1963 768 1990 οὐδὲ
783 1965 940 1999 κατασχεῖν.

158 2010 230 2037 Ὠθεῖ
260 2019 293 2045 με
317 2009 349 2036 τὸ
378 2009 474 2041 πάθος,
497 2008 545 2035 καὶ
568 2007 744 2043 διακρούεται
763 2017 797 2042 με
812 2010 827 2036 ό
848 2009 941 2043 φόϐος.

130 2052 135 2053 ⁷
157 2058 308 2093 Ἐλέησόν
321 2066 368 2093 με.
388 2057 461 2084 Ἀλλ’
475 2057 605 2090 ἐννόησον
624 2056 754 2091 γυναικὸς
770 2056 940 2091 φιλοσοφίαν.

152 2105 209 2132 Οὐκ
228 2104 333 2140 ἀπῆλθε
351 2104 420 2139 πρὸς
442 2103 565 2138 μάντεις·
580 2103 611 2129 οὐ
635 2103 776 2138 περίαπτα
795 2094 940 2138 ἐποίησεν

90 2143 96 2150 ’
151 2151 183 2179 οὐ
202 2150 419 2187 μαγγανιστρίας
435 2150 569 2184 γυναῖκας
584 2148 768 2184 ἐμισθώσατο,
781 2149 882 2181 ταύτας
894 2149 943 2181 τὰς

999 216 1145 266 patronam
1176 216 1369 267 paenitentiam
1398 236 1490 263 nacta,
1510 231 1543 258 ad
1569 216 1677 259 fontem
1703 216 1825 267 ipsum;

999 277 1113 305 accedo.
1142 277 1294 312 Propterea
1319 276 1477 310 descendit,
1504 281 1652 312 propterea
1681 284 1793 304 carnem

999 322 1161 357 assumpsit,
1177 326 1207 349 ut
1225 328 1276 357 ego
1294 321 1386 356 ipsum
1404 320 1571 355 alloquerer.
1587 321 1706 348 Sursum
1720 321 1794 348 Che-

999 368 1088 395 rubim
1118 375 1181 396 eum
1208 371 1414 403 expavescunt;
1445 367 1517 394 infra
1545 367 1676 395 meretrix
1703 367 1794 402 ipsum

998 413 1137 440 convenit.
1169 412 1298 440 Miserere
1324 413 1376 440 mei
1397 420 1407 438 :
1426 412 1543 446 simplex
1563 413 1688 445 verbum,
1710 413 1794 448 idque

997 459 1162 486 immensum
1187 459 1286 486 salutis
1307 459 1433 493 pelagus.
1451 457 1579 486 Miserere
1595 459 1654 486 mei.
1673 459 1738 486 Eam
1757 458 1793 485 ob

997 512 1109 532 causam
1121 504 1278 536 accessisti,
1294 503 1399 532 idcirco
1418 511 1530 531 carnem
1543 504 1671 537 induisti,
1688 505 1793 532 idcirco

997 550 1086 578 factus
1111 558 1142 578 es
1162 550 1189 578 id
1206 549 1282 586 quod
1304 557 1378 578 sum.
1409 549 1456 579 Sic
1480 550 1607 578 videlicet
1632 553 1739 577 tremor
1764 551 1791 577 in

995 596 1124 631 supernis
1141 599 1196 628 est,
1209 595 1237 623 in
1251 595 1429 623 inferioribus
1450 595 1519 624 locis
1538 596 1648 625 ﬂdueia.
1665 595 1792 623 Miserere

994 642 1055 669 mei.
1071 642 1142 675 Quid
1157 641 1266 670 habes?
1288 641 1509 670 misericordiam
1525 649 1628 677 quaero.
1644 642 1715 675 Quid
1742 649 1791 677 pa-

995 686 1085 714 teris?
1104 685 1181 714 Filia
1202 694 1262 713 mea
1277 694 1295 713 α
1316 685 1449 713 dwmonio
1466 686 1537 713 male
1554 690 1665 712 vexat-ur
1680 685 1789 721 (Ibid.).

994 731 1252 760 liommiserationis
1265 731 1296 759 iit
1312 731 1493 765 exercitatio;
1518 735 1620 758 natura
1644 732 1791 758 excrucia--

994 780 1051 804 tur.
1065 776 1139 804 Exiit
1154 777 1217 804 tiliae
1231 780 1348 812 patrona
1365 785 1374 803 :
1396 783 1452 803 non
1468 776 1581 811 quidem
1610 779 1790 810 aegrotantem

996 825 1099 859 gestat,
1113 822 1160 851 sed
1178 822 1270 851 iidem.
1282 821 1354 850 Deus
1364 826 1417 856 est,
1433 827 1514 857 atque
1526 822 1621 849 omnia
1633 826 1789 849 contuetur.

995 869 1070 896 Filia
1084 876 1143 896 mea
1158 877 1175 896 a
1186 869 1320 896 dtemouio
1333 868 1402 895 male
1419 871 1541 895 vexatur.
1559 868 1666 896 Luctus
1684 867 1788 902 gravis,

994 913 1127 941 stimulus
1147 916 1255 940 natura:
1283 916 1439 940 maternum
1455 916 1564 939 uterum
1589 911 1789 942 diverberavit.

995 963 1077 998 inque
1089 960 1243 989 visceribus
1260 959 1348 994 ipsius
1363 962 1552 994 tempestatem
1562 958 1704 986 excitavit.
1718 958 1790 991 Quid

995 1008 1114 1037 faciam?
1130 1007 1228 1035 Pereo.
1249 1007 1307 1034 Cur
1330 1013 1397 1033 vero
1422 1013 1478 1033 non
1505 1005 1554 1037 ait,
1573 1005 1705 1033 Miserere
1728 1005 1790 1032 tiliae

994 1061 1072 1081 meae.
1089 1053 1150 1085 sed,
1166 1052 1293 1079 Miserere
1307 1051 1380 1079 mei?
1395 1050 1545 1084 Quoniam,
1562 1050 1663 1084 inquit,
1675 1049 1790 1076 morbus

994 1099 1080 1135 ipsam
1099 1099 1127 1126 in
1143 1098 1304 1125 inﬁrmitate
1327 1097 1444 1124 detinet.
1470 1095 1565 1124 Nescit
1581 1095 1646 1130 quid
1665 1095 1789 1130 patitur;

993 1152 1049 1172 non
1073 1145 1159 1172 sentit
1182 1151 1239 1179 quo
1264 1144 1291 1170 in
1319 1143 1417 1170 dolore
1433 1147 1573 1175 versetur;
1592 1145 1622 1169 ut
1639 1149 1701 1176 quae
1716 1142 1791 1169 velut

993 1191 1132 1227 quoddam
1161 1189 1330 1217 calamitatis
1353 1188 1446 1216 velum
1471 1188 1652 1215 indolentiam
1679 1187 1789 1219 habeat.

994 1238 1036 1265 vel
1065 1237 1159 1272 potius
1176 1240 1330 1271 stuporem.
1347 1234 1386 1262 Te
1405 1242 1472 1262 vero
1493 1234 1545 1261 mei
1561 1233 1788 1268 quotidianorutn

995 1284 1128 1311 malorum
1150 1282 1325 1318 spectatricis
1339 1282 1479 1309 misereat.
1495 1279 1691 1315 Spectaculum
1712 1280 1787 1307 cala-

994 1330 1099 1358 mitatis
1111 1330 1186 1357 domi
1201 1329 1300 1356 habeo.
1315 1329 1376 1361 Quo
1397 1335 1440 1355 me
1465 1327 1607 1354 conferam
1617 1326 1630 1353 ?
1645 1326 1672 1352 in
1687 1326 1789 1354 solitu-

994 1376 1109 1403 dinem?
1132 1380 1158 1403 at
1174 1383 1233 1403 eam
1259 1375 1349 1403 solam
1379 1364 1537 1408 r‘elinquere
1565 1380 1619 1400 non
1649 1373 1788 1408 sustineo.

994 1421 1168 1449 Domumnc?
1189 1424 1218 1448 at
1238 1421 1314 1448 intus
1331 1420 1432 1447 bellum
1455 1419 1581 1452 invenio,
1600 1423 1627 1447 et
1639 1419 1740 1446 ﬂuetus
1759 1419 1787 1446 in

994 1472 1085 1503 portu.
1101 1467 1238 1500 Quidnam
1259 1474 1324 1494 vero
1339 1473 1403 1493 eam
1431 1465 1542 1492 dicam?
1571 1464 1728 1492 mortuam?
1752 1464 1788 1492 Λι

994 1515 1070 1538 ιηοιυ
1086 1511 1217 1546 agitatur.
1233 1509 1349 1537 Vivam?
1369 1509 1436 1544 quid
1454 1509 1538 1544 468
1562 1517 1628 1536 vero
1654 1509 1786 1544 patiatur,

995 1556 1170 1591 exploratum
1195 1562 1250 1582 non
1274 1554 1367 1581 habet.
1398 1554 1503 1581 Nomen
1533 1554 1656 1581 invenire
1676 1560 1787 1588 nequeo

994 1602 1067 1638 quod
1083 1594 1242 1636 huiusmodi
1255 1599 1441 1628 calamitatem
1449 1599 1578 1634 explicet.
1590 1598 1642 1626 Μεὶ
1650 1599 1784 1626 miserere.

994 1647 1022 1675 Si
1043 1647 1099 1675 lilia
1114 1653 1173 1674 mea
1192 1654 1207 1674 e
1227 1646 1284 1673 vita
1300 1645 1479 1678 excessisset,
1497 1652 1559 1672 cum
1582 1644 1666 1672 tantis
1681 1644 1786 1672 dolori-

992 1695 1045 1722 bus
1062 1701 1116 1722 non
1135 1692 1321 1721 conﬂictarer.
1349 1691 1417 1719 Nam
1441 1699 1545 1726 corpus
1571 1695 1653 1719 terrae
1678 1691 1785 1726 gremio

992 1739 1181 1771 tradidissem,
1199 1745 1232 1765 ac
1255 1745 1303 1772 per
1327 1737 1459 1772 temporis
1485 1736 1694 1764 diuturnitatem
1714 1736 1786 1764 obli-

992 1784 1074 1811 vione
1090 1787 1246 1816 contracta,
1271 1783 1352 1810 ulcus
1381 1781 1589 1810 discussissem.
1618 1780 1698 1808 Nunc
1717 1789 1785 1809 vero

992 1830 1110 1857 cadaver
1126 1829 1225 1861 habeo,
1238 1828 1311 1864 quod
1326 1833 1487 1864 perpetuum
1510 1827 1578 1854 mihi
1593 1827 1784 1863 spectaculum

992 1876 1107 1911 praebet,
1132 1875 1205 1911 quod
1231 1875 1346 1902 vulnera
1372 1874 1440 1902 mihi
1468 1873 1580 1909 inﬂigit,
1603 1874 1785 1909 doloremque

993 1921 1112 1950 subinde
1130 1929 1221 1949 meum
1248 1921 1400 1948 exulcerat.
1429 1920 1553 1953 Quonam
1583 1924 1663 1955 pacto
1691 1920 1785 1948 videre

992 1975 1090 2004 queam
1109 1972 1281 1994 transversos
1298 1966 1409 1998 oculos,
1433 1966 1566 1993 distortas
1581 1973 1690 1996 manus.
1706 1966 1783 1993 solu-

993 2019 1037 2042 tos
1066 2013 1193 2049 capillos,
1223 2019 1348 2047 spumam
1377 2020 1426 2039 ore
1450 2012 1593 2045 emissam,
1620 2011 1783 2039 intestinum

992 2060 1161 2092 carniﬁcem,
1177 2066 1226 2086 nec
1239 2058 1429 2093 conspicuum,
1450 2059 1598 2092 perspicua
1614 2063 1705 2085 autetu
1721 2065 1784 2084 ver-

993 2105 1080 2133 bera?
1095 2105 1163 2132 Asto
1188 2103 1322 2130 malorum
1344 2103 1496 2129 alienorum
1512 2102 1676 2137 spectatrix,
1695 2102 1784 2129 lanci-

993 2155 1078 2178 nante
1095 2157 1138 2177 me
1153 2153 1178 2177 et
1196 2152 1335 2184 pungente
1350 2152 1459 2175 natura.
1477 2148 1604 2175 Miserere
1621 2149 1682 2176 mei.
1699 2147 1782 2176 Tem-

103 2190 114 2221 Ϊ
151 2196 345 2232 γυμναζούσας
357 2196 420 2227 τοὺς
434 2195 575 2231 δαίμονας,
590 2196 638 2223 καὶ
653 2194 788 2227 αὺξούσας
802 2195 833 2222 τὸ
851 2196 940 2228 ἕλκος,

993 2201 1085 2232 pestas
1103 2195 1209 2230 gravis,
1225 2193 1334 2222 aﬁ‘ectio
1346 2197 1374 2221 et
1398 2194 1491 2221 timor.
1512 2193 1626 2222 Aﬂectio
1648 2193 1782 2221 nimirum

96 2276 98 2278 τ
151 2243 210 2271 ἀλλ’
227 2244 318 2279 ἀφῆκε
337 2242 385 2269 τοῦ
399 2242 524 2270 διαὸόλου
536 2242 567 2269 τὸ
584 2242 778 2277 ἐργαστήριον.
796 2241 942 2276 Ἐλέησόν

111 2288 115 2291 ί
149 2297 201 2324 με·
226 2289 246 2322 ἡ
270 2288 401 2323 θυγάτηρ
426 2296 487 2322 μου
511 2287 611 2321 κακῶς
633 2282 840 2322 δαιμονίζεται.
865 2288 941 2314 Ὅσοι

152 2334 270 2369 πατέρες
292 2332 418 2367 ἐγένεσθε
431 2352 439 2364 ,
464 2332 616 2367 βοηθήσατε
636 2331 675 2367 τῷ
700 2332 791 2367 λόγῳ,
809 2332 857 2358 καὶ
879 2331 940 2358 ὅσαι

154 2379 272 2414 μητέρες
288 2376 539 2412 κατεσκευάσθητε.
561 2377 599 2403 Οὐ
625 2377 745 2413 δύναμαι
769 2376 939 2412 ἑρμηνεῦσαι

151 2425 197 2452 τὸν
208 2424 332 2459 χειμῶνα
346 2424 376 2450 ὃν
393 2423 525 2459 ὑπέμεινε
540 2423 572 2450 τὸ
584 2424 705 2458 γυναῖον.
715 2421 793 2455 Εἶδες
805 2423 856 2459 τὴν
873 2431 940 2458 καρ-

150 2469 260 2505 τερίαν,
288 2469 338 2504 τὴν
370 2468 515 2504 ἀνδρείαν,
532 2468 583 2504 τὴν
607 2469 756 2504 ὑπομονήν.
775 2468 806 2495 '0
827 2468 870 2503 δὲ
884 2469 940 2503 οὐκ

151 2514 297 2548 ἀπεκρίθη
311 2513 388 2547 αὐτῇ
408 2513 512 2547 λόγον.
528 2513 618 2540 Καινὰ
638 2512 673 2539 τὰ
693 2512 866 2549 πρᾶγμα-ται
884 2513 940 2538 Πα-

153 2560 281 2595 ρακαλεῖίζ
296 2559 398 2591 δέεται,
422 2559 512 2586 κλαίει
533 2558 584 2594 τὴν
605 2559 764 2594 συμφοράν·
789 2558 869 2592 αὔξει
891 2559 941 2593 τὴν

89 2619 103 2629 κ
151 2604 305 2642 τραγῳδίαν
316 2613 323 2620 ·
341 2605 477 2639 διηγεῖται
494 2604 526 2631 τὸ
540 2604 638 2636 πάθος,
655 2605 703 2632 καὶ
718 2605 733 2631 ὁ
750 2604 941 2642 φιλάνθρωπος

152 2651 202 2677 οὐκ
221 2650 412 2686 ἀποκρίνεται,
426 2650 441 2677 ὸ
454 2650 540 2684 Λόγος
564 2651 639 2685 σιγᾷ,
663 2651 680 2685 ή
697 2651 774 2686 πηγὴ
795 2650 941 2677 ἀποκλείε-

151 2705 209 2728 ται,
221 2697 235 2723 ὁ
256 2696 348 2732 ἰατρὸς
363 2696 398 2723 τά
416 2696 550 2732 φάρμακα
566 2697 718 2725 συστέλλει.
738 2697 770 2724 Τί
785 2697 816 2723 τὸ
827 2697 920 2723 καινόν
933 2705 940 2730 ;

150 2744 178 2769 τί
198 2741 230 2768 τὺ
255 2740 426 2777 παράδοξον;
443 2742 551 2774 ’Δλλοις
577 2743 746 2778 ἑπιτρίχεις,
768 2744 816 2771 καὶ
839 2744 942 2778 ταύτην

151 2788 349 2825 ἐπιτρέχουσαν
369 2789 543 2821 ἀπελαύνεις.
557 2789 627 2816 Ἀλλ’
646 2790 774 2825 ἐννόησον
787 2789 833 2817 τοῦ
849 2789 941 2826 ἰατροῦ

153 2837 202 2872 τὴν
217 2827 334 2873 σοφίαν,Δ
349 2833 379 2863 ’0
394 2836 429 2863 δὲ
448 2837 504 2864 οὐκ
523 2836 707 2871 ἀπεκρίνατο
735 2836 812 2872 αὐτῇ
835 2837 939 2873 λόγον.

991 2247 1107 2274 natum,
1121 2245 1149 2269 et
1161 2241 1246 2268 timor
1260 2240 1403 2268 damonis.
1426 2239 1566 2267 Accedere
1580 2247 1634 2267 non
1655 2247 1781 2275 possum,

991 2295 1043 2316 nec
1065 2296 1108 2316 me
1124 2287 1276 2315 continere.
1297 2285 1380 2321 Urget
1397 2293 1441 2314 me
1465 2285 1592 2319 aﬂ‘ectio;
1610 2291 1638 2312 at
1653 2286 1782 2321 propellit

991 2335 1085 2362 timor.
1103 2333 1229 2360 Miserere
1243 2333 1303 2359 mei.
1322 2332 1422 2359 Verum
1449 2331 1494 2359 hic
1514 2331 1721 2359 animadvertas
1735 2339 1781 2359 ve-

991 2382 1038 2409 lim
1048 2380 1173 2408 mulieris
1186 2378 1401 2414 philosophiam.
1411 2377 1469 2405 Non
1478 2378 1511 2405 ad
1523 2377 1634 2405 divinos
1645 2377 1778 2412 perrexit;

991 2435 1046 2454 non
1068 2425 1188 2453 amuleta
1213 2424 1343 2460 appendit
1366 2423 1447 2455 tiliae,
1472 2431 1528 2451 non
1556 2422 1780 2458 praestigiatrices

990 2471 1168 2499 mulierculas
1191 2470 1346 2503 conduxit;
1365 2477 1422 2503 eas,
1446 2468 1572 2504 inquam,
1600 2476 1662 2503 quae
1678 2468 1781 2496 daemo—

991 2526 1040 2546 nes
1055 2520 1196 2549 exercent,
1225 2520 1252 2543 et
1277 2515 1377 2543 vulnus
1392 2514 1583 2549 amplitieaut:
1605 2513 1654 2542 sed
1674 2513 1780 2541 diaboli

991 2561 1128 2590 oiiicinam
1146 2561 1237 2588 valere
1252 2560 1349 2596 jussit.
1375 2559 1502 2587 Miserere
1526 2559 1587 2590 mei,
1606 2558 1664 2593 ﬁlia
1689 2567 1746 2585 mea
1762 2566 1779 2586 ιι

991 2609 1120 2637 είαιηιοηίο
1135 2608 1205 2635 male
1227 2612 1347 2634 vexatur.
1362 2606 1527 2641 Quicunque
1549 2608 1678 2640 parentes
1691 2603 1779 2631 exsti-

991 2655 1078 2688 tistis,
1092 2662 1171 2690 opem
1190 2654 1259 2681 meis
1275 2653 1449 2681 sermonibus
1466 2651 1560 2680 all'erte
1579 2661 1586 2679 :
1605 2657 1780 2687 quacunque

992 2701 1056 2728 item
1071 2704 1185 2728 matres.
1199 2698 1294 2734 Neque
1309 2699 1381 2725 enim
1396 2698 1461 2726 huic
1474 2698 1611 2733 procellae,
1625 2704 1707 2732 quam
1720 2704 1780 2724 mu-

992 2747 1042 2774 lier
1055 2752 1184 2781 perpessa
1203 2749 1256 2778 est,
1273 2744 1444 2779 explicanda:
1461 2751 1510 2780 par
1523 2751 1596 2772 sum.
1610 2743 1693 2770 Vides
1716 2750 1780 2778 per-

992 2790 1195 2823 severantiam,
1226 2789 1443 2824 magnitudinem
1469 2789 1575 2821 animi,
1605 2787 1777 2823 patientiam.

993 2836 1044 2863 Ille
1064 2841 1152 2863 autent
1181 2843 1232 2863 non
1249 2835 1388 2869 respondit
1412 2836 1436 2863 ei
1466 2834 1572 2863 verbum
1601 2833 1691 2870 (Ibid.
1714 2832 1775 2868 23),
