2056 3113
290 105 368 147 ἰιι-ι

895 116 924 147 S.
943 116 1104 148 JOANNIS
1120 115 1337 147 DAMASCENI

1866 113 1931 146 1448

296 170 319 199 0
333 179 391 199 rem
414 172 526 200 novam!
543 171 632 207 Rogat
656 171 713 203 illa,
732 171 881 204 obsecrat,
901 173 1086 199 calamitatem

1140 172 1173 198 Τί
1190 169 1252 204 οὗν;
1270 170 1365 204 ἐπειδὴ
1385 169 1437 196 οὐκ
1460 168 1607 204 Ἐπὲτυχεν
1630 168 1822 204 ἀποκρίσεως,
1840 175 1930 203 προσ-

296 221 375 243 suam
400 215 542 251 deplorat,
570 215 733 251 tragmdiam
761 220 929 251 exaggerat,
957 216 1086 244 morbum

296 262 442 294 edisSerit;
461 266 488 289 et
504 262 623 289 Verbum
639 266 723 295 Iacet,
741 262 804 290 fons
821 262 1000 295 oceluditur;
1031 270 1088 290 me-

295 307 377 334 dicus
390 307 539 341 pharmaca
563 315 613 335 sua
630 307 782 335 contrahit.
797 307 870 341 Quid
886 308 941 336 sibi
959 307 1018 336 vult
1029 308 1089 336 haec

295 359 367 379 nova
389 360 445 386 res,
466 357 549 388 atque
577 353 613 382 ab
642 353 765 380 humano
794 361 879 382 sensu
909 353 1020 382 aliena?
1047 353 1088 381 Ad

296 398 366 426 alios
381 399 520 431 accurris,
549 400 677 434 hancque
704 403 895 427 accurrentem
919 399 1090 427 submoves?

247 440 250 442 ’
298 441 399 470 Verum
420 443 520 471 medici
546 444 712 479 sapientiam
741 443 900 471 considera.
923 443 974 470 Ille
1000 448 1089 471 autem

298 496 349 516 non
364 489 500 523 respondit
509 489 533 517 ei
544 489 661 517 uerbum.
672 489 743 522 Quid
756 488 857 524 igitur?
865 489 1089 524 quandoquidem

299 540 467 569 responsum
487 542 519 563 ea
548 542 603 562 non
621 534 792 570 impetravit,
807 534 936 562 accedunt
952 534 1089 569 discipuli,

298 585 323 608 et
335 581 427 607 dicunt
445 580 487 608 illi
505 589 513 608 :
529 574 646 608 Dimitte,
659 589 737 614 eam,
758 579 823 616 quia
846 580 946 608 clamat
967 586 1026 616 post
1042 589 1090 608 nos

300 625 409 660 (Matth.
425 634 476 659 xv,
492 626 549 662 23).
569 626 610 654 'l'u
623 630 769 654 externum
793 627 943 654 clamorem
969 631 1089 662 spectas,

299 680 350 707 ego
368 677 458 699 autem
486 673 637 701 internum.
652 672 751 708 Magna
776 680 829 700 vox
844 672 903 700 oris
923 681 931 699 :
957 677 984 700 at
1003 673 1091 708 major

299 721 340 745 est
354 717 451 745 animi.
467 717 579 745 Dimitte
593 726 663 752 eam,
679 719 742 754 quia
756 719 854 745 clamat
866 723 926 753 post
939 727 998 746 nos.
1011 719 1090 747 Alius

299 762 467 797 evangelista
477 762 556 796 dicit,
571 770 632 791 ante
647 772 704 791 nos.
721 763 848 799 Pugnant
864 764 922 791 haec
938 763 1023 796 dicta,
1041 764 1088 792 sed

299 811 391 834 tamen
409 806 477 835 falsa
487 815 541 835 non
555 812 632 835 sunt.
647 807 802 843 Utrumque
816 808 888 836 enim
904 807 950 835 illa
963 807 1088 836 faciebat.

1139 218 1278 250 ελθόντες
1292 218 1320 244 οἱ
1331 215 1462 252 μαθηταὶ
1477 214 1738 249 αὑτοῦ,.ιέγουσιν
1748 213 1840 246 αὐτῷ,
1850 213 1930 241 ’Λπό-

1138 265 1239 290 λυσον
1261 262 1372 296 αὐτὴν,
1387 261 1433 288 ὄτι
1447 260 1546 295 κράζει
1571 260 1700 288 ὄπισθεν
1715 260 1811 295 ἡμῶν.
1838 260 1930 292 uno;

1139 309 1340 344 εύαγγελιστὴς
1356 308 1444 342 λέγει,
1455 308 1629 342 ἔμπροσθεν
1643 306 1740 341 ἡμῶν.
1762 307 1887 333 Ἐναντία
1900 307 1930 334 τὰ

1140 355 1287 392 εἰρημένα,
1308 354 1377 382 ἀλλά
1406 355 1436 381 οὺ
1460 354 1558 390 ψευδῆ.
1580 353 1738 389 ’Δμφότερα
1755 353 1811 388 γὰρ
1836 353 1928 380 ἐποίει.

1141 403 1198 438 Πρὸ
1220 401 1321 429 τούτου
1340 401 1454 428 ὄπισθεν
1470 399 1598 436 ἔκραζεν.
1623 401 1688 426 Ὅτε
1712 401 1764 427 οὐκ
1785 399 1928 435 ἀπεκρίθη,

1140 448 1298 484 ἔμπροσθεν
1323 445 1417 483 ἦλθεν,
1441 447 1570 482 καθάπερ
1588 446 1663 473 κύων
1688 446 1852 481 περιλείχων
1872 446 1930 478 τοὺς

1141 493 1227 525 πόδας
1247 492 1296 519 τοῦ
1319 491 1463 518 δεσπότου.
1487 491 1658 529 Ἀπόλυσον
1683 489 1792 523 αὐτήν.
1813 491 1929 525 Θέατρον

1141 539 1328 574 περιέσεισεν,
1343 537 1430 572 δῆμον
1448 537 1615 572 συνήγαγεν.
1642 537 1813 564 Ἀπόλυσον
1824 536 1929 570 αὐτὴν,

1142 582 1186 610 ὅτι
1202 581 1299 617 κράζει
1314 582 1442 610 ὄπισθεν
1456 581 1550 617 ἡμῶν.
1562 582 1596 608 Τί
1609 579 1656 608 οὖν
1682 582 1783 614 αὐτόςς
1802 582 1862 608 οὐκ
1875 583 1930 609 ἀπ-

1140 628 1288 662 εστάλην,
1303 628 1330 654 ει
1346 627 1389 662 μὴ
1413 628 1458 660 εἰς
1474 627 1510 654 τὰ
1537 627 1671 661 πρόϐατα
1691 627 1729 654 τὰ
1753 626 1930 655 ἀπολωλότα

1140 673 1227 700 οἷκον
1259 672 1395 707 Ἰσραήλ.
1418 672 1483 699 Ὅτε
1510 670 1666 706 ἀπεκρίθη,
1690 671 1781 706 χεῖρον
1806 671 1930 705 ἐποίησεν

1141 718 1228 753 αὐτῆς
1241 718 1272 744 τὸ
1283 717 1375 749 ἓλκος.
1389 715 1422 743 Τί
1433 713 1481 743 οὖν
1492 724 1499 750 ;
1511 715 1555 742 διὰ
1570 715 1651 741 τοῦτο
1666 715 1811 750 ἄνθρωπος
1827 715 1928 749 ἐγένου,

1142 765 1233 800 σάρκα
1250 763 1391 797 ἀνέλαϐες,
1408 761 1567 798 οἰκονομίας
1581 761 1716 793 τοσαύτας
1736 761 1872 797 εἰργάσω,
1890 763 1930 788 ἵνα

1143 812 1208 847 μίαν
1223 811 1325 845 γωνίαν
1348 809 1457 846 σώσῃςς
1479 808 1674 844 ’Δπειρημένοι
1699 808 1857 839 Χαναναῖοι,
1873 807 1924 842 βδε-

298 852 369 880 Ante
382 853 434 880 hoc
447 853 522 880 enim
537 861 553 881 a
569 858 647 889 tergo
663 854 800 882 clamabat
814 863 821 881 :
840 861 902 881 cum
920 859 1011 882 autem
1021 854 1086 881 nihil

1141 856 1234 883 λυκτοὶ
1256 857 1306 891 τῆς
1320 855 1459 887 ἀσεσείας,
1486 854 1612 889 ἐναγεῖς,
1641 853 1745 889 μιαροὶ,
1769 853 1929 888 ἀκάθαρτοι,

298 898 323 926 ei
347 899 471 934 responsi
488 898 616 928 Christus
645 899 734 932 dedit,
763 907 780 927 a
810 899 902 927 fronte
925 900 1013 932 venit,
1034 908 1088 927 non

299 951 379 971 secus
406 951 439 971 ac
463 945 540 973 canis
568 944 676 972 domini
700 945 784 980 pedes
810 945 950 974 lambens.
979 946 1090 973 Dimitte

298 998 368 1016 eant.
398 990 548 1018 Theatrum
580 992 607 1018 in
641 991 737 1020 orbem
775 992 909 1020 excitavit
937 1001 944 1020 :
980 993 1088 1021 turbam

299 1036 419 1070 collegit.
440 1036 552 1063 Dimitte
563 1037 649 1068 illam.
662 1038 726 1072 quia
743 1037 844 1065 clamat
861 1042 921 1072 post
940 1046 998 1065 nos.
1017 1037 1089 1071 Quid

298 1088 363 1115 ergo
375 1081 442 1109 ille?
457 1081 518 1109 Non
531 1090 589 1109 sum
605 1083 715 1116 missus,
736 1083 788 1111 nisi
804 1082 839 1110 ad
859 1092 917 1111 ores
932 1092 992 1119 quia
1003 1084 1089 1119 perie-

299 1131 359 1152 runt
376 1127 471 1154 domus
494 1126 580 1155 Israel
596 1128 680 1164 (Ibid.
700 1128 758 1164 9.4).
782 1128 928 1164 Responso
951 1129 1090 1157 acerbita-

299 1175 352 1198 tem
378 1173 464 1208 magis
490 1173 566 1201 auxit
585 1174 718 1202 vulneris.
740 1174 813 1207 Quid
842 1174 948 1210 igitur?
974 1173 1090 1202 hoccine

299 1219 410 1246 nomina
426 1218 517 1248 factus
527 1227 558 1248 es
570 1220 664 1253 homo,
682 1228 796 1249 carnem
810 1221 964 1256 sumpsisti.
985 1224 1026 1248 tot
1043 1227 1089 1248 res

299 1268 420 1301 gessisti,
433 1273 463 1295 ut
479 1268 526 1295 uni
543 1268 680 1296 duntaxat
699 1268 800 1304 angulo
820 1268 939 1296 salutem
956 1266 1090 1295 afferres?

299 1312 435 1340 Nimirum
451 1314 597 1349 proscripti
623 1313 772 1341 Clianantei
801 1318 891 1345 erant,
912 1313 947 1339 ob
963 1312 1089 1347 impieta-

300 1362 354 1397 tem
369 1358 545 1391 exsecrandi,
564 1359 705 1391 scelerati,
727 1358 837 1391 nefarii,
852 1358 952 1393 impuri
971 1366 978 1384 :
994 1357 1090 1391 nequi-

299 1404 360 1432 dem
378 1404 474 1431 andire
491 1411 539 1432 eos
555 1404 732 1432 sustinebant
757 1403 854 1436 Judtei,
874 1403 922 1438 qui
939 1403 1024 1437 legem
1039 1402 1090 1430 ob-

299 1454 442 1478 servarent
460 1453 489 1478 et
515 1450 672 1485 implerent.
700 1449 799 1477 Mulier
825 1456 909 1484 porro
932 1448 1089 1476 Chananaaa

299 1500 369 1528 erat.
383 1496 417 1523 de
428 1490 538 1531 regione
554 1496 605 1523 hac
618 1495 778 1528 interdicta,
800 1495 829 1522 in
846 1501 900 1530 qua
912 1497 939 1522 et
954 1493 1041 1527 furor,
1062 1497 1090 1521 ct

299 1541 402 1573 rabies,
430 1544 457 1569 et
480 1541 606 1575 impietas
632 1546 828 1577 grassaretur;
858 1539 886 1567 in
907 1547 961 1575 qua
987 1539 1089 1567 diaboli

299 1588 424 1623 tyrannis
439 1587 554 1623 vigeret,
569 1591 596 1615 et
609 1587 764 1615 dmmonum
777 1586 946 1615 bacchantes
960 1589 1088 1621 agerent;

300 1634 326 1660 in
346 1641 402 1667 qua
424 1637 522 1660 natura
549 1633 709 1668 proculcata
727 1637 812 1667 esset,
843 1637 926 1668 atque
947 1633 975 1659 in
992 1638 1089 1659 amen-

255 1710 266 1715 t
300 1678 366 1705 tiam
381 1679 538 1710 brutorum,
555 1678 611 1705 imo
623 1678 650 1705 in
663 1678 814 1713 nequitiam
831 1677 986 1705 daemonum
1005 1676 1089 1703 devo-

300 1724 365 1750 luta.
386 1723 442 1751 Lex
460 1731 542 1759 porro
558 1728 748 1760 praeceperat:
764 1723 843 1751 Nihil
863 1723 947 1759 469
967 1722 1016 1749 tibi
1028 1730 1088 1749 cum

298 1768 458 1796 Chanunteis
473 1769 623 1797 commercii
643 1770 678 1797 sit
694 1777 703 1796 .'
723 1777 755 1797 ne
769 1769 831 1804 quid
846 1770 884 1797 eis
902 1769 1018 1801 dederis,
1042 1775 1089 1795 nec

298 1814 331 1842 ab
355 1815 419 1848 ipsis
441 1815 585 1850 quidquam
602 1815 755 1849 acceperis;
777 1823 830 1842 non
861 1815 1009 1846 mulierem.
1036 1822 1087 1841 non

297 1864 446 1895 pactorum,
460 1869 511 1888 non
521 1865 707 1888 contractuum
722 1865 836 1888 tesseras
848 1860 938 1896 (Deut.
947 1867 996 1891 vn,
1009 1860 1036 1892 Ξ,
1047 1859 1085 1895 5).

297 1907 483 1939 Quamobrem
502 1915 594 1942 sepem
612 1907 762 1943 interiecit.
778 1906 818 1935 Ne
832 1914 899 1942 ergo
910 1906 996 1934 Judaei
1012 1906 1087 1934 dice-

298 1956 379 1979 rent:
398 1952 468 1985 Quia
485 1953 566 1981 nobis
577 1953 684 1981 relictis
700 1953 775 1981 l‘oras
791 1953 963 1986 abscessisti,
981 1952 1087 1981 idcirco

297 1998 348 2026 tibi
371 2006 426 2026 non
450 1999 632 2032 credidimus,
661 1999 752 2032 Ecce,
774 2000 874 2035 inquit,
899 2007 932 2027 ex
958 1999 1086 2035 gentibus

297 2044 411 2071 veniunt
425 2044 457 2071 ad
475 2053 529 2077 me.
546 2050 573 2073 et
588 2053 636 2073 eos
651 2045 765 2080 repudio
784 2054 791 2072 :
805 2052 854 2073 vos
867 2052 932 2072 vero
949 2044 1085 2079 fugientes

297 2095 367 2116 voco
384 2098 391 2116 :
419 2089 507 2118 Venite
521 2090 556 2117 ad
572 2099 622 2123 me,
640 2099 729 2118 omnes
742 2091 787 2126 qui
798 2091 929 2119 laboratis
941 2095 966 2118 et
984 2094 1084 2117 onerati

296 2136 370 2167 estis,
392 2140 417 2162 et
435 2144 481 2172 ego
496 2137 619 2172 reﬁciam
635 2145 679 2164 vos
701 2137 810 2173 (Matth.
829 2145 868 2169 ll,
893 2136 958 2172 28);
975 2143 1027 2164 nec
1041 2140 1083 2163 ta-

297 2187 359 2207 men
377 2182 520 2210 acceditis.
545 2182 624 2210 llanc
641 2186 732 2210 autent
751 2182 913 2213 submoveo.
937 2186 964 2210 et
990 2186 1083 2210 tamen

296 2235 430 2256 remanet.
460 2227 552 2255 Palam
577 2229 692 2264 apparui
717 2228 760 2256 eis
779 2228 826 2263 qui
846 2235 889 2256 me
907 2235 961 2255 non
976 2235 1084 2263 quaere-

296 2274 373 2301 bant.
389 2273 495 2301 Dimitte
509 2282 579 2306 ram,
595 2274 659 2310 quia
674 2274 773 2301 clamat
791 2278 850 2309 post
861 2282 918 2301 nos.
934 2273 1084 2302 Videamus

296 2321 390 2355 itaque
405 2320 472 2354 quid
488 2324 604 2356 regerat.
619 2319 682 2347 Non
694 2328 752 2347 sum
767 2320 876 2353 missus,
899 2320 952 2346 nisi
971 2319 1006 2346 ad
1025 2328 1083 2347 oves

294 2375 354 2401 qua:
366 2366 501 2401 perierunt
515 2366 609 2393 domus
624 2365 722 2393 Israel.
738 2365 787 2394 His
806 2365 852 2393 illa
868 2365 982 2398 auditis,
1003 2365 1082 2398 venit,

293 2418 318 2441 et
331 2413 465 2446 adoravit,
481 2412 590 2440 dicens:
604 2411 708 2446 Etiam,
720 2411 833 2439 Domine
845 2411 955 2447 (Matth.
968 2419 1013 2443 xv,
1024 2411 1081 2446 25).

295 2459 348 2492 Qui
362 2459 495 2494 respondit
508 2459 590 2487 :Non
608 2463 648 2487 est
665 2459 761 2486 bonum
777 2466 879 2486 sumere
900 2466 993 2493 partem
1010 2458 1082 2493 ﬁlio-

293 2514 365 2538 rum.
389 2510 415 2533 et
443 2505 546 2533 mittere
560 2505 670 2533 canibus
693 2504 777 2541 (Ibid.
801 2504 864 2539 26).
884 2504 956 2537 Quid
981 2504 1083 2539 igitur?

295 2552 396 2586 Etiam,
418 2552 542 2586 Domine,
569 2551 659 2587 inquit
675 2559 684 2579 ι
701 2559 745 2579 me
760 2557 856 2579 canem
877 2558 974 2583 vocas,
989 2558 1041 2586 ego
1056 2555 1083 2579 te

292 2599 439 2627 Dominum
458 2598 565 2634 appello
577 2605 584 2630 ;
598 2601 627 2626 tu
639 2605 682 2626 me
697 2597 865 2626 contumelia
877 2596 975 2628 silicis.
991 2604 1042 2632 ego
1055 2601 1082 2625 te

291 2645 386 2672 laudo.
404 2643 505 2677 Etiam,
515 2643 626 2671 Domine
640 2651 650 2671 .'
669 2651 732 2670 nam
749 2646 774 2670 et
795 2643 884 2670 catelli
900 2642 1038 2670 comedunt
1051 2643 1083 2670 de

291 2692 367 2718 micis
376 2699 434 2726 qua!
443 2690 493 2717 ead
497 2694 542 2718 unt
551 2689 583 2718 de
592 2697 683 2717 mensa
696 2689 864 2723 dominorum
873 2696 983 2716 suorum
996 2688 1080 2723 (Ibid.

290 2736 349 2770 2’1).
364 2736 387 2763 Ο
406 2735 571 2772 sapientiam
582 2734 709 2763 mulieris
721 2735 728 2761 l
746 2733 848 2762 Canem
862 2741 906 2761 me
921 2733 1025 2761 vocas?
1039 2739 1082 2760 me

292 2783 366 2809 sicut
381 2789 479 2810 canem
501 2783 555 2810 ale.
573 2781 708 2810 Probrum
730 2781 784 2810 hoc
809 2788 867 2809 non
894 2787 1003 2808 recuso.
1026 2778 1082 2808 Fac

291 2827 376 2862 igitur
389 2828 468 2856 canis
493 2828 650 2857 alimoniam
679 2827 824 2863 accipiam.
851 2826 953 2854 Canem
971 2833 1015 2853 me
1031 2833 1078 2853 vo-

1139 901 1202 929 ούτε
1213 901 1330 929 ἀκοῦσαι
1347 900 1437 927 αὐτῶν
1448 899 1588 934 ἠνείχοντο
1599 898 1624 925 οἱ
1643 898 1775 931 Ἰουδαῖοι,
1790 898 1837 925 τὸν
1851 900 1930 933 νόμον

1139 947 1290 980 τελοῦντες,
1301 946 1349 974 καὶ
1356 945 1526 981 πληροῦντες
1537 944 1630 971 αύτὸν.
1645 944 1754 979 Ἐπειδὴ
1767 945 1785 979 ἡ
1801 944 1869 978 γυνὴ
1877 944 1930 970 Χα-

1139 993 1237 1021 ναναία
1248 990 1293 1029 ἧν,
1321 992 1369 1019 καὶ
1383 991 1431 1018 τοῦ
1445 991 1523 1027 ὁρίου
1539 990 1647 1017 ἐκείνου
1668 990 1716 1016 τοῦ
1731 989 1929 1026 ἀπειρημένου,

1140 1040 1204 1067 ἔνθα
1214 1040 1264 1066 καὶ
1279 1039 1377 1071 λύσσα,
1391 1038 1440 1065 καὶ
1452 1037 1548 1073 μανία,
1556 1037 1603 1064 καὶ
1615 1036 1728 1063 ἀσέϐεια
1737 1036 1874 1068 ἐπέκειτο,
1885 1037 1929 1062 καὶ

1138 1085 1263 1113 διαὸόλου
1282 1084 1423 1120 τυραννὶς,
1435 1083 1483 1110 καὶ
1502 1083 1638 1118 δαιμόνων
1660 1082 1774 1117 βάκχαι,
1789 1082 1837 1109 καὶ
1850 1082 1930 1116 φύσις

1139 1132 1309 1167 πατουμένη,
1329 1131 1377 1159 καὶ
1400 1131 1440 1162 είς
1462 1129 1568 1164 ἀλόγων
1589 1128 1704 1162 ἀλογίαν
1725 1128 1928 1163 κατενεχθεῖσα,

1140 1179 1180 1210 είς
1196 1177 1332 1213 δαιμόνων
1347 1177 1459 1204 κακίαν.
1469 1175 1642 1211 Προσέτασσε
1655 1174 1684 1201 δὲ
1696 1175 1711 1201 ὸ
1723 1174 1814 1209 νόμος,
1828 1173 1930 1207 Μηδέν

1138 1231 1188 1251 σοι
1201 1223 1250 1251 καὶ
1265 1223 1444 1254 Χαναναίοις
1453 1229 1460 1237 ·
1469 1220 1513 1256 μὴ
1529 1219 1598 1254 δῷς,
1612 1219 1657 1254 μὴ
1671 1219 1768 1253 λάϐῃς
1777 1220 1841 1254 μετ’
1855 1220 1930 1246 ὲκεί-

1139 1279 1210 1298 νων.
1223 1269 1271 1304 Μὴ
1282 1268 1412 1304 γυναῖκα
1422 1267 1528 1301 λάϐῃς,
1544 1265 1588 1302 μὴ
1608 1265 1788 1300 συμϐόλαια.
1801 1265 1844 1300 μὴ
1856 1273 1930 1292 συν-

1138 1315 1328 1350 αλλάγματα.
1354 1314 1405 1341 Διά
1423 1312 1504 1340 τοῦτο
1525 1311 1654 1348 φραγμὸν
1670 1310 1848 1346 περιέθηκεν.
1873 1311 1930 1337 Ἵνα

1139 1361 1185 1390 οὗν
1202 1362 1240 1398 μὴ
1252 1361 1370 1396 λέγωσιν
1383 1361 1409 1387 οἱ
1433 1359 1566 1391 Ἰουδαῖοι,
1585 1359 1647 1386 Ὀτι
1660 1358 1771 1393 ἀφῆκας
1787 1359 1871 1394 ἡμᾶς,
1885 1359 1931 1385 καὶ

1139 1407 1262 1444 ἀπῆλθες
1275 1407 1340 1439 ἔξω,
1355 1405 1400 1433 διὰ
1413 1405 1493 1432 τοῦτο
1509 1405 1561 1432 οὐκ
1575 1403 1780 1439 ἐπιστεύσαμεν
1795 1412 1848 1430 σοι.
1865 1404 1931 1431 ’1δοῦ

1139 1454 1193 1481 ἀπὸ
1209 1453 1295 1480 ἐθνῶν
1321 1452 1460 1488 ἔρχονται,
1485 1451 1532 1478 καὶ
1551 1450 1582 1477 οὐ
1596 1450 1712 1485 δέχομαι
1727 1450 1838 1483 αὐτοὺς,
1859 1451 1931 1486 ὑμᾶς

1140 1500 1168 1527 δὲ
1196 1498 1347 1534 φεύγοντας
1364 1497 1456 1525 καλῶ·
1474 1496 1564 1523 Δεῦτε
1596 1496 1672 1529 πρός
1698 1503 1749 1530 με,
1775 1495 1889 1528 πάντες
1906 1498 1933 1523 οι

1140 1544 1304 1577 κοπιῶντες
1323 1542 1373 1570 καί
1391 1540 1638 1577 πεφορτισμένοι,
1664 1539 1745 1575 κάγὼ
1765 1541 1933 1568 ἀναπαύσω

1138 1589 1228 1626 ὑμᾶς,
1243 1590 1293 1617 καὶ
1309 1589 1360 1616 οὐκ
1375 1587 1502 1624 ἔρχεσθε.
1525 1587 1635 1622 Ταύτην
1648 1587 1677 1613 δὲ
1695 1586 1870 1622 ἀπορῤίπτω,
1886 1587 1934 1613 καὶ

1139 1638 1306 1674 παραμένει.
1330 1636 1472 1672 Ἐμφανὴς
1490 1635 1627 1670 ἐγενόμην
1641 1635 1698 1666 τοῖς
1712 1634 1763 1670 ἐμὲ
1779 1634 1817 1670 μὴ
1835 1634 1935 1670 ζητοῦ-

1140 1693 1193 1711 σιν.
1220 1684 1393 1712 Ἀπόλυσον
1405 1681 1514 1716 αὐτὴν,
1531 1681 1576 1708 ὅτι
1587 1680 1689 1715 κράζει
1696 1680 1823 1707 ὄπισθεν
1835 1680 1932 1714 ἡμῶν.

1140 1730 1256 1765 ’Ἱδωμεν
1271 1727 1318 1756 οὖν
1332 1729 1359 1756 τί
1378 1729 1454 1763 λέγει
1465 1737 1473 1744 -
1490 1729 1551 1756 οὐκ
1577 1726 1768 1761 ἀπεστάλην,
1782 1727 1807 1753 et
1820 1726 1865 1762 μὴ
1889 1728 1934 1758 εις

1138 1775 1174 1802 τὰ
1187 1775 1319 1809 πρόϐατα
1336 1775 1373 1801 τὰ
1397 1773 1574 1802 ἀπολωλότα
1596 1773 1682 1800 οἴκου
1702 1771 1832 1806 Ἰσραήλ.

1137 1822 1289 1860 ἀκούσασα,
1306 1820 1391 1856 ἦλθε,
1409 1820 1460 1847 καί
1476 1819 1690 1859 προσεκύνησε
1702 1818 1839 1860 λέγουοέ
1849 1827 1856 1833 ·
1875 1819 1933 1846 Nat

1138 1858 1285 1902 ΚῦρῖεζὈ
1306 1867 1461 1901 δέήφησιν,
1477 1866 1538 1893 οὐκ
1557 1858 1934 1905 ἐστιγκαλὸννλᾱϐὖῗθτιὶν

1137 1913 1229 1947 ἄρτον
1240 1913 1300 1940 τῶν
1310 1910 1433 1945 τέκνων,
1440 1910 1493 1939 καὶ

1137 1959 1199 1991 οὖν;
1214 1958 1280 1991 Ναί,
1295 1958 1394 1993 Κύριε.
1421 1957 1498 1984 Κύνα
1521 1966 1554 1992 με
1571 1957 1673 1991 λέγεις,
1698 1956 1754 1990 ἐγώ
1770 1964 1799 1982 σε
1825 1956 1933 1991 Κύριον

1137 2003 1228 2031 καλῶ-
1246 2003 1278 2030 σύ
1295 2012 1329 2039 με
1353 2003 1486 2040 ὑϐρίζεις,
1503 2002 1559 2038 ἐγώ
1574 2011 1604 2029 σε
1620 2003 1701 2030 αἰνῶ.
1734 2002 1801 2035 Ναὶ,
1813 2003 1913 2039 litigi;
1924 2011 1932 2016 '

1136 2051 1190 2079 atat
1198 2050 1257 2086 γὰρ
1275 2050 1311 2077 τὰ
1323 2049 1452 2085 κυνάρια
1464 2050 1558 2078 ἐσθίει
1576 2049 1639 2084 dare
1648 2040 1807 2087 ¹τρᾷνθέῖιῇ
1807 2057 1848 2076 ων
1868 2047 1934 2083 τῷν

1135 2096 1308 2123 πιπτόντων
1318 2095 1377 2123 ἀπὸ
1386 2095 1440 2130 τῆς
1461 2095 1607 2130 τραπέζης
1616 2094 1676 2128 τῶν
1684 2093 1929 2131 νιξιιρίῳζλῠηςιξζ.

1099 2157 1122 2186 D
1135 2140 1170 2169 Ὠ
1197 2143 1279 2177 σοφία
1297 2142 1444 2176 γυναικόςί
1461 2141 1540 2168 Κύνα
1555 2149 1589 2175 με
1613 2141 1727 2175 λέγεις;
1743 2140 1781 2172 ὡς
1802 2139 1874 2167 κύνα
1894 2149 1931 2175 με

1138 2187 1247 2224 θρέψον.
1263 2187 1300 2214 Ού
1323 2186 1514 2222 παραιτοῦμαι
1529 2186 1560 2213 τὸ
1583 2186 1685 2216 ὄνειδος
1695 2194 1702 2201 ·
1716 2185 1791 2213 λάϐω
1813 2183 1861 2212 οὖν
1877 2186 1933 2221 τὴν

1134 2234 1237 2270 τροφὴν
1244 2233 1291 2260 τοῦ
1307 2233 1398 2264 κυνός,
1408 2232 1487 2260 Κύνα
1499 2241 1533 2268 με
1547 2232 1684 2264 ἐκάλεσας
1695 2241 1702 2265 ;
1713 2232 1757 2263 δός
1769 2231 1932 2267 μοιψιχίον.

1134 2279 1287 2314 Συνήγορος
1300 2278 1396 2313 ἐγένου
1413 2286 1457 2313 μοι
1473 2279 1507 2313 τῇ
1522 2278 1641 2313 αἰτήσει,
1657 2278 1687 2304 ὲν
1703 2279 1736 2313 τῇ
1753 2279 1864 2312 τιαροχῇ
1879 2278 1946 2313 sint

1135 2324 1338 2360 συγκατάθεσιν
1364 2323 1511 2357 ἐπίδειξον.
1533 2323 1600 2356 Ναὶ,
1620 2323 1724 2358 Κύριε’
1751 2322 1937 2361 κρέ’-χρείᾳ

1133 2372 1259 2406 κυνάρια
1279 2371 1450 2402 ἐσθίειάπὸ
1473 2370 1532 2397 τῶν
1546 2369 1934 2406 ψιχίων-ΜΨ

1133 2417 1192 2444 ἀπὸ
1220 2416 1274 2450 τῆς
1293 2415 1439 2451 τραπέζης
1461 2414 1520 2443 τῶν
1542 2415 1653 2450 κυρίων
1670 2414 1781 2442 αὐτῶν.
1799 2415 1832 2442 Τί
1849 2413 1899 2442 οὖν
1917 2415 1934 2441 6

1134 2461 1364 2497 παραιτούμενος,
1376 2461 1390 2488 ὁ
1400 2460 1517 2492 διώκων,
1528 2459 1543 2486 ὁ
1552 2459 1641 2493 λέγων
1654 2465 1662 2474 ⁵
1674 2459 1737 2486 οὐκ
1743 2459 1817 2485 ’ἔστι
1827 2458 1934 2485 καλὸν

1132 2507 1237 2536 ⁹2αϐιςῖν
1255 2507 1310 2534 τὸν
1325 2506 1417 2541 ἄρτον
1440 2505 1500 2533 τῶν
1529 2505 1653 2538 τέκνων,
1670 2504 1721 2531 καί
1735 2503 1843 2531 δοῦναι
1864 2502 1935 2536 τοῖς

1133 2552 1300 2586 κυναρίοις;
1313 2552 1327 2578 ὁ
1343 2551 1441 2586 λέγων·
1461 2552 1521 2577 οὐκ
1539 2549 1719 2583 ἀπεστάλην
1730 2550 1756 2575 ει
1765 2547 1810 2583 μὴ
1829 2549 1876 2581 εις
1892 2549 1935 2575 τὰ

1133 2599 1264 2632 πρόϐατα
1278 2596 1314 2624 τὰ
1329 2596 1508 2624 ἀπολωλότα
1517 2595 1604 2622 οικου
1621 2593 1745 2629 Ἰσραήλ
1756 2602 1765 2626 ;
1777 2593 1811 2620 Τί
1824 2601 1915 2629 φησιν
1925 2614 1934 2624 ,

1132 2641 1170 2670 Ὠ
1181 2641 1282 2678 quirat,
1295 2640 1440 2676 ἐπαινέτης
1463 2640 1574 2675 ἐγένους
1591 2638 1792 2675 ἀνακηρύττεις
1809 2639 1860 2674 τὴν
1878 2647 1936 2672 γυ-

1133 2689 1229 2721 ναῖκα,
1242 2686 1292 2714 οὐκ
1306 2686 1423 2722 ⁴δει-χυνες
1438 2685 1541 2720 αύτήν;
1558 2685 1610 2712 οὐκ
1632 2684 1744 2715 ἑδιώκες
1757 2691 1765 2716 ;
1782 2683 1826 2709 διὰ
1844 2682 1936 2709 τοῦτο

1132 2734 1253 2761 ἐδίωκον.
1270 2732 1302 2759 El
1318 2732 1372 2767 γὰρ
1394 2731 1424 2765 ἐξ
1441 2731 1531 2766 ἀρχῆς
1548 2731 1635 2767 αὐτὴν
1660 2729 1798 2761 ἀπέλυσα,
1819 2728 1873 2755 οὐκ
1895 2729 1935 2755 ἂν

1131 2779 1233 2815 ἔμαθες
1247 2777 1333 2813 αὐτῆς
1347 2776 1397 2813 τὴν
1410 2777 1512 2804 πίστιν.
1530 2777 1561 2803 Εί
1582 2777 1615 2803 ἐκ
1634 2775 1786 2811 προοιμίων
1813 2774 1936 2807 ἔλαϐεν,

1131 2825 1275 2862 ἀνεχώρει,
1293 2824 1342 2851 καὶ
1366 2824 1413 2852 τὸν
1430 2823 1568 2859 θνσαυρδν
1594 2822 1680 2858 αὐτῆς
1700 2822 1751 2849 οὐκ
1774 2821 1926 2857 ἠπίστατο
