2073 3112
223 148 291 181 1149

215 209 266 236 Διὰ
295 208 374 235 τοῦτο
393 208 566 244 ἁνεὸαλόμην
583 209 633 244 τὴν
658 209 742 244 δόσιν,
759 210 804 238 ἶνα
819 211 899 244 δείξω
913 214 1006 244 αὐτοῖς
1020 215 1046 244 Α

216 255 265 291 τὴν
278 254 381 282 πίστιν,
390 252 427 281 Ὠ
441 254 538 289 γύναι.
551 255 618 288 Θεὸς
626 255 710 290 λέγει,
723 254 761 284 Ὠ
774 257 879 292 γύναι]
898 258 1008 286 Ἀκουέ-

217 310 306 329 τωσαν
320 301 346 327 ot
373 301 518 336 εὐχόμενοι
542 302 612 337 μετὰ
635 302 797 337 βαναυσίας.
820 304 907 331 Ὅταν
922 306 1005 339 εἴπω,

215 347 411 383 Παρακάλεσον
440 347 487 375 τὸν
507 347 585 381 Θεὸν,
613 348 724 384 δεήθητι
745 349 841 382 αὑτοῦ,
865 351 1007 380 ἱκέτευσον

213 393 314 420 αὐτόν·
333 394 418 428 λέγει,
436 393 617 429 Παρεκάλεσα
636 394 712 427 ams
726 395 773 422 καὶ
787 394 926 432 δεύτερον,
944 397 1005 432 τρί-

214 447 271 470 τον,
286 439 412 473 δέκατον,
428 440 476 467 καὶ
491 440 542 467 οὐκ
551 440 659 467 ἐλαὸον.
673 440 718 476 Μὴ
738 442 872 477 ἀποστῇς,
889 443 942 475 ἕως
957 443 1006 471 ἐὰν

213 484 311 521 mne.
325 485 393 512 Τότε
413 485 550 522 ἀπόστηθι
564 486 629 513 ὅταν
645 486 745 523 λάϐῃς”
760 487 862 522 μᾶλλον
879 488 908 515 δὲ
924 489 986 516 τότε
996 498 1003 505 ”

212 531 282 558 ἀλλὰ
298 532 346 558 καὶ
361 531 422 558 τότε
437 531 591 567 παράμενε.
605 532 665 559 Κᾶν
681 533 778 570 λάὸῃς,
793 533 881 561 αἴτει·
897 534 962 563 ὅταν
975 536 1005 562 δὲ

213 577 308 614 λάϐῃς,
333 578 544 614 εὐχαρίστησον,
561 579 602 606 ὅτι
620 579 727 612 ἔλαϐες.
743 580 924 616 Εξσέρχονται
939 582 1006 608 πολ--

213 624 254 652 λοὶ
266 625 308 656 είς
330 624 379 660 τὴν
400 625 574 660 Ἐκκλησίαν,
604 625 653 653 καὶ
680 626 865 661 άπαρτίζουσι
889 627 1004 662 μυρίους

212 670 321 706 στίχους
349 671 443 706 εὐχῆς,
469 671 516 698 καὶ
541 670 711 706 ἐξέρχονται.
739 672 786 708 Μὴ
812 672 867 707 γὰρ
897 673 1004 700 πολλῶν

211 716 306 751 χρείαν
319 715 375 751 ἔχει
389 717 402 743 ό
417 716 483 748 Θεὸς
496 716 601 750 λόγων;
615 717 665 752 τῆς
680 717 765 752 εὐχῆς
779 726 827 744 σου
846 717 926 753 μόνον
940 719 1004 754 χρῄ-

210 761 262 793 ζει.
284 762 340 788 Καὶ
361 767 399 793 τι,
417 762 501 798 φησί·
521 762 626 796 έκλινα,
645 763 693 790 καὶ
705 762 857 798 nitidum;
874 764 1004 796 Ἔκλινας

209 806 244 832 τὰ
261 807 374 840 γόνατα,
386 807 444 834 ἀλλ’
456 808 473 842 ἡ
484 807 589 835 διάνοιά
605 816 652 834 σου
665 808 718 842 ἔξω
733 809 861 837 ὲπέτατο.
874 809 910 835 Τὸ
923 809 1003 845 σῶμά

210 861 257 879 σου
274 852 340 883 ἔσω,
353 853 427 888 καὶὴ
442 853 514 889 ψυχή
531 862 579 881 σου
592 853 655 886 ἔξω.
674 854 712 881 Τὸ
727 854 817 890 στόμα
835 862 881 882 σου
897 855 1000 890 ἔλεγεν,

209 897 257 925 καὶ
274 899 291 933 ὴ
302 898 408 926 διάνοιά
423 907 471 925 σου
486 898 600 934 ἠρίθμει
621 897 686 930 τοὺς
705 898 815 932 τόκους,
834 899 1000 935 συμϐόλαια.
1020 903 1040 929 Β

209 943 433 978 συναλλάγματα,
449 944 550 980 χωρία,
580 944 719 980 κτήματα.
745 945 775 972 Ὀ
804 945 859 981 γὰρ
878 945 1002 977 διάϐολος

208 990 328 1026 πονηρὸς
349 990 398 1024 ὢν,
414 991 460 1018 καὶ
475 990 554 1023 εἰδὼς
570 991 612 1018 ὄτι
627 992 657 1017 ἐν
680 991 770 1027 καιρῷ
787 992 871 1027 εὐχῆς
893 991 1002 1027 μεγάλα

207 1036 337 1071 ἀνύομεν,
352 1037 414 1063 τότε
429 1037 586 1072 ἐπέρχεται.
605 1036 740 1068 Πολλάκις
760 1036 879 1072 κείμεθα
895 1037 1000 1070 ὕπτιοι,

207 1082 256 1108 καὶ
269 1083 346 1109 οὐδὲν
362 1082 538 1118 λογιζόμεθα,
559 1083 607 1110 καὶ
622 1084 636 1109 ὁ
656 1082 719 1114 νοῦς
736 1083 845 1118 ἠρεμεῖ.
862 1082 1001 1118 Ἤλθιιμεν

207 1127 348 1161 εὔξασθαι,
361 1129 408 1155 καὶ⁵
420 1129 511 1164 μυρίοι
528 1128 657 1164 λογισμοὶ
670 1128 847 1164 ἐπέρχονται,
863 1128 907 1156 ἵνα
924 1130 1000 1164 ἡμᾶς

207 1173 309 1209 ἐκϐάλῃ
327 1173 433 1206 κενούς.
443 1174 538 1201 Ταῦτα
554 1173 633 1206 εἰδὼς
648 1175 678 1201 ἐν
689 1176 750 1206 ταῖς
762 1174 867 1209 εὐχαῖς,
881 1175 1000 1208 γίνωσκε

205 1219 256 1254 τὴν
271 1219 439 1246 Χαναναίαν.
471 1219 540 1246 Ἀλλ’
556 1219 607 1245 οὐκ
629 1218 703 1254 ἔχεις
721 1219 859 1254 θυγατέρα
875 1219 999 1254 δαιμονι-

205 1264 334 1300 ζομένην.
362 1265 395 1292 Τί
411 1263 488 1292 εἶπεν
512 1265 702 1300 summa;
732 1265 880 1299 Ἐλέησόν
899 1273 956 1300 με·
980 1267 999 1300 ἡ

205 1311 337 1346 θυγάτηρ
352 1321 412 1346 μου
427 1311 528 1345 κακῶς
545 1311 754 1346 δαιμονίζεται.
784 1312 882 1345 Μέγας
906 1312 920 1338 ό
944 1311 1000 1338 δαί‹

207 1366 277 1392 μων,
294 1357 437 1394 ἁμαρτία·
450 1359 465 1385 ὁ
492 1358 641 1394 δαιμονιῶν
657 1358 783 1389 ὲλεεῖται,
798 1358 813 1384 ὸ
832 1357 999 1394 ἁμαρτάνων

206 1406 336 1438 μισεῖται.
356 1404 476 1436 Ἐκεῖνος
485 1404 654 1440 συγγνώμην
670 1404 738 1439 ἔχει,
755 1401 834 1436 οὗτος
847 1404 999 1439 ἀπολογίας

204 1451 362 1486 ἐστέρηται.
387 1450 533 1485 Ἐλέησόν
552 1459 591 1485 με
604 1459 611 1466 ·
625 1451 713 1486 βραχὺ
730 1449 761 1477 τὸ
783 1451 869 1485 ῥῆμα,
885 1450 934 1477 καὶ
951 1450 999 1477 πέ-

203 1496 288 1530 λαγος
319 1496 536 1532 φιλανθρωπίας.
556 1498 644 1524 Ὅπου
665 1497 720 1532 γάρ
736 1496 822 1528 ἕλεος,
850 1497 940 1524 πάντα
963 1496 998 1522 τὰ

204 1542 306 1577 ἀγαθά.
324 1543 384 1569 Κᾶν
401 1541 454 1575 ἔξω
471 1541 515 1578 ᾗς,
531 1543 617 1578 κράζε
639 1543 686 1570 καὶ
703 1543 778 1576 λέγε,
802 1542 931 1578 Ἐλέησόν
944 1551 977 1578 με
988 1551 994 1556 ·

205 1589 242 1624 μὴ
259 1589 344 1615 κινῶν
356 1588 390 1614 τὰ
401 1576 491 1623 χείλη,
509 1576 578 1615 ἀλλὰ.
591 1591 624 1624 τῇ
646 1589 752 1624 διανοίᾳ
768 1588 836 1623 βοῶν
846 1597 853 1603 ·
869 1576 916 1615 καὶ
933 1576 998 1616 σιω·
1011 1576 1032 1606 C

203 1636 318 1662 πώντων
330 1635 426 1662 ἀκούει
437 1636 451 1661 ὁ
460 1635 537 1666 Θεὸς.
551 1635 588 1661 Οὺ
604 1634 728 1670 ζητεῖται
740 1635 832 1667 τόπος,
844 1635 903 1661 ἀλλ’
916 1636 1000 1671 ἀρκεῖ

202 1682 313 1717 τρόπος.
334 1682 364 1708 Ὁ
389 1681 526 1717 Ἱερεμίας
552 1681 581 1707 ὲν
611 1681 736 1716 βορϐόρῳ
749 1678 794 1716 ἦν,
812 1681 918 1708 καὶτὸν
932 1681 998 1708 Θεὸν

202 1728 390 1754 ἐπεσπάσατο,
412 1727 442 1753 '0
459 1727 559 1762 Δανιὴλ
574 1727 604 1753 ἐν
619 1727 714 1762 λάκκῳ
737 1726 866 1760 λεόντων,
882 1727 931 1754 καὶ
951 1727 996 1753 τὸν

201 1773 269 1800 Θεὸν
293 1773 504 1809 ὲξευμενίσατο·
521 1774 546 1799 οἱ
570 1774 645 1809 τρεῖς
661 1772 757 1805 παῖδες
781 1773 810 1799 ὲν
837 1774 870 1809 τῇ
887 1774 996 1808 καμίνῳ

202 1821 283 1859 ἦσαν,
302 1822 405 1849 καὶτὸν
419 1822 487 1849 Θεὸν
509 1821 703 1856 ὲδυσώπησαν.
725 1820 754 1847 ’0
768 1821 870 1856 λῃστὴς
894 1821 995 1848 ἐσταυ-

202 1867 288 1904 ρώθη,
304 1869 352 1895 καὶ
365 1869 379 1895 ὁ
390 1867 508 1903 σταυρὸς
521 1868 572 1894 οὐκ
582 1867 732 1898 ἒκώλυσεν,
745 1867 813 1894 ἀλλὰ
827 1866 994 1902 παράδεισον

200 1914 317 1949 ἤνοιξεν.
348 1914 376 1941 '0
397 1913 457 1941 Ἰὼϐ
482 1915 512 1940 ὲν
537 1913 639 1949 κοπρίᾳ
653 1911 698 1949 ἦν,
718 1913 766 1939 καὶ
781 1912 828 1940 τὸν
839 1912 906 1939 Θεὸν
924 1913 994 1939 ἵλεον

200 1962 412 1989 κατεσκεύασεν.
434 1962 522 1988 Ὅπου
540 1961 589 1987 ἐὰν
610 1959 654 1998 ᾗς,
680 1960 772 1996 εὔχου.
800 1960 861 1987 Κᾶν
877 1960 992 1997 δικαστῇ

200 2010 358 2044 παραστῇς,
387 2007 477 2043 εὖχου.
508 2007 592 2034 ’Ὅταν
614 2007 760 2042 ὀργίζηταί
786 2015 828 2034 σοι
847 2006 992 2043 δικαστὴς,

198 2054 290 2089 εὔχου.
306 2055 436 2081 Θάλασσα
449 2052 482 2089 ἦν
493 2053 660 2088 ἔμπροσθεν,
674 2052 787 2079 ὄπισθεν
799 2052 824 2078 οἱ
847 2052 992 2085 Αἰγύπτιοι

198 2099 320 2133 ἐδίωκον,
337 2099 419 2135 μέσος
433 2100 447 2126 ὁ
465 2099 577 2134 Μωσῆς.
594 2098 684 2134 Πολλὴ
707 2098 773 2134 εὐχὴ
792 2100 821 2125 ὲν
844 2100 878 2135 τῇ
901 2108 991 2126 στενο-

197 2147 296 2182 χωρίᾳ·
310 2146 379 2173 ἀλλὰ
399 2147 473 2181 μέγα
487 2145 518 2172 τὸ
543 2145 663 2179 πέλαγος
682 2145 732 2179 τῆς
752 2145 846 2180 εὐχῆς,
858 2145 991 2176 Ὂπισοεν

196 2194 221 2219 οἱ
235 2193 381 2228 Αἰγύπτιοι
400 2193 524 2225 ἐδίωκον,
545 2192 593 2220 καὶ
615 2192 685 2228 μέση
700 2193 716 2227 ἡ
733 2192 812 2228 εὐχή.
829 2193 884 2219 Καὶ
913 2192 989 2220 οὐδὲν

196 2240 286 2267 ἐλάλει
295 2241 414 2275 Μωσῆς·
429 2240 476 2267 καὶ
488 2239 562 2272 λέγει
576 2238 651 2275 αὐτῷ
661 2239 675 2265 ὁ
692 2239 768 2270 Θεὸς,
785 2239 814 2265 Τί
823 2238 902 2273 ,ϐοᾷς
912 2240 988 2273 πρός
1006 2250 1027 2277 ι)

193 2295 246 2321 ys;
264 2287 323 2314 Κᾶν
340 2287 370 2313 τὸ
396 2287 487 2321 στόμα
513 2294 560 2312 σου
593 2286 673 2321 σιγᾷ,
699 2285 756 2311 ἀλλ’
773 2286 789 2319 ἠ
816 2285 916 2321 καρδία
940 2293 986 2312 σου

197 2335 256 2370 βοᾷ.
277 2335 333 2362 Καὶ
351 2335 383 2361 σὺ
396 2335 461 2362 ὃταν
489 2335 634 2369 παραστῇς
649 2333 764 2368 δικαστῇ
785 2333 922 2368 μεμηνότι
940 2333 987 2360 καὶ

179 2375 383 2416 ίτυραννοῦντι,
400 2381 446 2408 καὶ
465 2380 508 2406 ἐπ’
524 2380 613 2407 αὐτῶν
632 2379 688 2406 τῶν
712 2379 828 2414 δημίων,
845 2378 927 2414 εὔχου
948 2379 987 2414 τῷ

195 2427 264 2462 Θεῷ.
279 2426 434 2462 Εὑχομένου
450 2426 479 2453 δέ
496 2434 556 2458 σου,
574 2426 608 2453 τὰ
631 2425 742 2460 κύματα
759 2425 985 2453 καταστέλλεται.

200 2475 230 2500 Ὀ
240 2474 371 2508 δικαστὴς
384 2474 430 2499 ἐπὶ
445 2472 474 2499 σέ
487 2481 494 2505 ;
506 2473 576 2507 πρὸς
587 2473 633 2499 τὸν
643 2472 711 2498 Θεὸν
726 2471 811 2506 φεῦγε
822 2474 829 2480 ⁹
851 2471 880 2498 Ὀ
893 2471 985 2506 ἄρχων

193 2518 309 2553 πλησίον
329 2527 391 2553 σου;
420 2519 453 2545 σὺ
470 2519 515 2545 τὸν
539 2518 678 2552 Δεσπότην
706 2516 911 2552 παρακάλεσον.
939 2517 985 2551 Μὴ

192 2565 246 2600 γὰρ
263 2564 408 2600 ἄνθρωπός
418 2566 512 2599 ὲστινς
529 2565 574 2592 ἀεὶ
587 2563 672 2598 ἐγγύς
688 2563 758 2595 ἔστι,
775 2562 825 2589 καὶ
842 2562 984 2597 πανταχοῦ

193 2613 260 2642 ἐστι,
275 2611 324 2638 καὶ⁸
347 2611 437 2638 πάντα
460 2611 568 2647 πληροῖ.
594 2609 658 2636 Ἐὰν
685 2608 766 2644 θέλῃς
789 2608 984 2644 παρακαλέσαι

191 2656 346 2692 ἄνθρωπον,
363 2657 410 2683 καὶ
436 2657 534 2692 μαθεῖν
551 2657 577 2683 τί
593 2657 674 2688 ποιεῖ,
695 2654 829 2682 διακονῶν
844 2654 894 2681 οὐκ
916 2654 984 2681 ἀπο-

192 2706 325 2738 κρίνεται.
347 2703 411 2730 Ἐπὶ
434 2704 462 2730 δὲ
478 2703 524 2730 τοῦ
549 2703 618 2730 Θεοῦ
645 2701 722 2729 οὐδὲν
743 2700 876 2727 τοιοῦτον.
894 2701 982 2727 Ὅπου

190 2750 213 2776 δ’
230 2750 263 2778 ἂν
277 2749 398 2785 ἀπέλθῃς
414 2751 462 2776 καὶ
480 2750 577 2785 καλῇς,
601 2748 707 2776 ἀκούει,
724 2748 762 2774 Οὐ
780 2747 913 2782 θυρωρὸς,
932 2746 983 2773 οὐκ

190 2797 341 2831 οίκονόμος,
370 2796 400 2822 οὺ
419 2796 543 2832 μεσίτης,
560 2796 590 2822 οὺ
615 2795 751 2826 διάκονος,
767 2793 845 2820 οὐδὲν
865 2793 980 2820 τούτων.

190 2842 269 2870 Εἰπέ·
287 2841 437 2876 Ἐλέησόν
452 2850 498 2876 με,
521 2843 570 2869 καὶ
594 2843 608 2868 ὁ
627 2841 694 2873 Θεὸς
709 2839 904 2876 παραγίνεται.
920 2839 981 2866 Ἔτι

189 2887 335 2921 λαλοῦντός
360 2896 407 2915 σου
433 2889 506 2923 ἐρεῖ·
534 2887 600 2914 Ἰδοὺ
621 2886 748 2922 πάρειμι.
767 2883 801 2912 Ὦ
822 2885 898 2920 ῥῆμα
913 2885 980 2920 ἡμε-

351 2934 489 2965 Ρλτιιοι.
597 2932 690 2963 XCV.

853 153 974 183 SACRA
995 152 1216 183 PARALLELA
1222 176 1228 183 .

1059 210 1151 238 casti?
1167 211 1266 238 micam
1282 211 1349 240 mihi
1374 215 1477 244 tribue.
1496 217 1627 248 Petitioni
1643 228 1710 249 meae
1721 225 1780 251 tute
1795 224 1856 260 ipse

1062 256 1253 292 patrocinatus
1269 265 1317 294 es;
1345 259 1390 288 fac
1418 261 1445 290 in
1473 263 1619 300 largiendo
1640 256 1857 299 anuuentem-te

1061 301 1194 337 praebeas.
1209 301 1314 337 Etiam,
1335 304 1449 336 Domine
1465 316 1474 336 :
1491 317 1554 337 nam
1571 315 1596 339 et
1611 313 1702 342 catelli
1717 315 1856 344 comedunt

1060 347 1093 375 de
1109 348 1185 376 micis
1202 357 1260 385 quae
1277 350 1377 379 cadunt
1392 352 1424 380 de
1438 362 1528 382 mensa
1547 356 1716 388 dominorum
1734 369 1854 391 suorum.

1060 394 1132 446 Quid
1152 395 1237 432 igitur
1252 396 1299 425 ille
1319 397 1369 434 qui
1399 401 1559 436 recusabat,
1580 404 1627 439 qui
1653 405 1792 443 abigebat,
1807 410 1855 446 qui

1060 441 1170 471 dicebat
1185 453 1193 472 :
1213 443 1276 472 Non
1290 451 1329 473 est
1343 445 1440 475 bonum
1456 457 1560 478 tumere
1573 459 1668 486 panem
1682 441 1855 491 ﬁliorum-et

1059 488 1124 536 dare
1139 489 1249 518 canibus
1261 491 1274 518 ?
1293 492 1340 527 qui
1361 493 1472 522 dicebat
1488 505 1495 523 :
1514 495 1577 524 Non
1594 506 1655 526 sunt
1675 488 1854 536 missum-bim

1060 533 1095 579 ad
1118 542 1178 579 oves
1203 543 1263 570 qua:
1289 537 1425 571 perierunt
1443 539 1538 569 damus
1565 541 1675 572 Israel?
1700 533 1853 579 Quidiait:

1060 578 1082 606 0
1100 578 1195 606 mulier
1211 579 1296 615 (Ibid.
1306 580 1352 618 28)
1364 583 1370 610 ί
1386 582 1457 617 Quid
1471 586 1592 616 esthoc?
1603 578 1731 618 laudator
1741 591 1855 621 eli'ectus

1058 623 1111 651 es?
1132 625 1277 654 mulierem
1290 629 1447 663 praedicas?
1462 638 1498 659 an
1523 640 1579 661 non
1602 642 1663 664 eam
1682 639 1793 673 probris
1809 641 1853 667 in-

1058 669 1211 698 cessebas?
1228 679 1263 700 an
1285 681 1340 702 non
1367 674 1575 706 insectabaris?
1601 669 1722 717 idcirco,
1751 684 1852 724 inquit,

1058 716 1227 746 insectabar.
1246 717 1314 748 Nam
1335 721 1358 749 si
1378 723 1474 750 statim
1497 731 1557 752 eam
1574 727 1690 757 missam
1713 716 1851 766 iecissent,

1057 762 1145 797 ipsius
1175 764 1255 792 tidem
1285 767 1401 796 minime
1432 775 1606 806 perspectam
1634 774 1795 807 habuisses.
1823 762 1853 807 Si

1056 808 1149 849 statim
1164 810 1328 846 accepisset,
1343 813 1439 848 pedem
1452 816 1604 852 retulisset,
1623 826 1674 848 nec
1689 820 1851 852 thesaurum

1056 852 1144 899 ipsius
1169 855 1356 890 cognovisscs.
1384 858 1448 888 Ideo
1475 860 1543 890 dare
1568 862 1683 899 distuli,
1713 872 1742 895 ut
1771 869 1850 898 ﬁdem

1054 897 1143 933 ipsius
1178 906 1362 931 ostentarem.
1388 904 1410 932 0
1427 906 1540 935 mulier!
1562 908 1633 938 Deus
1650 897 1717 940 dicit
1733 923 1740 941 :
1758 915 1780 942 0
1792 897 1851 943 utu-

1055 943 1311 983 lier.’audiantqui
1329 949 1461 979 illiberali
1485 953 1578 982 animo
1601 962 1761 990 preCantur.
1782 961 1849 990 Cum

1054 989 1160 1043 dixero,
1177 991 1262 1021 Deum
1279 1002 1358 1031 roga,
1374 1005 1422 1024 ora
1438 1005 1514 1032 eain,
1531 989 1658 1037 supplica
1672 1005 1717 1040 ei;
1733 1014 1850 1043 respon‘

1053 1035 1098 1064 det
1111 1038 1177 1086 ille:
1199 1039 1289 1069 Semel
1311 1046 1394 1077 atque
1419 1044 1532 1080 iterum,
1553 1035 1692 1085 tertioque
1709 1035 1746 1080 ac
1759 1035 1850 1086 decies

1053 1083 1160 1117 rogavi,
1186 1092 1238 1113 nec
1266 1087 1368 1122 accepi.
1388 1088 1423 1116 At
1451 1090 1532 1118 velim
1563 1100 1597 1120 ne
1615 1083 1739 1130 desinas,
1761 1083 1850 1126 donec

1052 1131 1204 1165 acceperis.
1229 1131 1308 1161 Tunc
1327 1134 1438 1162 demum
1457 1136 1576 1173 absiste,
1600 1146 1664 1167 cum
1686 1143 1848 1178 acceperis;

1053 1175 1107 1203 imo
1128 1184 1163 1204 ne
1180 1181 1238 1206 tum
1267 1179 1392 1214 quidem,
1418 1182 1467 1209 sed
1490 1184 1579 1219 magis
1608 1186 1692 1214 etiam
1716 1175 1848 1223 persiste.

1052 1220 1115 1249 Sive
1131 1230 1187 1251 non
1204 1225 1336 1260 accipias,
1352 1231 1430 1262 pete;
1447 1228 1506 1256 sive
1526 1230 1662 1266 accipias,
1681 1220 1785 1268 gratias
1799 1242 1850 1270 age

1051 1266 1125 1300 quod
1139 1269 1291 1303 acceperis.
1307 1269 1617 1311 Perntulti‘Ecclesiam
1640 1266 1847 1312 ingrediuntur,

1050 1315 1078 1339 et
1110 1313 1272 1343 innumeros
1303 1318 1495 1351 precationum
1525 1321 1680 1350 versiculos
1706 1325 1848 1357 evolvunt,

1050 1361 1133 1392 atque
1148 1358 1186 1386 ita
1201 1360 1350 1388 excedunt.
1377 1361 1509 1398 Nunquid
1529 1363 1603 1394 Deus
1619 1366 1768 1403 verborum
1784 1378 1848 1405 prn-

1050 1403 1157 1432 lixitate
1180 1413 1252 1441 opus
1277 1407 1384 1436 habet?
1404 1411 1593 1444 precationem
1611 1417 1687 1442 tuam
1712 1403 1848 1445 duntaxat

1050 1452 1157 1483 quaerit.
1174 1452 1292 1488 Ecquid,
1307 1455 1356 1487 ait,
1378 1455 1509 1485 inclinavi
1519 1465 1581 1490 me,
1595 1463 1623 1486 et
1635 1460 1733 1489 oravi?
1752 1461 1848 1490 Genua

1049 1495 1170 1530 ﬂexisti;
1189 1506 1268 1526 mens
1280 1507 1344 1527 vero
1359 1505 1406 1528 tua
1419 1506 1498 1529 extra
1515 1504 1628 1533 volavit.
1645 1505 1753 1542 Corpus
1770 1512 1847 1536 tuum

1049 1540 1125 1569 intus
1135 1547 1206 1574 erat,
1216 1544 1326 1572 animus
1338 1543 1464 1574 foris.Os
1479 1552 1556 1575 tuum
1576 1540 1757 1585 loquebatur;
1769 1560 1847 1580 mens

1051 1594 1118 1614 vero
1148 1587 1263 1621 fenora,
1294 1594 1474 1625 contractus,
1505 1595 1692 1628 commercia,
1731 1598 1846 1632 prtedia.

1051 1633 1185 1667 pecunias
1203 1635 1376 1662 numerabat.
1390 1635 1523 1665 Diabolus
1539 1638 1689 1674 siquidem,
1705 1641 1769 1676 quia
1787 1651 1846 1670 ma-

1050 1678 1142 1713 lignus
1157 1683 1211 1714 est,
1238 1688 1349 1717 nasque
1361 1683 1434 1710 inter
1455 1684 1592 1712 orandum
1609 1686 1696 1714 multa
1712 1687 1845 1723 perlicere

1048 1725 1136 1758 novit,
1159 1730 1226 1755 tunc
1248 1727 1276 1755 in
1293 1736 1344 1756 nos
1371 1729 1487 1758 invadit.
1503 1729 1602 1766 Supini
1623 1740 1695 1769 saepe
1706 1733 1842 1770 jacemus.

1048 1776 1075 1799 et
1094 1772 1163 1800 nihil
1185 1774 1343 1809 cogitando,
1364 1776 1513 1812 tranquilla
1538 1783 1630 1814 mente
1650 1779 1842 1809 consistimus.

1047 1818 1225 1848 Accessimus
1239 1822 1357 1854 oraturi,
1375 1823 1525 1857 statimque
1543 1829 1680 1852 sexcenta:
1695 1827 1843 1862 cogitatio—

1046 1870 1096 1891 nes
1111 1863 1255 1900 ingruunt,
1274 1871 1304 1893 ut
1318 1874 1369 1894 nos
1381 1867 1428 1895 ille
1441 1875 1543 1896 vacuos
1557 1870 1686 1904 expellat.
1702 1869 1767 1900 Haec
1777 1879 1841 1900 cum

1047 1907 1102 1936 tuis
1122 1908 1150 1936 in
1164 1910 1336 1939 orationibus
1361 1912 1478 1945 sentias,
1509 1912 1619 1942 intuere
1642 1914 1840 1945 Chananzeam.

1043 1955 1094 1982 Ast
1118 1955 1200 1983 ﬁliam
1221 1965 1236 1983 a
1262 1957 1387 1986 daemone
1413 1964 1543 1987 vexatam
1563 1967 1620 1988 non
1644 1961 1740 1990 habes.
1769 1962 1840 1997 Quid

1044 2001 1299 2031 dixitChananzca?
1319 2004 1446 2032 Miserere
1470 2007 1520 2034 mei
1540 2014 1550 2033 :
1574 2008 1634 2042 ﬁlia
1661 2016 1719 2036 mea
1742 2010 1839 2037 malea

1043 2049 1174 2076 da'mouio
1190 2049 1273 2085 47o
1288 2054 1434 2086 torquetur.
1445 2051 1561 2088 Magnus
1573 2053 1679 2082 daemon
1690 2058 1732 2083 est
1744 2063 1837 2091 pecca-

1043 2099 1111 2122 tum.
1130 2095 1182 2127 Qui
1208 2095 1353 2123 obsidetur
1378 2104 1393 2124 a
1418 2097 1554 2132 da-inone,
1584 2100 1759 2129 miserationi
1784 2106 1838 2135 est,

1043 2142 1116 2174 odio,
1133 2141 1181 2177 qui
1199 2147 1305 2177 peccat.
1327 2144 1374 2172 ille
1392 2146 1499 2173 veniam
1516 2147 1635 2180 obtinet,
1656 2147 1702 2175 hic
1724 2156 1838 2176 excusa-

1042 2189 1116 2215 tione
1141 2193 1228 2216 caret.
1256 2188 1383 2217 Miserere
1407 2191 1467 2218 mei.
1491 2191 1626 2228 Exiguum
1649 2194 1784 2228 verbum;
1809 2200 1837 2222 at

1043 2234 1222 2270 benignitatis
1248 2241 1290 2263 est
1306 2237 1429 2272 pelagus.
1456 2237 1507 2265 Ubi
1531 2239 1604 2266 enim
1633 2240 1835 2274 misericordia,

1041 2279 1098 2307 illic
1107 2279 1200 2307 omnia
1215 2280 1286 2307 bona
1303 2285 1379 2308 sttnt.
1390 2281 1448 2309 Etsi
1460 2287 1537 2310 extra
1555 2283 1688 2319 templum
1702 2286 1833 2316 versaris.

1040 2326 1223 2355 nihilominus
1232 2327 1367 2360 clama,et
1378 2327 1422 2356 dic
1438 2338 1445 2356 :
1461 2328 1591 2357 Miserere
1603 2330 1671 2364 mei;
1689 2338 1744 2358 non
1759 2330 1834 2362 labra

1040 2381 1164 2405 movens,
1183 2374 1232 2402 sed
1256 2378 1349 2402 mente
1374 2375 1547 2404 clamitans:
1567 2384 1631 2404 nam
1657 2383 1684 2405 et
1710 2381 1834 2405 tacentes

1038 2420 1116 2448 audit
1142 2420 1226 2448 Deus.
1250 2419 1310 2448 Non
1334 2422 1467 2456 quanitur
1494 2422 1582 2455 locus,
1604 2422 1702 2450 modus
1720 2422 1831 2451 subicit.

1037 2465 1173 2494 Jeremiss
1197 2475 1233 2494 In
1251 2474 1332 2495 coeno
1356 2473 1425 2499 erat,
1446 2474 1473 2495 et
1491 2467 1563 2496 Deus
1593 2468 1682 2503 ipsum
1701 2469 1831 2497 extraxit.

1037 2512 1134 2540 Daniel
1150 2512 1178 2540 in
1195 2513 1255 2541 lacu
1273 2514 1397 2546 leonum,
1427 2519 1453 2540 et
1483 2513 1568 2541 Deum
1595 2514 1714 2550 placavit
1742 2523 1749 2541 :
1775 2519 1833 2542 tres

1037 2558 1116 2593 pueri
1145 2559 1174 2586 in
1203 2558 1316 2586 fornace
1346 2562 1435 2591 erant,
1462 2563 1489 2586 et
1519 2559 1604 2587 Deum
1632 2563 1830 2587 exoraverunt.

1036 2604 1121 2631 Latro
1139 2603 1166 2631 in
1182 2611 1295 2631 crucem
1315 2608 1396 2631 actus
1422 2609 1492 2637 erat,
1510 2612 1560 2632 nec
1580 2608 1672 2632 tamen
1693 2611 1761 2632 crux
1779 2604 1832 2632 im-

1035 2650 1194 2685 pedimento
1206 2650 1268 2683 fuit,
1279 2650 1345 2685 quin
1360 2650 1450 2685 potius
1471 2649 1631 2686 paradisum
1649 2650 1770 2686 aperuit.
1780 2648 1831 2677 Job

1036 2695 1064 2722 in
1081 2695 1255 2730 sterquilinio
1276 2694 1406 2728 sedebat,
1434 2695 1576 2730 Deumque
1595 2695 1648 2723 sibi
1677 2695 1830 2731 propitium

1035 2742 1165 2771 reddidit.
1184 2740 1349 2776 Ubicunque
1362 2740 1461 2772 fueris,
1482 2749 1540 2770 ora.
1557 2741 1616 2770 Etsi
1632 2749 1726 2770 coram
1737 2741 1832 2778 judice

1033 2790 1151 2821 sisteris,
1170 2795 1230 2815 ora.
1247 2787 1307 2815 Etsi
1328 2787 1413 2822 judex
1433 2788 1574 2819 irascitur,
1600 2795 1659 2815 ora.
1688 2787 1712 2814 Δ
1739 2787 1830 2814 fronte

1034 2839 1094 2863 erat
1109 2841 1193 2865 mare.
1209 2841 1224 2860 ιι
1242 2837 1319 2868 tergo
1334 2831 1459 2868 Egyptii
1480 2833 1700 2868 insequebantur
1717 2842 1724 2860 :
1741 2833 1828 2860 inter-

1035 2881 1142 2911 medius
1158 2879 1265 2917 Moyses
1282 2882 1352 2909 erat.
1366 2879 1456 2908 Multae
1469 2886 1565 2916 preces
1581 2879 1610 2908 in
1626 2878 1764 2914 angustia,
1780 2876 1820 2906 sed

1787 163 1855 198 1150
1907 194 1910 197 ι
