2056 3113
251 134 318 168 1ιὶ51

839 131 869 160 S,
889 129 1049 159 JOANNIS
1062 128 1280 159 DAMASCENI

1819 124 1892 156 me

249 197 344 231 ingens
364 198 405 220 est
424 191 612 228 prccalionum
629 189 750 224 pelagus.
767 189 788 215 A
805 193 881 224 tergo
900 188 1039 216 instabant

1097 187 1209 223 ρότητος
1227 186 1329 221 γέμον,
1355 185 1405 212 οὐκ
1427 184 1563 220 ἀνειμένον
1583 183 1695 210 τελέσαι
1724 182 1776 218 τὴν
1794 183 1891 218 εὐχήν.

248 239 380 276 Αῑεγριὶὶ,
390 237 508 265 medium
517 236 608 263 locum
619 235 741 275 precatio
751 234 902 262 obtinebat.
914 234 985 267 Quin
998 241 1047 266 nec

226 287 233 292 ‘
248 287 360 313 verbum
379 284 464 311 ullum
483 289 530 309 ore
539 281 645 316 Moyses
658 281 811 315 promebat,
829 284 855 308 ct
872 283 964 308 tamen
974 279 1046 307 Deus

247 330 356 358 diccbat
369 338 376 356 :
388 328 458 362 Quid
470 327 572 354 clamas
583 325 618 353 ad
632 334 671 353 me
686 325 785 361 (Exod.
799 333 853 358 ειν,
868 325 911 361 15)
921 326 932 352 ?
943 325 1000 353 Etsi
1016 333 1046 353 os

247 383 323 405 tuum
331 375 531 408 silet,attamen
543 380 592 401 cor
609 376 685 400 tuum
697 370 874 399 vociferatur.
885 370 926 398 Tu
937 378 1046 406 quoque

246 422 358 451 tametsi
370 428 463 449 coram
473 420 564 456 judice
580 419 688 447 furente
703 423 730 446 et
741 418 845 445 crudeli
856 418 978 450 sistaris,
992 418 1046 446 imo

247 469 351 496 etinter
359 466 502 495 carniﬁces
512 465 642 497 verseris,
652 463 736 492 Deum
748 471 807 491 ora.
819 463 856 491 Te
865 464 937 491 enim
949 469 1046 491 orante

246 515 344 542 ﬂuctus
358 512 591 547 comprimuntur.
603 509 690 537 Judex
704 509 790 537 instat
802 509 814 536 ἰ
825 509 858 536 ad
872 509 957 537 Deum
971 502 1049 558 fuge.)

247 560 373 587 Imminet
381 557 540 593 praefectus?
549 561 578 583 tu
590 555 736 583 Dominum
746 562 822 591 roga.
835 555 961 591 Nunquid
972 557 1044 584 enim

247 605 328 632 homo
335 603 394 631 est?
402 610 509 638 semper
517 608 604 637 prope
612 606 663 634 est,
671 601 773 636 ubique
781 605 833 634 est,
840 601 932 628 omnia
940 601 1043 636 itnplet.

247 650 276 677 Si
294 650 335 678 vis
356 649 495 677 hominem
513 655 621 685 rogare,
636 648 740 683 etquid
753 655 846 675 rerum
866 651 928 684 agat
945 655 1042 681 nosse;

247 697 374 724 minister
386 703 442 723 non
472 694 631 731 respondet.
647 695 682 722 At
700 695 729 722 in
754 695 809 723 Deo
828 695 898 722 nihil
917 695 972 722 tale
989 698 1042 722 est.

246 743 416 778 Quocunque
428 742 501 770 enim
531 742 645 774 abieris,
672 746 697 770 et
725 749 788 769 eum
816 742 938 774 invoces,
954 741 1040 768 audit.

245 788 305 815 Non
322 787 435 822 janitor,
452 794 506 815 non
531 790 708 821 procurator,
733 793 786 813 non
814 789 968 820 sequester,
987 793 1041 813 non

246 835 367 862 l'amulus
393 833 472 861 adest
489 841 497 860 :
514 833 582 860 nihil
609 833 734 860 istorum.
758 832 814 866 Die,
834 831 959 860 Miserere
979 833 1039 864 mei,

1097 233 1211 259 υὺδέπω
1225 232 1314 263 τελεῖς
1328 231 1378 267 τὴν
1394 231 1491 266 εὐχὴν,
1507 230 1555 256 καὶ
1569 229 1721 265 λαμϐάνεις
1739 228 1790 263 τὴν
1805 228 1892 254 δοσιν.

1105 279 1253 312 Ἐλέησόν
1261 286 1299 313 με
1310 286 1316 294 ·
1335 277 1440 312 ταύτην
1457 275 1645 312 μιμησώμεοα
1655 274 1704 310 τὴν
1722 274 1893 302 Χαναναίαν.

1105 325 1253 360 Ἐλέησόν
1261 333 1299 359 με
1310 333 1316 340 ·
1330 325 1349 359 ἡ
1359 324 1491 359 θυγάτηρ
1498 332 1558 358 μου
1569 322 1668 355 κακῶς
1683 321 1894 356 δαιμονίζεται.

1097 373 1153 400 Καὶ
1167 373 1193 399 τί
1205 373 1324 408 ἤκουσεν
1337 379 1344 403 ;
1358 369 1396 400 Ὦ
1418 370 1517 406 γύναι,
1532 368 1649 404 μεγάλη
1665 376 1723 395 σου
1738 368 1757 401 ’ὴ
1771 368 1893 403 πίστέςς

1096 419 1249 454 γενηθήτω
1273 426 1322 445 σοι
1342 418 1382 451 ὡς
1396 417 1504 449 θέλεις.
1535 413 1894 451 Ἑξηπορήθηςπὺὄρίσοης

1097 465 1162 500 παρ’
1178 464 1257 501 ἐμοῦ.
1275 463 1428 495 Ἀπεδίωξά
1441 471 1482 495 σε,
1493 462 1541 489 καὶ
1555 461 1606 489 οὐκ
1621 461 1810 497 ἁνεχώρησας,
1823 459 1892 487 ἀλλᾶ

1097 511 1279 547 παρέμεινας.
1304 509 1437 545 Ἀληθῶς,
1458 507 1497 535 ’Ὦ
1523 509 1623 543 γύναι,
1647 506 1763 542 μεγάλη
1787 513 1845 532 σου
1869 505 1890 538 ἡ

1095 558 1208 590 πίστις.
1233 556 1383 584 ’Λπέθανεν
1399 557 1416 592 ἡ
1429 554 1509 590 γυνὴ,
1524 554 1570 581 καὶ
1586 554 1617 580 τὺ
1642 553 1781 588 ἐγκώμιον
1804 551 1892 585 αὐτῆς

1097 603 1349 638 μένειδιαδήματος
1362 601 1555 636 λαμπρότερον
1574 600 1614 631 εἰς
1631 599 1698 633 ὅσην
1715 598 1792 633 ἥλιος
1803 596 1890 632 ἐφορᾷ

1094 651 1156 686 γῆν.
1175 651 1300 682 Ἀκούεις
1312 649 1359 676 τοῦ
1377 648 1498 685 Χριστοῦ
1511 647 1647 682 λέγοντος·
1663 645 1698 673 Ὦ
1716 646 1816 680 γύναι,
1831 645 1890 671 Με-
1906 645 1909 649 ’

1093 696 1171 732 φάλη
1191 704 1250 723 σου
1263 697 1282 731 ἡ
1298 696 1417 728 πίστις·
1432 695 1585 730 γενηθήτω
1597 701 1646 721 σοι
1661 694 1702 726 ὠς
1718 693 1817 724 θέλεις
1834 692 1887 718 σύ.

1094 741 1149 768 Καὶ
1163 740 1258 776 ἐξῆλθε
1269 741 1300 767 τὸ
1309 740 1460 776 δαιμόνιον,
1470 741 1517 767 καί
1529 739 1596 773 ἰάθη
1610 740 1627 773 ἡ
1639 738 1772 773 θυγάτηρ
1781 735 1887 770 αὐτῆς.

1093 785 1162 812 Πότε
1175 795 1181 818 ;
1200 785 1259 813 ἀπὸ
1271 785 1349 820 ὥρας
1360 786 1491 819 ἐκείνης.
1507 784 1564 811 Οὐκ
1579 783 1610 816 te
1620 780 1653 819 ἦς
1668 781 1750 818 ἦλθεν
1766 783 1783 817 ἡ
1796 782 1889 816 μήτηρ

1093 831 1190 866 αὐτῆς,
1206 831 1265 857 ἀλλ’
1283 831 1313 863 ἐξ
1327 828 1362 867 ἧς
1375 831 1480 867 ἤκουσε
1497 830 1572 865 παρὰ
1589 829 1636 856 τοῦ
1652 828 1779 862 Σωτῆρος
1797 826 1887 862 ἡμῶν,

245 884 271 908 et
290 881 361 908 Deus
375 883 478 916 praesto
489 883 542 907 est.
557 879 653 906 Adhuc
669 879 799 913 loquente
813 883 839 906 ιο
857 878 930 906 dicet
945 888 951 906 :
970 878 1039 907 Ecce

1092 875 1129 904 Ὠ
1139 878 1237 912 γύναι,
1252 877 1370 913 μεγάλη
1384 885 1442 905 σου
1454 877 1473 912 ἠ
1489 877 1603 910 πίστις·
1617 874 1769 911 γενηθήτω
1782 881 1832 900 σοι
1847 873 1889 905 ὡς

245 926 353 954 adsum.
387 925 409 953 Ο
441 932 536 953 vocem
573 924 797 952 mansuetudinis
828 924 953 959 plenaml
983 932 1037 952 non

1091 924 1198 957 θέλεις.
1210 925 1266 951 Καὶ
1281 924 1375 951 λοιπὸν
1390 922 1473 959 ἦλθεν
1485 922 1676 958 προσδοκῶσα
1685 921 1777 956 εὑρεῖν
1789 920 1888 954 δαιμο-

244 975 386 1006 exspectat
411 971 475 998 dum
498 969 651 997 orationem
679 969 842 997 absolveris.
865 968 987 997 Necdum
1006 969 1037 996 ﬁ-

1091 969 1246 1005 νιζομὲνην,
1262 971 1309 997 καὶ
1318 967 1398 1006 εὗρεν
1409 969 1595 1004 ὑγιαίνουσαν,
1608 968 1646 1003 τῷ
1657 967 1791 1003 θελήματι
1801 967 1887 1000 αὐτῆς

245 1017 330 1049 niisti.
348 1020 375 1044 et
389 1016 491 1044 donum
509 1016 625 1049 accipis.
636 1014 760 1043 Miserere
773 1015 842 1042 mei:
853 1014 1037 1042 Chananaeam

1093 1016 1314 1052 θεραπευθεῖσαν
1329 1016 1399 1043 κατὰ
1411 1017 1461 1051 τὴν
1474 1016 1602 1043 κέλευσιν
1619 1014 1666 1040 τοῦ
1683 1013 1832 1040 Δεσπότου.

246 1065 316 1090 hanc
333 1062 482 1090 imitemur.
496 1059 624 1088 Miserere
641 1061 709 1092 mei;
730 1060 788 1095 ﬁlia
803 1068 886 1087 meuu
902 1059 1033 1088 daemonio
1054 1062 1123 1088 male
1143 1066 1289 1096 torquetur.
1306 1061 1340 1089 Et
1351 1062 1417 1097 quid
1440 1062 1484 1089 illa
1506 1061 1630 1089 audivit?
1657 1060 1767 1093 Mulier,
1790 1064 1889 1094 magna

245 1113 283 1134 est
298 1107 364 1142 [idea
382 1110 450 1134 tua:
466 1106 514 1141 ﬁat
532 1106 579 1133 tibi
604 1106 672 1134 sicut
689 1106 728 1134 vis
746 1105 857 1141 (Matth.
874 1114 919 1138 xv,
950 1106 1007 1142 28).
1038 1106 1067 1134 In
1089 1109 1200 1135 summa
1217 1108 1305 1135 animi
1325 1108 1464 1136 anxietate
1488 1107 1577 1140 fuisti,
1597 1106 1670 1134 male
1694 1113 1709 1133 a
1732 1113 1776 1134 me
1792 1105 1887 1132 habita

186 1151 189 1174 ῖ
243 1161 290 1187 cs;
305 1153 384 1188 abegi
399 1157 436 1186 te,
449 1160 500 1181 nec
511 1153 665 1185 recessisti,
677 1153 725 1181 sed
745 1153 936 1188 permansisti.
953 1152 1033 1186 Vere,
1057 1153 1079 1182 0
1093 1155 1199 1187 mulier,
1219 1163 1316 1190 magna
1326 1159 1366 1182 est
1381 1155 1447 1190 ﬁdes
1464 1158 1519 1182 tua.
1530 1153 1645 1181 Mortem
1673 1153 1742 1180 obiit
1773 1151 1887 1184 mulier,

243 1204 271 1227 et
295 1200 354 1228 laus
376 1199 464 1235 ipsius
484 1203 578 1227 manet
596 1198 753 1227 diademate
776 1199 876 1234 quovis
893 1199 1039 1232 illustrior,
1058 1207 1282 1236 quaquaversum
1296 1202 1338 1230 sol
1354 1205 1458 1229 terram
1475 1200 1599 1235 inspicit.
1634 1199 1722 1226 Audis
1743 1198 1889 1226 Christum

245 1247 401 1274 dicentem:
424 1246 446 1274 0
461 1246 557 1273 mulier
580 1247 700 1282 !mugna
713 1251 751 1274 est
767 1246 833 1281 ﬁdes
854 1250 899 1273 tua
916 1253 924 1272 :
948 1247 997 1281 ﬁat
1014 1242 1063 1274 tibi
1080 1248 1149 1274 sicut
1161 1249 1209 1275 vis.
1225 1249 1298 1276 Exiit
1321 1248 1441 1276 subinde
1467 1247 1643 1277 daemonium.
1672 1249 1820 1280 canamque
1847 1249 1889 1271 est

243 1293 302 1326 [ilia
319 1293 415 1327 ipsius.
432 1292 567 1325 Quando?
578 1299 610 1318 ea:
623 1292 671 1319 illa
681 1293 748 1319 hora
765 1291 872 1327 (Ibid.).
887 1291 946 1320 Non
961 1300 994 1320 ex
1009 1300 1041 1320 ea
1061 1292 1130 1320 hora
1146 1301 1200 1329 qua
1224 1298 1312 1322 mater
1325 1294 1457 1326 accessit,
1476 1292 1526 1321 sed
1541 1299 1575 1320 ex
1591 1298 1623 1319 ea
1637 1298 1692 1326 qua
1722 1297 1737 1318 a
1770 1290 1889 1317 Domino

245 1341 388 1368 Salvatore
402 1344 498 1368 nostro
515 1340 619 1367 audivit
636 1348 642 1367 :
658 1339 681 1367 0
696 1340 808 1366 mulier!
825 1348 921 1375 magna
936 1345 973 1367 est
985 1340 1051 1374 ﬁdes
1070 1345 1116 1368 tua
1129 1350 1137 1368 :
1149 1342 1198 1376 ﬁat
1215 1341 1263 1368 tibi
1281 1342 1351 1369 sicut
1365 1341 1414 1369 uis.
1441 1341 1481 1369 Ac
1504 1341 1635 1375 deinceps
1662 1339 1776 1368 domum
1799 1338 1887 1370 venit.

244 1386 405 1413 existimans
421 1384 479 1413 fore
500 1389 529 1412 ut
546 1386 629 1412 tiliam
655 1385 744 1413 adlmc
762 1393 920 1420 possessam
959 1393 974 1412 a
998 1386 1124 1415 daemone
1157 1386 1326 1421 od‘enderet;
1355 1392 1438 1423 atque
1464 1387 1633 1415 incolumem
1672 1392 1733 1414 eam
1770 1385 1887 1420 reperit,

244 1431 393 1458 voluntatis
407 1430 537 1458 nimirum
556 1437 612 1457 sua:
636 1437 721 1465 opera
747 1430 897 1458 secundum
925 1429 1034 1458 Domini
1051 1431 1160 1467 jussum
1179 1432 1292 1460 sanitati
1307 1433 1477 1461 restitutam.

281 1475 310 1504 S.
323 1475 418 1512 Cyrill.
430 1488 463 1496 -ί
476 1475 585 1509 Oportet
600 1483 701 1510 semper
717 1482 796 1502 orare
808 1474 885 1511 (Luc.
902 1483 981 1508 xvut,
997 1475 1034 1512 l),
1050 1484 1071 1514 ο

243 1523 295 1549 hoc
308 1527 360 1556 est,
375 1526 402 1550 et
418 1525 482 1549 ante
495 1520 657 1554 certamina,
673 1524 700 1548 et
713 1520 742 1547 in
761 1520 887 1555 ipsismet
905 1521 1036 1548 certami-

244 1568 344 1599 nibus;
363 1573 394 1593 ac
414 1566 525 1594 cmlitus
540 1565 673 1592 auxilium
690 1572 852 1600 exposcere.

278 1612 375 1639 Euseb.
394 1626 429 1632 —
444 1611 499 1638 Pro
523 1610 662 1638 communi
680 1611 823 1638 hominum
839 1610 930 1638 salute
945 1611 1033 1646 prius,

243 1665 301 1687 tum
320 1658 419 1686 deinde
436 1665 486 1693 pro
500 1664 549 1684 sua
563 1657 682 1692 quisque
694 1656 776 1686 debet
797 1664 887 1685 orare.
906 1658 936 1685 In
948 1658 1038 1686 socie-

242 1710 326 1733 tatem
341 1704 415 1732 enirn
431 1703 498 1731 facti
516 1710 631 1736 sumus;
648 1707 676 1730 et
692 1703 739 1738 qui
754 1710 814 1731 eam
831 1703 953 1739 propriis
977 1704 1037 1732 suis

241 1749 395 1778 commodis
422 1748 546 1784 praefert.
570 1747 616 1775 ille
643 1747 792 1775 admodum
817 1752 951 1784 acceptus
980 1748 1037 1777 Deo

243 1795 337 1823 l'uertt.

277 1841 356 1878 $71
377 1841 405 1870 S.
425 1840 495 1868 Nili.
508 1839 702 1875 —lmperavit
722 1839 867 1873 Dominus,
888 1845 918 1868 ut
945 1840 1035 1876 ipsum

242 1889 354 1916 invoces
371 1888 398 1915 in
425 1888 469 1916 die
494 1886 688 1915 tribulationis.
715 1886 807 1920 Quare
829 1887 956 1914 cunctari
981 1895 1035 1915 non

242 1934 386 1967 debemus,
410 1934 457 1963 sed
477 1941 540 1962 cum
569 1941 677 1969 semper
701 1933 785 1966 alias,
803 1937 861 1960 tum
884 1934 1035 1968 praesertim

241 1980 397 2008 aﬂlietionis
422 1985 546 2016 tempore
563 1979 685 2006 divinam
705 1986 783 2014 opem
800 1978 964 2014 implorare;
981 1986 1036 2014 quo

243 2027 418 2063 perspicuum
432 2026 557 2055 hostibus
569 2024 706 2053 faciamus
717 2024 830 2052 minimc
848 2031 899 2052 nos
912 2024 1036 2052 adversis

244 2074 326 2102 rebus
339 2074 486 2108 absorptos
499 2080 570 2106 esse,
584 2072 632 2099 sed
649 2071 741 2099 lideuti
767 2071 858 2098 animo
875 2078 987 2099 sursum
1000 2070 1035 2098 ad

244 2121 329 2149 Deum
344 2120 441 2148 oculos
457 2118 599 2154 coniectos
616 2117 727 2145 habere.

1129 1477 1182 1504 Ἀεὶ
1204 1477 1430 1512 προσεύχεσθαι
1450 1476 1505 1510 δεῖ,
1535 1477 1582 1503 καὶ
1603 1476 1656 1513 πρὸ
1683 1476 1738 1504 τῶν
1758 1476 1886 1512 ἀγώνων,

1091 1523 1138 1549 καὶ
1152 1524 1180 1550 ὲν
1197 1523 1290 1555 αὐτοῖς
1301 1524 1360 1556 τοῖς
1383 1523 1483 1558 ἀγῶσι,
1510 1525 1557 1551 καὶ
1572 1523 1622 1560 τὴν
1643 1525 1748 1552 ἀνωθεν
1768 1525 1886 1552 ἐπικου-

1092 1569 1152 1604 ρίαν
1169 1569 1265 1596 αἰτεῖν.

1132 1614 1219 1651 Ὑπὲρ
1234 1615 1285 1652 τῆς
1313 1617 1407 1651 κοινῆς
1423 1616 1478 1643 τῶν
1489 1616 1653 1652 ἀνθρώπων,
1675 1618 1729 1653 χρὴ
1754 1617 1885 1652 εῠχεσθαι

1091 1661 1224 1696 πρότερον
1248 1661 1398 1698 σωτηρίας,
1411 1659 1464 1689 εἶθ’
1479 1662 1566 1694 οὕτως
1583 1663 1654 1699 ὑπὲρ
1680 1665 1797 1691 ἑαυτῶν.
1819 1665 1886 1691 Ἐπὶ

1090 1707 1144 1743 γὰρ
1158 1707 1302 1735 κοινωνίαν
1323 1708 1489 1744 γεγόναμεν,
1508 1709 1556 1736 καὶ
1582 1710 1687 1745 ταύτην
1702 1712 1716 1737 ὁ
1737 1711 1886 1746 προτιμῶν

1089 1753 1137 1779 τοῦ
1166 1752 1227 1780 καθ’
1251 1754 1354 1790 ἑαυτὸν,
1374 1755 1450 1789 ἰδίου,
1476 1756 1596 1791 μάλιστα
1619 1757 1663 1792 εἰη
1684 1756 1744 1792 Θεῷ
1770 1766 1887 1793 κεχαρι-

1091 1798 1199 1834 σμένος.

1125 1845 1281 1880 Προσέταξε
1296 1847 1409 1882 Κύριος,
1427 1848 1470 1874 ἵνα
1482 1847 1634 1884 ὲπικαλέσῃ
1651 1848 1732 1876 αὑτὸν
1748 1849 1777 1876 ὲν
1788 1850 1884 1886 ἡμέρᾳ

1090 1891 1215 1926 Θλίψεως.
1228 1893 1275 1920 Διὸ
1285 1893 1315 1920 οὐ
1327 1893 1379 1930 χρὴ
1388 1897 1542 1927 κατοκνεῖν,
1557 1895 1627 1922 ἀλλὰ
1637 1896 1720 1923 παντὶ
1732 1896 1781 1931 μὲν
1792 1898 1886 1932 καιρῷ

1089 1938 1279 1966 ἐπικαλεῖσθαι
1297 1939 1342 1966 τὸν
1359 1939 1435 1973 Θεὸν,
1454 1940 1573 1976 μάλιστα
1594 1941 1623 1968 δὲ
1640 1942 1670 1968 ὲν
1696 1944 1754 1975 τοῖς
1775 1945 1885 1978 καιροῖς

1088 1985 1142 2011 τῶν
1154 1984 1280 2020 Θλίψεων,
1296 1985 1340 2013 ἴνα
1355 1985 1488 2022 δείξωμεν
1502 1986 1559 2020 τοξ
1572 1988 1690 2024 ἐχθροῖς,
1707 1989 1747 2016 ὅτι
1761 1990 1884 2016 κατεπό-

1089 2031 1176 2067 θημεν
1193 2031 1246 2058 ὑπὸ
1265 2032 1319 2058 τῶν
1343 2033 1546 2068 περιστάσεων,
1564 2034 1634 2062 ἀλλὰ
1653 2034 1722 2070 μετὰ
1746 2036 1883 2071 πεποιθή-

1090 2085 1159 2108 σεως
1176 2078 1244 2113 πρὸς
1253 2078 1299 2105 τὸν
1314 2078 1381 2107 Θεὸν
1398 2079 1455 2106 ἄνω
1468 2079 1614 2115 βλέπομεν.

283 2166 376 2202 Ejusd.
391 2181 427 2186 —
441 2165 508 2194 Cum
525 2171 715 2200 saepenumero
736 2163 819 2191 Deum
833 2168 962 2199 precatus
976 2163 1036 2191 fue-

1124 2168 1287 2200 Πλειστάκις
1300 2167 1417 2204 δεηθεὶς.
1431 2169 1479 2195 καὶ
1492 2169 1648 2204 ἀποτυχὼν,
1667 2170 1705 2205 μὴ
1719 2170 1882 2207 ἀποκάμῃς,

244 2214 294 2246 ris,
309 2220 359 2242 nec
371 2212 572 2248 impetraveris,
581 2218 616 2238 ne
628 2215 770 2246 propterea
784 2209 965 2245 desponderis
979 2211 1037 2238 aui-

244 2267 318 2288 mum
335 2268 342 2286 :
359 2259 426 2295 quin
446 2259 539 2294 potius
556 2256 694 2292 supplices
708 2256 741 2284 ad
757 2256 847 2290 ipsum
867 2256 975 2285 libellos
994 2264 1036 2285 re-

242 2313 358 2339 novans,
374 2305 546 2341 impudenter
563 2303 671 2331 accede.
684 2301 757 2330 Nam.
770 2304 797 2330 in
813 2303 929 2331 summis
943 2310 1035 2331 rerum

241 2352 446 2381 dilIicuItatibus
459 2350 564 2387 pudore
580 2349 750 2386 impudentia
765 2350 854 2385 potior
869 2354 922 2377 est.
932 2348 1036 2382 Quem-'

241 2399 386 2427 admodum
401 2399 473 2426 enim
492 2396 626 2424 Dominus
639 2396 706 2424 dicit
725 2405 732 2423 :
751 2395 865 2423 Dabitur
880 2396 904 2422 ei
927 2401 1034 2430 propter

241 2446 454 2474 inuerecundiam
469 2443 598 2480 quidquid
613 2443 725 2471 uoluerit
743 2443 820 2479 (Luc.
833 2450 876 2475 an,
891 2442 930 2478 8).

276 2492 371 2528 Ejusd.
388 2507 422 2512 —
437 2491 526 2519 Veluti
545 2491 683 2526 respirare
698 2496 840 2525 nunquam
861 2490 1032 2525 intempesti-

239 2548 304 2569 vum
317 2543 369 2573 est,
388 2537 429 2566 sic
445 2545 495 2565 nec
508 2536 624 2573 mystica
640 2538 754 2564 munera
772 2544 786 2563 a
804 2535 921 2563 Domino
937 2540 1031 2570 p0stu-

238 2587 307 2620 lare,
321 2585 353 2612 ad
369 2589 521 2612 extremum
532 2590 620 2619 usque
635 2583 772 2618 spiritum.

273 2631 308 2659 1η
324 2631 377 2664 die,
395 2630 495 2666 inquit,
520 2629 645 2661 clamavi,
668 2633 692 2656 et
715 2633 790 2656 nocte
813 2636 902 2655 coram
925 2633 958 2661 te,
976 2627 1030 2656 Do-

238 2678 307 2704 mine
325 2676 392 2703 Deus
411 2683 483 2703 meus
504 2673 592 2708 (Psal.
609 2682 730 2708 Lxxxvn,
746 2674 786 2709 2).
803 2673 886 2702 Vides
899 2675 1031 2710 quemad-

239 2721 350 2750 modum
362 2723 473 2751 divinus
490 2722 537 2750 ille
553 2720 638 2749 David
654 2721 736 2750 nobis
751 2722 778 2748 in
803 2721 957 2756 exemplum
976 2724 1028 2755 est,

239 2772 269 2794 ut
290 2768 350 2795 sine
374 2769 580 2796 intermissione
600 2776 722 2800 oremus,
742 2776 791 2795 nec
819 2769 846 2796 in
867 2769 1028 2803 languorem

238 2821 271 2843 ac
285 2814 396 2843 mdium
414 2815 612 2845 devolvamut‘?

1090 2215 1158 2250 μηδὲ
1181 2215 1347 2251 ἀπελπίσῃς,
1367 2214 1437 2241 ἀλλὰ
1465 2215 1645 2248 ἀνακαινίσας
1670 2218 1734 2249 τοὺς
1752 2218 1822 2252 πρὸς
1835 2218 1882 2244 τὸν

1087 2261 1153 2288 Θεὸν
1164 2256 1314 2294 λιϐἐῖιλους,
1328 2261 1409 2290 πάλιν
1420 2261 1554 2299 πρόσελθε
1568 2262 1686 2294 ἀναιδῶς
1699 2262 1740 2297 τῷ
1748 2263 1878 2299 δεσπότῃ.

1087 2309 1257 2345 Προτιμᾶται
1273 2309 1327 2345 γὰρ
1343 2310 1371 2336 ὲν
1380 2311 1440 2341 ταῖς
1449 2309 1585 2343 ἀνάγκαις
1598 2308 1649 2344 τῆς
1664 2308 1756 2339 αἰδοῦς
1771 2309 1788 2344 ἡ
1801 2309 1880 2334 ἀναί-

1085 2356 1154 2383 δεια.
1186 2355 1238 2383 Διὰ
1249 2356 1304 2391 γὰρ
1334 2355 1392 2390 τὴν
1418 2356 1574 2383 ἀναίδειαν
1596 2355 1689 2382 αὐτοῦ
1715 2355 1880 2390 δοθήσεται

1085 2402 1165 2435 αὐτῷ
1177 2402 1254 2429 ὅσον
1263 2402 1355 2436 θέλει,
1375 2401 1469 2433 καθὼς
1483 2399 1562 2428 εἶπεν
1577 2402 1590 2427 ό
1607 2401 1719 2436 Κύριος.

1121 2492 1227 2527 ’Ὠσπερ
1243 2492 1273 2519 τὸ
1284 2492 1414 2518 ἀναπνεῖν
1431 2491 1560 2518 οὐδέποτε
1576 2491 1702 2525 ἄκαιρον,
1719 2490 1807 2522 οὓτως
1815 2490 1877 2516 οὐδὲ

1083 2539 1113 2565 τὸ
1125 2538 1259 2565 αἰτεῖσθαι
1271 2538 1345 2574 παρὰ
1359 2538 1462 2574 Κυρίου
1474 2537 1508 2564 τὰ
1523 2538 1665 2573 αἰτήματα
1679 2537 1810 2572 μυστικὰ,
1827 2536 1876 2572 μέ-

1083 2593 1144 2621 χρις
1163 2585 1282 2620 ἐσχάτης
1298 2584 1445 2618 ἀναπνοῆς.

1124 2623 1261 2666 ’[ᾔιιεξοιῖς,⁴
1272 2631 1363 2666 φησὶν,
1387 2630 1546 2664 ἐκέκραξα,
1565 2630 1612 2657 καί
1626 2630 1661 2657 ἐν
1674 2629 1760 2656 νυκκί
1787 2629 1874 2656 ἐναν-

1083 2679 1147 2705 τίον
1161 2686 1230 2710 σου,
1242 2679 1331 2712 Κύριε
1352 2679 1368 2705 ὁ
1393 2678 1465 2710 Θεός
1484 2686 1554 2712 μου.
1582 2678 1663 2713 Ὁρᾷς
1677 2677 1735 2708 πῶς
1761 2675 1846 2703 Δαϐὶό
1859 2677 1874 2702 ό

1082 2725 1226 2756 θεσπέσιος
1246 2725 1421 2755 ὑποτύπωτις
1446 2724 1511 2759 ὑμῖν
1533 2724 1639 2758 γίνεται
1665 2722 1735 2758 πρὸς
1747 2722 1785 2750 τὸν
1795 2721 1873 2749 ἁδιι-

1081 2772 1198 2803 λείπτως
1211 2770 1348 2806 εὔχεσθαι,
1362 2770 1458 2806 καὶμὴ
1471 2768 1676 2806 καταφέρεσθαι
1687 2769 1727 2800 εἰς
1744 2767 1874 2801 ἀχηδῖαν.
