2056 3113
223 161 290 193 1453

849 172 968 201 ΞᾹΩΒΛ
991 173 1225 204 P.\i{.\LLELA.

1783 179 1851 212 1454

253 221 284 246 Et
307 220 450 252 πλεονάκις
479 221 660 258 ὼρελήθημεν
689 224 767 260 ἀνδρὶ
792 225 887 260 ἀγαθῷ
904 235 1000 253 συντυ-

1093 228 1122 256 Si
1142 237 1174 256 ex
1196 230 1275 264 probi
1299 231 1348 258 viri
1372 239 1523 268 congressu
1552 241 1674 269 persmpe
1703 235 1849 264 utilitatem

218 267 320 301 χόντες,
332 266 436 302 πηλίκα
444 267 629 303 κερδανοῦμεν
644 269 705 296 καθ’
719 271 826 306 ἡμέραν
836 273 884 299 καὶ
897 273 1005 308 νύκτωρ

217 312 474 348 προσδιαλεγόμενοι
491 314 523 340 δι’
544 315 640 350 εὐχῆς,
657 316 705 343 καὶ
721 316 881 353 ψαλμῳὸίας
901 318 940 354 τῷ
955 320 1003 346 Δε-

216 359 302 394 σπότῃ
314 358 368 385 τῶν
383 359 452 386 ὅλων
463 361 469 387 ί

251 405 287 430 Οὺ
304 405 334 431 τὸ
348 405 429 441 τυχὸν
444 407 556 441 ἀγαθον,
573 409 640 436 ἀλλὰ
655 411 701 436 καὶ
714 410 784 444 ἄγαν
804 411 877 446 μέγα
888 412 920 439 τὸ
935 413 1003 440 πάν-

214 459 274 476 τοτε
287 450 330 477 διὰ
344 451 394 487 τῆς
409 453 526 486 ἱκετείας
541 455 655 487 ἑαυτοὺς
675 456 713 492 τῷ
729 457 867 492 κρείττονι
885 461 1004 495 παρατί-

215 496 320 524 θεσθαι.

250 543 287 569 υὺ
304 543 401 580 μικρὸν
424 546 480 577 τοῖς
504 546 673 582 ὲλαχίστοιςυ
683 549 731 576 καὶ
744 549 776 576 τὸ
800 551 865 586 μίαν
885 551 1004 587 βαθμίδα

214 589 263 624 τῆς
281 590 337 617 τῶν
351 591 457 626 ἀρετῶν
474 592 610 628 κλίμακος
626 595 769 630 ἀναϐῆναι,
789 597 836 623 καὶ
851 597 919 630 τέως
948 599 1004 626 ἅνω

214 635 342 669 γενέσθαι
359 637 409 671 τῆς
423 638 484 672 γῆς.

249 681 390 718 Τόλμησον
406 684 567 718 προσελθεῖν
585 686 657 721 μετὰ
678 687 820 724 κλαυθμοῦ
833 689 871 725 τῷ
883 690 1004 727 οὐρανίῳ

213 727 354 764 ἁρχιάτρῳ
377 729 473 765 Ἰησοῦ,
488 731 536 757 καὶ
558 732 648 758 πάντα
663 734 712 768 τῆς
731 734 822 770 ψυχῆς
838 735 1004 771 ἀπογυμνῶ-

214 780 260 799 σαι
273 774 308 800 τὰ
318 774 475 809 τραύματα.
490 776 573 803 Οὐδὲν
589 778 644 813 γὰρ
663 777 696 804 ἂν
710 779 752 814 εἴη
769 780 865 814 πάθος,
879 782 947 818 ὅπερ
965 783 1003 818 μὴ

215 818 302 853 ἰσχύει
314 818 482 855 θεραπεῦσαι
495 821 614 857 Χριστὸς
629 824 644 849 ὁ
663 823 933 860 φιλανθρωπότατος.

249 909 320 940 Τοὺς
333 909 476 944 σκώληκας
489 911 539 945 τῆς
558 910 678 944 διανοίας
703 913 877 948 ὲξαφανίζειν
904 917 1004 956 σπεῦδε

213 953 247 979 δι’
263 953 357 988 εὐχῆς,
372 954 418 980 καὶ
431 955 570 990 νηστείας,
584 956 630 982 καὶ
646 957 803 992 ἀγρυπνίας
817 961 938 989 εὐτόνου.

248 998 286 1025 Εὖ
306 999 372 1032 ἴσθι,
389 1000 437 1027 καὶ
450 1002 489 1032 είς
504 1001 534 1028 τὸ
551 1003 641 1036 γῆρας
657 1004 722 1030 αὐτὸ
740 1005 911 1041 ἐληλακότας
928 1010 1004 1041 τινὰς

213 1044 347 1080 ἔγνωμεν,
362 1047 396 1073 δι’
410 1047 492 1083 εὐχῆς
505 1050 552 1076 καὶ
569 1050 677 1082 ἐλπίδος
693 1051 824 1086 μέγιστον
839 1053 1004 1090 λελογχότας

213 1091 377 1126 ἐπουρανίου
393 1094 577 1129 χαρίσματος.

250 1138 333 1165 Οὐδὲν
347 1140 488 1172 παντελῶς
505 1142 700 1175 ἀντιτάξασθαι
719 1143 831 1172 δύναται
844 1146 883 1181 τῷ
896 1148 1003 1184 Κυρίῳ,

212 1185 242 1210 οὐ
259 1184 365 1220 χρόνος,
381 1186 412 1212 οὐ
429 1187 527 1220 τόποςξ
546 1189 576 1215 οὐ
593 1190 721 1224 πρᾶγμα,
747 1191 777 1218 οὐ
798 1192 922 1226 διάὸολος
942 1195 1006 1231 βρέ-

214 1239 282 1265 μων,
297 1232 328 1258 οὐ
341 1232 468 1268 δαίμονες
485 1234 680 1270 πολεμοῦντες,
694 1237 743 1264 οὐκ
763 1238 888 1266 ἀσθένεια
900 1240 1004 1278 ψυχικὴ

211 1278 228 1312 ἢ
243 1279 397 1315 σωματικὴ,
413 1281 443 1306 οὐ
463 1281 602 1317 λογισμῶν
615 1283 786 1318 στειρώσεις,
800 1286 831 1312 οὐ
847 1287 931 1322 νόμος
954 1298 1003 1323 με-

211 1324 265 1351 λῶν
281 1326 381 1360 σαρκός
395 1335 424 1353 τε
438 1328 486 1354 καὶ
497 1329 624 1363 αἵματος,
638 1326 676 1357 ὧν
700 1334 911 1367 κατακαυχᾶται
924 1335 939 1360 6
951 1336 1005 1362 Σα-

210 1370 293 1401 τανᾶς
305 1370 352 1396 καὶ
369 1371 487 1405 δράκων,
502 1373 515 1398 ὁ
530 1374 580 1408 τὴν
605 1374 682 1408 ἰσχὺν
711 1375 755 1400 ἐπ’
781 1376 884 1411 ὀσφύος
900 1386 1002 1414 κεκτη-

213 1415 303 1450 μένος,
321 1415 369 1452 τὴν
384 1416 412 1443 δὲ
425 1417 541 1453 δύναμιν
554 1419 637 1446 αὐτοῦ
647 1421 695 1454 τὴν
709 1421 812 1457 μεστὴν
825 1422 1002 1458 βδελυγμίας,

211 1463 253 1488 ἐπ’
279 1463 402 1498 ὀμφαλοῦ
422 1464 470 1499 τῆς
486 1467 623 1500 γαστρός·
641 1468 691 1502 οὐχ
714 1467 772 1499 ἕξις
786 1470 903 1505 κακίστη
921 1471 1003 1497 πολυ-

210 1506 300 1542 παθής
313 1515 321 1523 ⁸
337 1508 367 1534 οὐ
385 1510 514 1545 συνήθεια
530 1513 665 1547 πολυετής
683 1521 713 1539 τε
731 1515 777 1541 καὶ
793 1515 912 1549 χρόνιος.

245 1553 283 1579 Οὐ
303 1556 495 1589 περι-ποιητέον
507 1557 573 1591 ἡμῖν
584 1558 646 1589 τοὺς
659 1558 825 1593 ἀρέσκοντας
836 1560 875 1595 τῷ
886 1561 1002 1598 διαϐόλῳ

209 1599 366 1635 λογισμοὺς,
382 1601 450 1628 ἀλλὰ
467 1603 627 1637 ἀναιρετέον
644 1605 676 1639 τῇ
693 1604 741 1631 τοῦ
757 1605 830 1632 θείου
846 1606 927 1641 λόγου
950 1617 1002 1635 πα-

211 1645 341 1682 ραξιφίδι.

251 1694 279 1721 Ἠ
295 1695 379 1729 ψυχὴ
401 1695 494 1729 ἡμῶν,
518 1696 612 1730 φησιν,
628 1697 668 1729 ὡς
693 1698 856 1731 στρουθίον
869 1699 1001 1735 ἑῤῥύσθη

209 1740 243 1767 ἐκ
254 1740 309 1775 τῆς
326 1741 452 1777 παγίδος
469 1742 528 1769 τῶν
538 1743 727 1777 θηρευόντων
738 1744 883 1780 δαιμόνων.
899 1746 1002 1784 Ὠσπερ

210 1787 263 1822 γὰρ
274 1787 307 1814 τὰ
323 1787 453 1823 στρουθία
469 1787 513 1814 διὰ
527 1788 575 1823 τῆς
587 1789 642 1816 τῶν
656 1790 765 1825 πτερῶν
787 1791 921 1827 κινήσεως
936 1801 1001 1828 μετ-

209 1831 293 1867 άρσια
309 1833 414 1867 γίνεται
440 1833 496 1860 ἄνω
514 1834 564 1869 τῆς
590 1834 652 1870 γῆς,
679 1835 752 1862 οὕτω
768 1836 815 1863 καὶ
835 1838 849 1863 ὁ
872 1836 1002 1874 θεοσεϐὴς

210 1877 354 1914 ἄνθρωπος
376 1879 429 1906 ἀπὸ
445 1879 499 1906 τῶν
516 1880 647 1915 ἐπιγείων
663 1882 732 1917 πρὸς
745 1882 780 1909 τὰ
793 1883 942 1919 ἐπουράνια
958 1885 1002 1912 διὰ

210 1925 368 1961 προσευχῶν
383 1927 561 1962 μετατίθησιν
577 1928 683 1956 ἑαυτόν.

245 1972 300 2005 Τὴν
315 1972 429 2007 δύναμιν
445 1972 581 2009 πληροῦτε
596 1974 647 2009 τῆς
666 1977 834 2011 προσευχῆς.
862 1978 931 2005 Εἴτε
947 1979 1001 2014 γὰρ

208 2017 333 2050 ἐσθίετε,
349 2019 441 2054 φησὶν,
455 2019 515 2046 εἴτε
526 2021 638 2053 πίνετε,
653 2021 713 2048 εἴτε
724 2023 752 2049 τί
766 2024 886 2057 ποιεῖτε,
903 2025 1002 2053 πάντα

207 2065 251 2097 εἰς
263 2065 358 2097 δόξαν
367 2065 441 2093 Θεοῦ
452 2067 572 2094 ποιεῖτε.
583 2067 776 2103 Καθεζόμενος
788 2070 834 2095 ἐπὶ
847 2070 1000 2106 τραπέζης,

209 2111 376 2146 προσεύχου·
393 2114 617 2148 προσφερόμενος
635 2114 681 2141 τὸν
705 2115 800 2150 ἄρτον,
817 2117 857 2152 τῷ
872 2117 999 2143 δεδωκότι

207 2157 257 2192 τὴν
271 2159 351 2193 χάριν
365 2158 538 2194 ἀποπλήρου.
554 2160 699 2195 Παρῆλθεν
722 2161 738 2197 ἡ
755 2162 835 2198 χρεία
851 2163 904 2190 τῶν
928 2163 1000 2198 βρω-

210 2203 302 2238 μάτων
317 2213 324 2236 ;
342 2205 357 2239 ἡ
376 2206 469 2239 μέντοι
490 2207 586 2242 μνήμη
603 2207 649 2233 τοῦ
677 2209 823 2244 εὐεργέτου
843 2209 880 2245 μὴ
893 2218 994 2245 παρερ-

207 2249 305 2283 χὲσθω.
322 2250 374 2276 Τὸν
393 2251 495 2285 χιτῶνα
515 2252 685 2286 ἐνδυόμενος,
719 2252 876 2288 εὐχαρίστει
899 2254 937 2290 τῷ
960 2255 1002 2281 δε-

205 2295 314 2322 δωκότι.
329 2295 365 2321 Τὸ
377 2295 484 2330 ἱμάτιον
501 2297 742 2333 περιὸαλλόμενος,
755 2299 874 2334 αῡξησον
890 2301 939 2335 τὴν
955 2301 996 2333 είς

206 2341 272 2367 Θεὸν
286 2341 408 2376 ἀγάπην,
424 2343 452 2374 ὃς
475 2344 522 2369 καὶ
543 2344 668 2379 χειμῶνι,
688 2346 734 2371 καὶ
752 2345 826 2381 θέρει
853 2347 996 2383 ἐπιτήδεια

206 2389 272 2423 ἡμῖν
295 2388 478 2424 σκεπάσματα
502 2390 661 2426 ἐχαρίσατο,
691 2392 740 2426 τήν
768 2401 797 2418 τε
816 2392 888 2428 ζωὴν
917 2393 995 2429 ήμῶν

207 2435 404 2471 συντηροῦνται,
416 2437 462 2462 καὶ
473 2437 508 2463 τὸ,
516 2436 639 2472 ἄσχημον
650 2438 873 2473 περιστέλλοντα.
897 2440 996 2476 Ἐπλη-

208 2482 282 2518 ρώθη
297 2484 312 2518 ἡ
332 2482 439 2518 ήμέρα;
453 2483 611 2519 εὐχαρίστει
626 2484 665 2520 τῷ
683 2485 728 2511 τὸν
746 2485 823 2521 ἥλιον
837 2487 878 2518 εἰς
892 2487 997 2524 ὑπηρε-

206 2529 267 2556 σίαν
281 2530 334 2556 τῶν
345 2530 483 2566 ἡμερινῶν
497 2530 584 2565 ἔργων
600 2532 776 2568 χαρισαμὲνῳ
796 2534 873 2568 ἡμῖν,
892 2533 947 2568 πῦρ
967 2534 995 2560 δὲ

206 2577 408 2612 παρασχομένῳ
422 2577 469 2603 τοῦ
487 2577 615 2612 φωτίζειν
630 2577 679 2613 τὴν
695 2577 793 2610 νύκτα,
805 2578 854 2605 καὶ
871 2580 932 2611 ταῖς
943 2579 997 2606 λοι-

206 2624 270 2654 παῖς
287 2622 391 2658 χρείαις
415 2625 474 2654 ταῖς
491 2623 562 2650 κατὰ
578 2624 623 2650 τὴν
650 2623 706 2658 βίον
734 2624 891 2659 ὑπηρετεῖν.
911 2625 995 2652 Ὂταν

205 2667 359 2703 ἀναϐλέψῃς
377 2669 444 2704 πρὸς
459 2669 583 2704 οὐρανὸν,
599 2669 728 2704 καὶπρὸς
745 2669 779 2696 τὰ
796 2669 851 2696 τῶν
871 2670 995 2705 ἀστέρων

205 2715 363 2749 ὲνατενίσῃς
378 2715 475 2750 κάλλη,
492 2715 644 2750 προσεύχου
663 2715 702 2751 τῷ
717 2710 841 2752 Δεσ³πότῃ
852 2716 908 2743 τῶν
926 2718 996 2752 ὀρω-

207 2762 305 2798 μένων,
323 2762 370 2788 καὶ
393 2761 541 2796 προσκύνει
561 2762 606 2788 τὸν
634 2761 830 2798 ἀριστοτέχνην
854 2762 909 2790 τῶν
924 2763 994 2790 ὂλων

204 2808 281 2842 Θεὸν,
300 2808 330 2840 ὃς
343 2809 372 2836 ἐν
384 2808 464 2844 σοφίᾳ
477 2808 511 2836 τὰ
526 2808 613 2835 πάντα
623 2808 762 2843 εποίησεν.

240 2905 324 2932 Ὅταν
343 2903 490 2938 περίτινος
506 2900 609 2936 ἀγαθοῦ
632 2899 827 2935 παρακαλέσῃς
845 2899 889 2927 τὸν
913 2898 991 2933 Θεὺν,

1057 276 1227 310 accepimus,
1251 281 1383 311 quantum
1406 278 1516 307 tandem
1541 285 1678 316 quaestum
1706 283 1850 315 faciemus,

1057 326 1140 348 noctu
1158 321 1260 358 diuque
1276 331 1325 358 per
1342 324 1496 353 orationem
1524 332 1552 354 ιιι
1584 328 1764 362 psalmodiam
1789 338 1851 358 cum

1057 365 1113 394 Deo
1132 367 1338 404 colloquentes!
1710 382 1718 387 ν

1091 411 1152 441 Νοη
1173 414 1295 450 vulgare,
1321 416 1370 444 sed
1399 423 1578 454 permagnum
1611 420 1712 447 bonum
1739 425 1782 449 est
1805 429 1852 456 per

1056 460 1208 489 oralionem
1223 460 1279 490 Deo
1292 468 1402 498 semper
1417 469 1447 490 se
1466 465 1670 493 commendare.

1093 545 1150 573 Non
1180 554 1294 582 parvum
1322 552 1366 576 est.
1390 548 1492 578 intimis
1519 550 1678 580 hominibus
1704 553 1747 580 vel
1766 561 1850 581 unum

1056 593 1153 620 saltent
1168 594 1282 629 gradum
1310 595 1391 623 scalae
1412 596 1548 634 virtutum
1573 598 1746 633 ascendisse,
1768 604 1851 636 atque

1057 638 1094 666 ita
1111 647 1194 675 supra
1209 644 1310 668 terram
1327 649 1357 670 se
1371 643 1529 672 sustulisse.

1092 685 1161 713 Cum
1178 687 1254 714 lucttt
1277 692 1304 715 et
1321 688 1453 724 lacrymis
1471 690 1504 717 ad
1524 691 1667 720 caelestem
1685 693 1761 721 illum
1775 701 1851 721 sum-

1056 737 1188 766 mumque
1214 733 1352 761 medicum
1384 733 1479 762 Jesum
1507 742 1541 763 ne
1565 736 1673 765 dubites
1701 738 1850 771 accedere,

1057 779 1204 815 omniaque
1221 780 1273 816 ipsi
1288 782 1388 810 anima:
1404 787 1458 811 tuae
1482 784 1597 811 vulnera
1620 785 1741 820 aperire.
1758 785 1851 821 Neque

1056 822 1128 850 enim
1143 825 1256 852 morbus
1273 826 1345 853 ullus
1360 834 1422 855 esse
1430 832 1524 862 queat,
1537 835 1618 863 quem
1631 830 1850 858 humanissimus

1058 867 1103 895 ille
1117 868 1244 898 Christus
1262 879 1317 898 non
1333 872 1474 908 dispellat.

1024 905 1044 933 Β
1095 913 1209 944 Vermes
1225 917 1309 944 animi
1325 925 1375 952 per
1392 919 1547 947 orationem
1561 924 1588 947 et
1605 921 1743 956 jejunium
1759 922 1850 951 intert-

1059 963 1168 995 tamque
1185 962 1306 997 vigiliam
1323 964 1420 992 tollere
1435 965 1470 992 de
1490 966 1581 994 medio
1598 966 1725 995 festines.

1093 1005 1150 1035 l-Ioc
1173 1009 1276 1037 reseias
1293 1010 1385 1042 velim,
1404 1017 1449 1039 me
1471 1011 1606 1046 quosdam
1624 1013 1658 1041 ad
1679 1018 1850 1042 senectutem

1057 1061 1145 1089 usque
1161 1060 1307 1089 provectos
1324 1063 1416 1089 nosse,
1432 1058 1478 1093 qui
1497 1065 1545 1093 per
1562 1060 1718 1088 orationem
1735 1064 1762 1088 et
1774 1068 1850 1096 spem

1057 1100 1141 1128 robur
1155 1101 1304 1129 maximum
1323 1102 1456 1131 divinitus
1474 1105 1614 1132 consecuti
1631 1111 1706 1134 sunt.

1091 1146 1165 1174 Nihil
1187 1154 1302 1182 prorsus
1315 1148 1372 1176 Deo
1395 1150 1528 1178 reluctari
1544 1155 1642 1186 potest,
1659 1159 1715 1179 non
1730 1155 1848 1188 tempus,

1057 1197 1111 1218 non
1130 1189 1218 1224 locus,
1235 1199 1290 1219 non
1309 1194 1450 1229 negotium
1469 1195 1568 1228 ullum,
1583 1203 1637 1223 non
1659 1197 1779 1225 fremens
1789 1198 1850 1226 dia-

1056 1236 1146 1269 bolus,
1169 1244 1223 1265 non
1243 1238 1436 1274 belligerantes
1458 1240 1608 1274 daemones,
1627 1249 1683 1269 non
1704 1243 1851 1272 inﬁrmitas

1058 1283 1142 1310 animi
1158 1284 1200 1312 vel
1220 1286 1357 1321 corporis,
1375 1295 1430 1314 non
1448 1288 1563 1317 rationis
1579 1289 1710 1324 privatio,
1738 1296 1792 1317 non
1809 1290 1850 1317 lex

1056 1330 1148 1358 carnis
1163 1334 1191 1358 et
1207 1332 1404 1365 membrorum,
1433 1334 1533 1368 quibus
1557 1335 1670 1370 gloriari
1686 1336 1756 1363 solet
1774 1336 1852 1377 Sataf

1057 1382 1107 1403 nas
1123 1381 1150 1403 et
1172 1377 1266 1410 draco,
1292 1379 1371 1414 cujus
1388 1380 1460 1408 vires
1478 1380 1506 1407 in
1531 1381 1634 1409 lumbis
1657 1382 1718 1409 sitae
1732 1381 1801 1416 sint,
1824 1387 1852 1411 et

1057 1422 1143 1450 robur
1162 1424 1367 1452 abominatione
1386 1426 1501 1460 pl‘enum
1520 1426 1548 1454 in
1574 1427 1705 1456 umbilico
1724 1429 1851 1463 ventris;

1057 1476 1113 1496 non
1130 1477 1239 1498 rursum
1257 1471 1376 1500 vitiosus
1398 1473 1591 1508 multiplicium
1610 1473 1787 1502 all’ectionum
1804 1475 1853 1503 ha-

1058 1515 1142 1547 bitus,
1160 1524 1213 1543 non
1232 1516 1362 1544 diuturna
1381 1523 1465 1553 atque
1491 1518 1642 1546 inveterata
1667 1521 1851 1549 consuetttdo.

1092 1560 1187 1595 Ejusd.
1199 1577 1226 1581 ——
1250 1561 1428 1597 Nequaquam
1440 1563 1520 1591 nobis
1537 1563 1659 1592 fovenda:
1671 1567 1852 1601 cogitationes

1056 1610 1121 1634 sunt
1138 1615 1198 1642 qum
1213 1607 1323 1635 diabolo
1338 1608 1474 1643 placeant,
1493 1610 1539 1637 sed
1554 1609 1639 1638 divini
1661 1612 1737 1640 verbi
1759 1612 1852 1647 gladio

1054 1652 1240 1687 amputandae.
1348 1662 1350 1664 ·

1090 1697 1186 1732 Ejusd.
1199 1713 1234 1718 -—
1252 1699 1349 1727 Anima
1364 1704 1460 1727 nostra
1486 1696 1555 1728 sicut
1572 1709 1666 1736 passer
1688 1707 1781 1738 erepta
1799 1708 1849 1736 est,

1054 1744 1152 1779 inquit,
1171 1745 1202 1772 de
1219 1745 1313 1780 laqueo
1338 1747 1489 1773 venantium
1506 1747 1594 1781 (Psal.
1616 1754 1713 1782 cxxttt,
1733 1748 1779 1785 '1),
1795 1749 1850 1777 ἀω-

1053 1797 1165 1817 monum
1182 1791 1298 1819 scilicet.
1312 1791 1391 1820 Velut
1411 1792 1483 1819 enim
1505 1799 1631 1827 passeres
1648 1793 1706 1821 alas
1720 1795 1850 1829 agitando

1053 1843 1137 1872 supra
1153 1839 1257 1864 terram
1275 1845 1306 1865 se
1319 1837 1467 1870 ’eﬂerunt;
1500 1838 1541 1866 sic
1570 1846 1682 1874 quoque
1702 1839 1849 1875 religiosus

1054 1881 1134 1910 homo
1150 1883 1197 1917 qui
1215 1882 1262 1910 Dei
1279 1883 1371 1911 cultor
1390 1887 1442 1916 est,
1460 1891 1509 1919 per
1533 1884 1673 1913 orationes
1691 1893 1706 1912 a
1732 1887 1848 1915 terrenis

1053 1928 1086 1955 ad
1102 1929 1226 1957 cmlestia
1242 1936 1272 1957 se
1289 1929 1433 1957 transfert.

1089 1975 1118 2003 S.
1138 1975 1225 2002 Basil.
1239 1975 1334 2003 homil.
1349 1977 1377 2003 in
1399 1976 1428 2004 S.
1445 1976 1525 2004 Julit.
1539 1976 1635 2004 ——Vim
1651 1977 1784 2006 orationis
1799 1986 1848 2006 ειν

1053 2020 1136 2055 plete.
1154 2019 1214 2047 Sive
1230 2021 1303 2048 enim
1316 2021 1467 2053 comeditis,
1484 2022 1584 2057 inquit,
1605 2023 1657 2050 sive
1671 2023 1773 2058 bibitis,
1796 2025 1849 2052 sive

1051 2065 1115 2100 quid
1134 2066 1210 2092 aliud
1226 2067 1330 2100 facitis,
1345 2068 1436 2094 omnia
1450 2067 1533 2104 472
1549 2069 1577 2095 in
1598 2068 1713 2104 gloriam
1735 2070 1785 2097 Dei
1805 2071 1848 2104 [a-

1053 2109 1103 2136 cite
1121 2109 1147 2145 (I
1163 2110 1263 2145 Conx,
1278 2112 1334 2146 51).
1351 2112 1418 2140 Cum
1435 2113 1516 2141 sedes
1531 2113 1558 2141 in
1575 2122 1684 2148 mensa,
1699 2122 1767 2148 ora;
1784 2123 1846 2144 cum

1052 2164 1151 2191 panem
1167 2158 1263 2191 sumis,
1287 2159 1390 2194 gratias
1407 2168 1455 2196 age
1470 2160 1509 2188 illi
1524 2161 1570 2196 qui
1588 2161 1708 2196 largitus
1724 2166 1776 2190 est.
1792 2162 1843 2190 Nc-

1054 2203 1169 2231 cessitas
1185 2204 1309 2233 ciborum
1325 2207 1458 2234 transiit?
1474 2210 1501 2234 at
1517 2207 1645 2235 beneﬁcii
1662 2209 1700 2235 tui
1715 2210 1846 2237 memoria

1018 2258 1039 2286 ι)
1055 2259 1108 2278 non
1123 2255 1256 2281 transeat.
1270 2254 1337 2281 Cum
1355 2255 1475 2282 tunicam
1497 2255 1600 2288 induis,
1613 2255 1740 2294 donatori
1756 2263 1848 2292 grates

1049 2297 1129 2325 habe.
1144 2298 1211 2326 Cum
1227 2304 1252 2327 te
1268 2305 1344 2328 veste
1366 2301 1483 2337 obtegis,
1509 2301 1552 2329 fac
1576 2307 1639 2330 tuus
1662 2310 1727 2338 erga
1753 2302 1838 2332 Deum

1048 2350 1125 2371 amor
1141 2350 1258 2378 crescat,
1285 2347 1331 2382 qui
1349 2347 1512 2375 indumenta
1542 2353 1568 2377 ct
1585 2349 1686 2383 aestati,
1708 2354 1735 2377 ct
1758 2350 1840 2378 hiemi

1047 2394 1254 2421 accommodata
1266 2394 1345 2421 nobis
1356 2394 1482 2429 prmbuit,
1496 2395 1598 2430 quibus
1609 2403 1671 2422 ctttn
1684 2395 1739 2422 vita
1748 2400 1840 2423 nostra

1048 2442 1236 2471 conservatur,
1260 2444 1318 2466 tum
1341 2440 1497 2468 obscenitas
1528 2446 1624 2469 nostra
1652 2441 1761 2476 tegitur.
1780 2440 1845 2467 Dies

1049 2492 1117 2519 pene
1140 2484 1249 2511 illuxit?
1269 2485 1293 2512 ei
1310 2486 1428 2520 gratiam
1447 2485 1518 2513 habe
1533 2486 1581 2520 qui
1601 2486 1693 2518 nobis,
1709 2489 1735 2513 ct
1759 2485 1843 2514 solem

1048 2531 1080 2556 ad
1100 2530 1261 2557 diurnorum
1278 2538 1392 2566 operum
1406 2531 1603 2563 ministerium,
1617 2535 1644 2559 et
1665 2532 1766 2567 ignem,
1785 2535 1842 2559 tum

1049 2575 1080 2602 ad
1098 2576 1288 2603 illustrandam
1307 2580 1428 2610 noctem,
1443 2581 1501 2604 tum
1521 2577 1554 2605 ad
1580 2577 1701 2612 reliquas
1717 2578 1780 2605 vitae
1796 2586 1843 2605 ne-

1048 2622 1191 2650 cessitates
1219 2623 1371 2658 explendas
1391 2623 1541 2652 concessit.
1568 2623 1628 2651 Nox
1647 2631 1744 2652 rursus
1773 2624 1843 2652 alias

1047 2667 1177 2702 precandi
1195 2669 1325 2696 materias
1340 2670 1505 2706 suppeditet.
1521 2669 1589 2698 Cum
1607 2669 1634 2697 in
1653 2670 1753 2698 emlum
1774 2678 1841 2698 oeu-

1048 2714 1090 2741 los
1105 2714 1218 2748 attollis,
1241 2722 1273 2742 ac
1288 2715 1409 2743 siderum
1425 2717 1657 2751 pulchritudinem
1677 2717 1781 2761 cernis,
1792 2724 1841 2744 ora

1047 2759 1192 2788 Dominum
1217 2769 1312 2789 eorum
1338 2769 1399 2797 qua:
1424 2763 1574 2796 conttteris,
1592 2767 1619 2791 et
1646 2759 1837 2798 prwstantissi-

1047 2813 1121 2833 mum
1148 2807 1270 2834 omnium
1298 2813 1389 2835 rerum
1409 2808 1539 2836 artificem
1558 2808 1656 2842 Deum,
1682 2809 1728 2844 qui
1746 2808 1840 2836 omnia

1048 2853 1185 2888 sapienter
1204 2853 1334 2886 condidit,
1357 2854 1452 2882 adora.

1084 2898 1113 2927 S.
1131 2898 1199 2926 Nili.
1218 2915 1251 2920 —
1272 2899 1340 2928 Cum
1363 2899 1429 2928 boui
1456 2899 1610 2935 eujuspiam
1640 2907 1724 2928 causa
1751 2901 1836 2928 Deum
