2056 3113
230 160 299 192 1455

826 154 855 183 S.
869 152 1031 184 JOANNIS
1051 150 1267 181 DAMASCENI

1799 144 1867 176 1436

226 220 370 262 pbseeraS,
389 222 439 242 nec
455 218 481 241 te
508 212 552 240 ille
570 212 662 240 statim
679 210 801 243 exaudit,
825 219 861 240 ne
876 213 1021 245 propterea

1083 209 1121 235 cal
1137 207 1175 244 μὴ
1192 207 1342 244 εἰσακούσῃ
1357 215 1404 233 σου
1423 206 1592 242 παραυτίκα,
1617 206 1655 241 μὴ
1679 205 1865 243 ὀλιγωρήσῃς,

1117 254 1137 262 ..ι
1251 253 1257 262 .
1306 253 1313 262 .
1394 253 1479 262 ,τηρ
1545 252 1860 262 ηινηινκιικιν...

229 254 350 296 fatiscas,
375 265 422 290 aut
443 259 544 296 pusillo
572 258 736 293 abiectaque
763 256 856 284 animo
879 255 929 284 sis.
954 254 1022 282 Fre-

228 314 345 345 quenter
356 308 429 336 cnim
444 306 471 334 id
487 304 559 341 quod
573 303 707 340 postulas,
721 303 749 330 in
767 309 888 337 praesens
901 301 952 328 tibi
967 308 1022 328 non

229 354 368 384 conducit.
384 352 488 386 Omnis,
501 350 601 386 inquit,
614 350 658 384 qui
672 349 734 383 petit
747 348 842 382 accipit
852 346 961 383 (Matth.
975 354 1021 380 vn,

229 403 266 437 8).
280 402 318 429 Ita
332 401 442 428 demum
459 401 551 426 autem
569 395 681 430 accipit,
697 395 720 423 si
736 394 782 422 illa
796 397 872 429 petat
887 400 948 429 qua:
965 392 1024 420 ani—

229 455 281 474 ma:
298 453 355 473 sua:
373 442 557 472 conducibilia
578 441 644 468 sint.

266 491 361 528 Ejusd.
378 505 411 511 --
426 490 500 517 Inter
514 488 660 519 orandum,
678 494 729 515 nec
746 494 824 522 opes,
838 492 889 513 nec
910 491 1024 520 prospe-

230 548 288 568 ram
301 537 497 569 valetudinem,
512 542 562 563 nec
577 534 698 562 hostium
715 533 848 561 ultionem
867 535 962 566 petas;
978 529 1024 558 sed

230 594 262 613 ea
282 585 417 613 duntaxat
441 589 503 618 quae
532 580 566 608 ad
599 581 696 608 animae
717 579 836 607 salutem
864 576 1025 612 adiumento

231 633 298 659 sint.
315 637 319 641 ’

267 678 336 706 Cum
355 675 426 703 male
438 678 465 702 et
478 673 561 701 noxie
577 670 681 707 aliquid
694 670 776 705 petis,
795 667 895 697 similis
910 666 1027 694 eiiiceris

233 723 338 752 homini
355 722 429 749 febre
455 719 606 750 laboranti,
629 718 676 753 qui
693 716 774 744 enixe
790 715 892 750 rogitet
915 716 945 741 ut
973 712 1027 740 sibi

234 773 327 799 vinum
363 767 531 805 porrigatur.
555 765 628 793 Deus
642 771 718 796 vero,
736 762 783 798 qui
813 762 905 789 futura
921 759 1027 795 prospi-

235 818 282 850 cit,
300 815 440 850 cupiditati
469 817 523 840 tum
550 818 654 839 morem
673 817 726 837 non
756 808 843 845 gerit,
872 813 924 834 nec
953 805 1027 841 quod

234 862 317 890 stulte
331 860 466 896 pustulas,
478 859 602 893 largitur.

1075 254 1143 290 μηδὲ
1159 253 1380 290 μικρῴυχήσῃς.
1394 253 1529 284 Πολλάκις
1543 253 1597 289 γὰρ
1611 252 1678 288 πρὸς
1691 252 1722 278 τὺ
1732 252 1821 287 παρδν
1833 252 1866 279 οὐ

1075 301 1210 336 συμφέρει
1225 309 1267 327 σοι
1281 300 1312 327 τὸ
1338 299 1452 335 αἴτημα.
1474 298 1537 332 Πᾶς
1554 300 1571 325 ό
1596 298 1688 326 αἰτῶν
1709 298 1865 333 λαμϐάνει,

1075 347 1152 383 φησί.
1171 346 1313 382 Λαμΰάνει
1329 346 1367 380 δὲ,
1387 345 1466 381 εἴπερ
1481 345 1576 380 ζητοίη
1588 344 1622 372 τὰ
1639 345 1816 380 συμφέροντα
1832 346 1867 380 τῇ

1074 393 1158 429 ψυχῇ-

1111 484 1157 520 Μὴ
1173 483 1288 511 πλοῦτον
1306 485 1334 510 ἐν
1349 484 1488 518 προσευχῇ
1505 482 1637 518 ζητήσῃς,
1655 482 1693 518 μὴ
1709 482 1814 516 ὑγείαν,
1830 482 1868 517 μὴ

1076 530 1129 557 τῶν
1145 529 1251 566 ἐχθρῶν
1275 529 1394 565 ἄμυναν,
1420 529 1460 565 μὴ
1484 529 1565 563 δόξαν
1590 528 1780 564 ἀνθρωπίνην,
1801 528 1870 555 ἀλλὰ

1079 577 1158 612 μόνον
1173 576 1207 603 τὰ
1218 575 1399 603 συντελοῦντα
1413 575 1483 611 πρὸς
1509 574 1649 610 σωτηρίαν
1663 574 1765 610 ψυχῆς.

1119 664 1183 692 Ἐὰν
1210 664 1304 696 κακῶς
1321 664 1369 691 χαὶ
1393 663 1562 698 ἀξυμφόρως
1587 663 1684 695 αἰτεῖς,
1712 662 1838 698 καθάπερ
1854 663 1871 687 ὸ

1084 711 1228 746 πυρέττων
1255 710 1400 745 ἄνθρωπος
1421 709 1577 745 παρακαλεῖ
1609 710 1764 745 παρασχεῖν
1796 709 1872 744 αὐτῷ

1078 753 1161 790 οἶνον,
1177 756 1360 793 προσϐλέπων
1376 757 1390 782 ὁ
1411 755 1478 787 Θεὸς
1490 755 1524 781 τὰ
1543 755 1687 790 μέλλοντα,
1701 755 1733 781 οὐ
1755 755 1829 782 ποιεῖ
1840 754 1872 780 τὸ

1079 804 1187 840 θέλημά
1201 811 1247 830 σου
1261 811 1267 817 ·
1284 803 1315 830 οὐ
1327 801 1442 838 παρέχει
1461 801 1510 838 τὴν
1526 801 1669 836 ἀλόγιστον
1685 802 1805 837 αἴτησιν.

268 883 317 889 ,ην
331 883 465 896 μων-η
480 883 602 893 mur-”

268 908 300 935 S.
316 905 413 934 Euseb.
427 903 623 932 —l’roditoris
637 902 713 931 Iudae
728 901 916 932 recordemur,
928 903 958 927 ut
973 906 1027 926 non

1116 893 1289 929 Μνησθῶμεν
1303 892 1351 920 τοῦ
1370 891 1503 927 προδότου
1533 891 1629 924 Ἰούδα,
1646 891 1693 918 ml.
1705 890 1743 926 μὴ
1758 890 1874 923 ἐξέλθω-

233 961 264 981 ex
277 952 393 981 ecclesia
411 952 508 988 pedem
534 950 699 978 referamus.
715 947 774 976 Hoc
797 947 872 975 enim
887 946 928 974 illi
941 945 1028 974 ruinae

233 999 340 1027 initium
356 999 418 1030 fuit,
430 997 503 1033 quod
519 996 547 1024 in
563 995 688 1023 oratione
705 1001 762 1022 non
778 991 948 1029 perstiterit.
960 991 1028 1019 Nam

234 1052 297 1073 cum
312 1044 419 1080 primus
434 1043 558 1072 omnium
573 1048 670 1077 panem
695 1039 860 1074 accepisset,
879 1037 1008 1066 discessit
1021 1046 1028 1070 ;

234 1090 383 1125 statimque
398 1089 515 1117 Satanas
527 1088 555 1115 in
573 1094 636 1114 eum
651 1085 774 1116 intravit,
790 1085 871 1119 isque
887 1083 921 1110 ad
936 1081 1030 1118 prodi-

234 1137 336 1164 tionem
359 1134 526 1171 properavit.
555 1132 704 1166 Quocirca,
733 1130 758 1158 si
786 1130 861 1165 quis,
883 1133 1030 1163 antequam

234 1182 352 1212 abeundi
368 1185 492 1218 potestas
521 1179 579 1212 fiat,
602 1178 710 1211 abierit,
738 1177 860 1210 easdem,
889 1183 921 1203 ac
945 1173 1031 1202 Judas

235 1237 330 1265 prenas
342 1227 497 1264 persolvet.
523 1225 563 1253 Ne
582 1225 666 1261 igitur
685 1223 892 1251 committamus
912 1225 942 1248 ut
967 1227 1031 1256 pro-

234 1281 297 1311 pter
311 1281 393 1302 unam
415 1275 510 1300 horam
532 1279 596 1299 eum
620 1270 689 1297 Jnda
710 1268 939 1297 condemnemur.
959 1265 1031 1294 Nihil

236 1318 316 1347 nobis
346 1316 479 1345 molestiae
501 1314 706 1351 permansionis
732 1320 809 1340 mora
835 1312 954 1339 allatura
978 1315 1030 1338 est.

235 1364 294 1392 Non
308 1367 458 1398 tempestas
473 1362 548 1389 intus
565 1365 618 1392 est,
642 1367 698 1387 non
714 1358 797 1394 ignis,
815 1365 871 1385 non
892 1357 946 1385 alia
965 1364 1030 1392 sup-

236 1406 329 1446 plicia.

271 1454 300 1482 S.
319 1452 390 1480 Nili.
403 1451 519 1479 —-Cum
541 1451 674 1478 Dominus
700 1450 726 1477 in
748 1449 905 1485 Evangeliis
925 1448 1031 1477 homini

236 1500 330 1527 dicat:
349 1497 428 1526 Omni
452 1496 549 1532 petenti
567 1500 591 1523 le
614 1495 650 1522 da
675 1495 867 1529 eleemosynam
883 1493 967 1528 (Luc.
992 1500 1030 1526 vt,

236 1544 308 1580 50);
325 1547 429 1579 quanto
447 1542 534 1578 magis
562 1541 696 1569 Dominus
722 1541 783 1576 ipse.
801 1540 916 1568 cuilibet
942 1539 1032 1567 oranti
1047 1557 1067 1587 ο

237 1590 423 1627 amplissimas
439 1586 658 1619 misericordias,
671 1591 698 1615 et
719 1590 896 1622 peccatorum
912 1586 1031 1618 veniam,

238 1637 482 1670 molestiarumque
505 1633 707 1669 depulsionem,
734 1633 789 1660 imo
809 1635 942 1660 sexcenta
959 1631 1032 1660 bona

238 1685 355 1711 daturus
369 1685 413 1709 est
426 1681 433 1708 ι

273 1728 401 1756 Christus
413 1725 536 1753 omnium
549 1724 607 1752 Rex
620 1727 648 1753 et
659 1723 742 1758 Deus,
757 1724 791 1752 iis
803 1724 850 1759 qui
867 1731 901 1752 ex
914 1730 966 1759 ope
984 1729 1033 1751 sua

238 1774 368 1810 pendent.
386 1777 412 1800 et
429 1772 526 1799 intimo
540 1774 654 1806 pectore
668 1770 866 1806 ingemiscunt,
881 1763 1034 1805 quamlibet

240 1819 333 1847 multis
357 1821 533 1853 peccatorum
565 1815 682 1844 sarcinis
706 1815 800 1843 onusti
825 1815 892 1848 sint,
920 1814 1034 1841 minime

241 1870 333 1892 tamen
349 1863 511 1891 adversatur
527 1870 534 1889 :
550 1861 619 1897 quin
641 1861 733 1896 potius
757 1860 879 1895 benigne
904 1862 1033 1894 acceptos

230 1914 348 1946 purgat,
361 1908 518 1944 adoptionis
532 1907 636 1936 donum
648 1907 688 1935 eis
703 1907 828 1942 largitur,
840 1910 869 1934 et
882 1913 1033 1942 progressu

242 1957 376 1993 temporis
386 1956 520 1984 virtutum
536 1954 649 1990 opiﬁces
670 1953 768 1982 reddit.

240 2051 322 2089 573
341 2051 490 2080 ΤΙΪΝΙΙΙ.
505 2067 545 2092 —_
555 2050 592 2078 De
619 2051 795 2086 eleemosyna,
820 2054 845 2078 et
865 2049 1035 2084 beneﬁcentia

536 2095 562 2113 tn
581 2094 718 2121 pauperes.

277 2132 356 2159 Deut.
377 2140 422 2164 xv,
443 2131 496 2159 Ἠ.
513 2146 547 2151 -
563 2140 572 2156 ι
592 2130 653 2158 Non
670 2131 758 2158 deerit
784 2138 888 2166 pauper
903 2130 931 2157 in
947 2133 1032 2158 terra.

243 2177 390 2213 Propterea
405 2184 457 2213 ego
485 2176 619 2212 praecipio
641 2176 692 2204 tibi
710 2176 799 2204 facere
814 2176 928 2204 verbum
949 2175 1034 2208 istud,

1081 951 1131 978 μεν
1145 940 1194 976 τῆς
1220 939 1382 972 ἐκκλησίας.
1411 937 1526 973 Ἐκείνῳ
1552 937 1607 973 γὰρ
1636 937 1708 972 ἀρχὴ
1732 937 1874 968 ἀπωλείας

1079 988 1186 1023 γέγονε,
1204 986 1234 1014 τὸ
1250 985 1288 1022 μὴ
1303 985 1476 1020 παραμένειν
1492 985 1526 1020 τῇ
1547 983 1624 1019 εὐχῇ.
1647 983 1744 1010 Λαϐὼν
1755 983 1811 1018 γὰρ
1827 983 1874 1010 τὸν

1081 1034 1164 1070 ἄρτον
1181 1034 1291 1067 πρῶτος
1304 1031 1358 1058 τῶν
1376 1030 1479 1058 λοιπῶν
1497 1030 1606 1066 ἐξῆλθε,
1622 1029 1671 1056 καὶ
1685 1029 1789 1061 εὐθέως
1803 1028 1874 1064 ἐχώ-

1083 1090 1166 1117 ρησεν
1183 1081 1224 1112 είς
1238 1079 1320 1107 αὐτὸν
1336 1079 1351 1105 ὁ
1372 1079 1507 1110 Σατανᾶς,
1531 1077 1580 1104 καὶ
1596 1077 1635 1108 είς
1660 1076 1710 1112 τὴν
1727 1075 1875 1111 προδοσίαν

1081 1127 1258 1154 ἐσπούδασεν.
1279 1125 1342 1152 Ἐὰν
1357 1123 1404 1152 οὖν
1412 1133 1454 1156 τις
1466 1123 1520 1159 πρὸ
1531 1124 1580 1159 τῆς
1594 1121 1754 1152 ἀπολύσεως
1765 1120 1874 1157 ἐξέλθῃ,

1080 1174 1130 1206 τὰς
1144 1173 1192 1200 τοῦ
1216 1171 1301 1200 Ὶούδα
1320 1170 1438 1202 εὐθύνας
1459 1168 1596 1196 ἀποτίσει.
1613 1168 1659 1202 Μὴ
1680 1164 1727 1194 οὖν
1743 1166 1788 1194 διὰ
1809 1165 1876 1201 μίαν

1081 1220 1156 1256 ὥραν
1173 1219 1316 1254 μέλλωμεν
1338 1217 1408 1254 μετὰ
1440 1216 1526 1243 Ἰούδα
1544 1212 1768 1250 κατακρίνεσθαι.
1790 1211 1876 1238 Οὐδὲν

1081 1267 1155 1303 ἡμᾶς
1170 1267 1287 1302 βαρήσει
1299 1266 1317 1300 ὴ
1333 1263 1480 1301 παραμονή
1491 1271 1499 1279 ·
1517 1262 1548 1289 ού
1565 1260 1705 1297 χειμῶνας
1720 1259 1794 1287 ἔνδον
1806 1258 1874 1293 ἔχει,

1081 1315 1111 1341 ού
1131 1314 1198 1349 πῦρ¹
1216 1313 1265 1348 οὐχ
1279 1312 1362 1346 ἕτερα
1375 1309 1554 1345 κολαστήρια.

1117 1442 1149 1469 El
1159 1441 1234 1476 λέγει
1244 1439 1283 1476 τῷ
1294 1439 1432 1476 ἀνθρώπῳ
1443 1439 1457 1465 ὁ
1465 1437 1568 1474 Κύριος
1578 1437 1607 1464 ὲν
1615 1437 1671 1468 τοῖς
1685 1434 1876 1470 Εὐαγγελίοις,

1082 1489 1134 1520 ὅτι.
1148 1487 1240 1516 Παντὶ
1252 1485 1292 1520 τῷ
1301 1485 1436 1514 αιτοῦντί
1444 1493 1481 1512 σε
1488 1484 1575 1512 δίδου
1585 1483 1643 1518 τὴν
1652 1482 1876 1518 ἐλεημοσύνην,

1084 1535 1174 1570 πολλῷ
1203 1533 1304 1569 μᾶλλον
1332 1531 1413 1565 αὐτὸς
1442 1533 1456 1559 ὁ
1471 1531 1576 1567 Κύριος
1593 1530 1677 1558 παντὶ
1695 1529 1734 1565 τῷ
1756 1528 1878 1564 δεομένῳ

1084 1582 1164 1609 δώσει
1180 1580 1298 1607 πλούσια
1312 1578 1348 1606 τὰ
1371 1577 1446 1613 ἑλέη,
1463 1578 1511 1605 καὶ
1528 1577 1583 1604 τῶν
1603 1575 1811 1612 ἁμαρτημάτων
1827 1574 1879 1609 τὴν

1084 1627 1193 1662 ἄφεσιν,
1208 1626 1257 1653 καὶ
1267 1624 1322 1652 τῶν
1333 1623 1464 1659 λυπηρῶν
1478 1623 1528 1658 τὴν
1547 1621 1637 1656 λύσιν,
1646 1622 1682 1649 τὰ
1696 1621 1781 1657 μυρία
1793 1620 1877 1651 καλά.

1119 1715 1238 1751 Χριστὸς
1257 1715 1272 1741 ὁ
1300 1713 1490 1749 παμόασιλεὺς
1506 1712 1574 1744 Θεὸς
1594 1711 1722 1747 οὐδαμῶς
1742 1709 1881 1744 emerge-

1085 1770 1165 1798 φεται
1181 1762 1244 1793 τοὺς
1266 1761 1337 1796 πρὸς
1360 1759 1441 1787 αύτδν
1456 1759 1618 1795 κεχηνότας,
1634 1758 1682 1785 καὶ
1702 1757 1756 1784 ἀπὺ
1776 1756 1879 1792 βάθους

1084 1808 1199 1845 καρδίας
1215 1807 1405 1840 στενάζοντας,
1432 1806 1485 1833 κᾶν
1509 1805 1619 1837 πολλοῖς
1630 1803 1812 1839 ἁμαρτήμασι
1825 1811 1877 1829 πε-

1085 1855 1262 1890 φορτισμένοι
1284 1853 1467 1888 τυγχάνωσιν,
1491 1850 1560 1879 ἀλλὰ
1583 1849 1631 1877 καὶ
1656 1849 1812 1884 προσίεται,
1829 1848 1879 1875 καὶ

1085 1899 1230 1936 καθαρίζει
1241 1898 1366 1931 τούτους,
1378 1898 1428 1933 τῆς
1442 1896 1579 1928 υἱοθεσίας
1595 1896 1723 1931 δωρεῖται
1738 1894 1877 1929 χάρισμα,

1085 1947 1132 1974 καὶ
1169 1946 1276 1982 ἀρετῶν
1312 1945 1432 1980 ἐργάτας
1459 1942 1608 1978 ἀποφαίνει
1645 1940 1788 1976 προϊόντος
1828 1938 1878 1965 τοῦ

1085 1993 1181 2029 χρόνον
1186 2013 1192 2020 .

1085 2050 1178 2078 ΤΙΤΛ.
1192 2049 1232 2076 H'.
1249 2062 1286 2069 —
1295 2047 1366 2082 Περὶ
1379 2046 1598 2085 ἐλεημοσρνης,
1611 2043 1661 2071 καί
1670 2043 1806 2075 εὐποιτας
1818 2041 1881 2070 τῶν

1414 2089 1551 2116 πτωχων.

1125 2141 1134 2157 ‹
1150 2131 1186 2158 Οὐ
1218 2130 1256 2166 μὴ
1284 2128 1398 2164 ἐκλείπῃ
1421 2127 1513 2163 ἐνδεὴς
1527 2126 1582 2154 ἀπὸ
1594 2126 1644 2162 τῆς
1659 2126 1722 2161 γῆς,
1737 2124 1787 2151 Διὰ
1799 2123 1881 2150 τοῦτο

1087 2177 1142 2212 ἐγώ
1160 2185 1200 2203 σοι
1210 2175 1368 2211 ἐντέλλομαι
1382 2175 1471 2202 ποιεῖν
1487 2174 1518 2201 τδ
1546 2173 1623 2209 ῥῆμα
1649 2172 1741 2205 τοῦτο,
1767 2171 1854 2206 λέγων
1871 2179 1878 2185 ·

243 2224 360 2251 dicens:
382 2223 517 2258 Aperiens
536 2222 645 2257 aperies
669 2230 767 2250 manus
797 2227 858 2250 tuas
883 2221 962 2250 fratri
987 2226 1032 2250 tuo

1094 2223 1223 2257 Ἀνοίγων
1251 2221 1368 2254 ἀνοίξεις
1394 2220 1444 2253 τὰς
1469 2221 1565 2256 χεῖράς
1581 2228 1627 2246 σου
1643 2218 1683 2254 τῷ
1698 2217 1805 2252 ἀδελφῷ
1819 2225 1880 2247 σου,

242 2268 357 2304 pauperi
385 2273 413 2296 et
437 2268 583 2302 indigenti.
608 2277 616 2293 ι
633 2283 665 2287 -
686 2267 711 2295 7.
732 2276 741 2292 ι
761 2266 821 2295 Non
840 2271 949 2295 avertes
977 2275 1036 2295 ma-

243 2322 309 2343 num
327 2318 402 2341 tuam
416 2321 431 2340 a
450 2312 535 2340 fratre
549 2318 606 2340 tuo.
629 2323 638 2339 ι

279 2360 359 2388 Deut.
375 2366 404 2393 ι,
421 2359 465 2387 19.
484 2373 517 2378 -
534 2368 542 2384 ι
562 2358 617 2394 Ego
631 2358 682 2386 tibi
699 2357 829 2394 praecipio
845 2366 939 2386 amare
955 2357 1037 2386 adve-

244 2415 320 2439 nam,
334 2412 362 2434 et
377 2407 443 2434 dare
459 2406 484 2434 ei
500 2413 598 2441 panem
612 2409 640 2432 et
656 2405 865 2433 vestimentum.
882 2416 895 2430 ιι

280 2453 332 2480 Job
359 2460 435 2485 xxxt,
453 2451 487 2479 3:7.
503 2455 531 2479 et
548 2451 646 2485 46-20;
665 2459 744 2486 xxxx,
761 2451 804 2480 15.
826 2467 860 2472 -
872 2450 960 2480 Janua
976 2459 1037 2479 mea

246 2499 323 2528 omni
341 2499 466 2527 venienti
482 2501 580 2534 aperta
595 2502 666 2525 erat.
682 2497 838 2526 lmbecilles
852 2505 885 2526 eo
902 2505 958 2533 quo
970 2505 1039 2532 opus

247 2545 396 2578 habebant,
416 2543 544 2572 frustrati
571 2551 626 2571 non
644 2547 709 2571 sunt
725 2553 731 2570 :
756 2543 848 2570 viduae
864 2546 958 2571 autem
973 2550 1039 2571 ocu-

247 2594 304 2620 lum
321 2599 375 2619 non
391 2588 519 2618 tabefe'ci.
537 2589 565 2616 Si
581 2592 609 2617 et
624 2596 724 2625 panem
750 2595 841 2616 meum
864 2588 972 2616 comedi
986 2589 1040 2623 Iso-

248 2639 302 2670 lus,
316 2640 344 2665 et
358 2643 414 2665 non
439 2635 577 2672 pupillum
593 2635 757 2670 participem
785 2633 845 2669 ejus
861 2633 938 2662 feci?
953 2639 1000 2662 aut
1016 2635 1039 2662 si

249 2683 362 2719 despexi
388 2682 493 2710 nudum
518 2686 689 2717 pereuntem,
711 2684 739 2708 et
756 2688 811 2709 non
833 2681 931 2709 vestivi
959 2682 1040 2709 eum?

250 2731 415 2765 impotentes
433 2733 525 2758 autem
542 2729 565 2756 si
587 2735 642 2756 non
670 2728 873 2756 benedixerunt
900 2727 988 2755 mihi?
1006 2728 1040 2756 de

251 2781 365 2804 tonsura
379 2776 471 2804 ovium
490 2782 613 2802 mearum
631 2774 762 2802 calefacti
788 2777 854 2802 sunt
869 2774 976 2802 humeri
991 2782 1040 2801 eo‘

251 2823 323 2847 rum.
340 2819 442 2848 Oculus
469 2828 544 2848 eram
571 2826 709 2848 caecorum
719 2820 777 2857 ,‘_et
796 2827 844 2856 pes
864 2819 1037 2848 claudorum.

249 2864 331 2894 Pater
347 2872 422 2907 eram
437 2865 648 2902 inﬁrmorum.)
750 2858 763 2863 ”
1013 2858 1018 2862 ”

1087 2269 1126 2305 τῷ
1142 2268 1239 2303 πένητι
1255 2266 1293 2302 τῷ
1310 2266 1489 2301 ἐπιδεομένῳ,
1514 2275 1523 2291 ι
1539 2280 1574 2285 -—-
1592 2274 1601 2290 ι
1621 2264 1678 2292 Οὐκ
1697 2262 1882 2298 ἀποστρέψεις

1086 2315 1136 2350 τὴν
1147 2313 1227 2349 χεῖρά
1244 2321 1291 2339 σου
1310 2311 1424 2339 ἐνώπιον
1439 2311 1487 2338 τοῦ
1503 2309 1630 2345 ἀδελφοῦ.
1653 2319 1661 2336 ι
1720 2309 1725 2312 ’

1127 2370 1136 2386 ι
1155 2359 1226 2394 Ἐγὼ
1238 2367 1280 2386 σοι
1300 2358 1462 2392 ἐντέλλομαι
1487 2357 1597 2392 ἀγαπᾷν
1621 2355 1668 2382 τὸν
1698 2354 1881 2391 προσήλυτον,

1087 2406 1179 2434 δοῦναι
1194 2405 1268 2441 αὑτῷ
1281 2405 1363 2441 ἄρτον
1376 2405 1423 2432 καὶ
1438 2403 1554 2440 ίμάτιον.
1570 2413 1590 2429 ι-

1126 2463 1136 2480 (
1155 2453 1189 2479 Ἦ
1206 2452 1277 2487 θύρα
1288 2460 1338 2486 μου
1361 2451 1443 2478 παντὶ
1458 2449 1563 2478 ἐλθόντι
1587 2449 1722 2485 ὴνέῳκτο.
1742 2446 1883 2475 ’Δδύνατοι

1089 2499 1184 2536 χρείαν
1198 2499 1232 2534 ἥν
1247 2507 1313 2525 ποτε
1321 2496 1405 2534 εἶχον,
1424 2497 1474 2524 οὐκ
1490 2496 1627 2531 ἀπέτυχον
1640 2503 1646 2510 ·
1668 2495 1757 2530 χήρας
1784 2493 1812 2520 δὲ
1837 2493 1884 2520 τὸν

1070 2564 1073 2567 -
1090 2546 1228 2582 ὀφθαλμδν
1241 2546 1292 2572 οὐκ
1303 2543 1428 2579 ἐξέτηξα.
1440 2543 1471 2569 Εἰ
1488 2541 1517 2568 δὲ
1527 2541 1575 2568 καὶ
1589 2541 1635 2567 τὸν
1651 2540 1734 2576 ἄρτον
1749 2547 1800 2575 μου
1817 2538 1884 2572 ἐφα-

1089 2601 1138 2628 γον
1151 2592 1242 2628 μόνος1
1258 2592 1306 2618 καὶ
1321 2590 1382 2625 οὐχὶ
1389 2589 1437 2616 καὶ
1455 2586 1566 2624 ὀρφανῷ
1577 2586 1737 2622 μετέδωκας
1755 2585 1778 2611 εί
1794 2584 1824 2611 δὲ
1836 2584 1884 2611 καὶ

1091 2638 1220 2674 παρεῖδον
1235 2637 1339 2673 γυμνὺν
1361 2635 1559 2669 ἀπολλύμενον,
1587 2633 1636 2660 καὶ
1664 2634 1715 2659 οὐκ
1738 2631 1882 2666 ὴμφίασα;

1091 2685 1217 2712 ἀδύνατοι
1240 2683 1269 2710 δὲ
1300 2683 1329 2713 εί,
1351 2681 1389 2718 μὴ
1416 2679 1572 2716 ηὑλόγησάν
1587 2687 1637 2715 με,
1660 2677 1714 2705 ἀπὸ
1736 2677 1765 2704 δὲ
1783 2677 1884 2711 κουρᾶς

1091 2729 1186 2765 ἀμνῶν
1202 2728 1253 2763 μοῦ
1269 2727 1476 2764 ἐθερμάνθησαν
1503 2726 1528 2752 οἱ
1554 2721 1625 2760 ὦμοι
1643 2723 1743 2750 αὐτῶν.
1765 2721 1877 2757 Ὀφθαλ-

1093 2775 1141 2811 pb;
1152 2775 1226 2810 ήμην
1237 2774 1356 2809 τυφλῶν,
1371 2773 1438 2805 ποῦς
1453 2772 1478 2800 δὲ
1491 2771 1602 2807 χωλῶν⁸
1621 2770 1676 2805 ἐγὼ
1697 2769 1772 2806 ἤμην
1788 2768 1885 2803 Πατὴρ

1092 2821 1239 2850 ἀδυνάτων.
1262 2831 1271 2847 ι
