2073 3112
214 110 281 143 145Ἰ

254 177 264 194 α
291 169 319 195 Ὀ
334 166 437 197 δίκαιος
449 164 591 199 οἱκτείρει,
607 161 651 203 ata‘t
664 160 766 189 δίδωσι-
791 169 801 186 ι

253 266 262 283 ι
279 255 424 291 Μακάριος
441 254 456 281 6
470 251 570 281 συνιὼν
593 251 641 278 ἐπὶ
653 249 767 286 ξπτωχδν
792 249 840 276 καὶ
857 248 974 284 πένητα.
996 257 1007 273 ›

255 355 264 372 ο
278 345 405 382 Χρηστδς
417 343 487 380 ἀνὴρ
502 343 517 370 6
529 342 674 378 οῑκτείρων
695 343 743 369 καὶ
764 341 868 377 κιχρῶν
880 349 888 356 ·
913 340 1012 376 ὲσκόρο

217 400 306 424 πισεν,
322 391 433 423 ἔδωκεν,
454 399 464 417 ι
476 389 525 417 καὶ
537 389 572 416 τὰ
583 388 676 416 λοιπά.

254 448 264 464 ι
281 437 482 473 Ἐλεημοσύναι
495 435 541 464 καὶ
561 435 654 466 πίστις
675 434 712 470 μὴ
735 433 941 461 ἒκλειπέτωσάν
962 441 1010 460 σε·

215 483 320 519 ἔφαψαι
339 483 369 510 δὲ
377 482 462 513 αὐτὰς
474 481 522 509 ἐπὶ
533 480 572 515 σῷ
586 480 726 516 τραχήλῳ,
743 479 792 507 καὶ
807 479 938 515 εὑρήσεις
962 479 1012 514 χά-

219 538 271 566 ριν.
283 530 330 565 Μὴ
341 528 450 565 ἀπόσχῃ
461 527 581 555 εὐποιετν
594 527 690 558 ἐνδεεῖ,
708 526 790 562 ἡνίκα
802 525 836 553 ἂν
857 525 907 562 ἔχῃ
919 526 937 561 ἡ
949 525 1012 561 χείρ

218 584 265 602 σου
281 574 399 610 βοηθεῖν.
410 573 456 608 Μὴ
472 572 553 609 εἴπῃς
564 580 571 588 ·
589 570 728 599 ’Δπελθὼν
747 571 941 610 ἐπανῆκε,καὶ
963 571 1012 598 αὖ-

218 608 378 656 ριονδόισω,
391 618 508 646 δυνατοῦ
525 608 573 645 σου
586 617 662 650 ὄντος
676 608 807 645 εὐποιεϊν.
818 617 857 644 Οὐ
870 616 925 654 γὰρ
938 615 1012 650 οῖδας

216 664 242 691 τι
259 663 367 697 τέξεται
381 664 398 699 ἠ
412 662 537 690 ἐπιοῦσα.
552 672 562 689 ι

255 763 265 780 ι
275 753 393 788 Εὐλογία
408 753 449 785 είς
461 753 585 789 κεφαλὴν
602 753 650 780 τοῦ
667 753 864 790 μεταδιδόντος.
884 754 924 790 τῇ
939 753 1012 790 ψυχῇ

217 799 302 828 αὑτοῦ
314 800 477 835 ἀγαθοποιεῖ
489 799 560 836 ἀνὴρ
576 799 711 836 ἐλεήμων.
728 809 738 826 ι

257 899 267 915 ι
284 890 388 926 Δύτρον
402 890 491 926 ψυχῆς
507 889 615 926 ἀνδρὸς,
631 891 645 918 6
662 891 730 923 ῐδιος
755 890 890 923 πλοῦτος.’
909 890 1016 918 Δίκαιοι

218 935 384 971 οἰκτείρουσι
404 935 451 964 καὶ
466 935 598 965 ἐλεοῦσιν.
612 945 623 962 ι

258 1034 267 1050 ι
293 1025 324 1052 '0
332 1024 416 1053 ἐλεῶν
433 1025 554 1061 πτωχὸν,
568 1026 783 1066 μακαριστός.)

240 1162 246 1169 ν
258 1125 268 1141 ι
292 1115 478 1152 Ἐλεημοσύνῃ
492 1116 540 1143 καὶ
552 1116 676 1143 πίστεσιν
684 1115 1016 1152 ἀποκαθαίρονταιὰμαρ-

219 1170 286 1189 τιαι.
308 1172 317 1188 Ι

258 1218 268 1235 ι
287 1209 316 1236 Ὁ
329 1208 578 1245 σπλαγχνιζόμενος
594 1209 782 1246 ὲλεηθήσεται.
797 1220 808 1236 ι

260 1309 269 1326 ι
292 1298 322 1327 '0
350 1299 433 1326 ἐλεῶν
459 1299 584 1334 πτωχὸν,
612 1299 732 1331 δανείζει
753 1299 832 1336 Θεῷ”
847 1299 918 1327 κατὰ
942 1300 1018 1328 δὲτὸ

221 1346 292 1381 δόμα
300 1345 384 1373 αὐτοῦ
395 1345 582 1373 ἀνταποδώσει
597 1345 682 1382 αὐτῷ.
703 1355 713 1372 ι

260 1392 353 1419 «Ὅσοι
367 1391 468 1419 διδοῦσι
483 1391 614 1428 πτωχοῖς,
631 1391 681 1418 οὐκ
695 1390 915 1428 ὲνδεηθήσονται.
933 1401 943 1418 ι

854 103 973 134 SACRA
993 93 1236 132 PARALLELA.‘

1785 80 1856 112 1458

1093 152 1173 181 Ρειιι.
1189 157 1283 182 xxxvt,
1303 147 1349 175 9.1.
1364 161 1400 167 —-
1416 155 1425 172 ι
1448 144 1545 173 .lustus
1568 141 1726 173 miseretur,
1749 144 1777 166 et
1801 137 1852 164 tri-

1062 198 1173 273 mgni.
1199 251 1244 276 ιι,
1277 235 1379 270 ι.;‹
1411 238 1513 266 Beatus
1539 236 1586 272 qui
1613 231 1756 269 intelligit.
1770 237 1854 266 super

1063 299 1180 329 egenum
1195 294 1223 319 et
1237 294 1398 326 pauperem.
1417 295 1427 312 ι

1097 338 1174 366 Psal.
1188 345 1230 370 ιιι,
1245 336 1290 364 15.
1301 349 1338 358 -
1353 343 1363 360 ι
1381 331 1527 360 Iucundus
1546 329 1629 357 homo
1645 327 1692 362 qui
1708 326 1854 353 miseretur

1063 387 1091 412 et
1107 381 1282 414 commodat;
1309 377 1452 414 dispersit,
1475 375 1553 403 dedit
1568 371 1751 409 pauperibus,
1767 378 1777 396 ι
1796 373 1851 397 etc.

1101 428 1180 456 Prov.
1196 435 1237 460 ιιι,
1253 427 1281 460 '5,
1297 425 1325 458 4,
1339 424 1385 457 27,
1401 422 1448 450 9.8.
1464 436 1500 442 —
1517 430 1526 446 ι
1543 419 1732 454 Eleemosynae
1745 419 1773 443 et
1789 414 1856 460 ﬁdes

1063 479 1091 503 te
1106 481 1162 502 non
1175 459 1308 501 deserant
1323 478 1331 498 ι
1348 469 1431 505 alliga
1449 474 1498 495 eas
1515 465 1587 494 collo
1608 467 1668 497 tuo,
1684 466 1712 490 et
1731 459 1856 489 invenies

1064 521 1193 557 gratiam.
1217 517 1258 546 Ne
1280 516 1394 545 desinas
1419 512 1585 542 benefacere
1598 507 1744 544 indigenti,
1765 513 1853 542 quan-

1065 550 1113 594 δία
1125 569 1218 601 potest
1239 569 1339 591 manus
1357 563 1406 588 tua
1431 557 1560 586 auxiliari
1577 556 1612 584 ei.
1631 554 1672 582 Ne
1690 553 1786 581 dicas:
1801 550 1854 578 Rc-

1065 597 1144 640 diens
1171 612 1326 642 revertere,
1353 610 1381 635 et
1408 612 1472 634 cras
1499 603 1570 631 dabo
1595 601 1657 633 tibi.
1679 606 1741 628 cum
1759 597 1853 626 statim

1064 657 1157 694 possis
1173 655 1348 684 benefacere.
1365 652 1425 680 Non
1441 650 1516 679 enim
1534 649 1592 678 scis
1607 646 1675 683 quid
1703 651 1855 681 superven-

1066 709 1127 733 tura
1145 703 1236 738 pariet
1251 701 1320 730 dies.
1338 709 1349 727 ›

1103 750 1184 778 Prov.
1210 757 1250 782 ιι,
1271 747 1319 781 26,
1345 745 1389 773 l7.
1403 760 1439 765 —
1454 752 1463 770 ‹
1493 739 1650 770 Benedictio
1674 744 1756 773 super
1774 739 1858 782 caput

1066 797 1142 825 illius
1156 795 1202 832 qui
1224 781 1423 823 communicat.
1452 788 1559 817 Anima:
1581 793 1640 815 suae
1662 782 1801 813 benefacit
1816 781 1858 807 vir

1029 832 1051 859 Β
1067 842 1240 871 misericors.
1264 850 1274 866 ι

1105 889 1190 916 Prov.
1215 893 1277 919 xm,
1309 884 1384 912 8.—
1401 892 1410 908 ι
1433 878 1599 915 Redemptio
1623 876 1721 904 animae
1735 873 1798 907 viri,
1815 871 1857 899 di-

1067 934 1144 963 vitiae
1158 940 1228 961 suae.
1246 930 1321 959 Iusti
1339 931 1521 959 miserantur,
1542 928 1570 953 et
1584 923 1787 957 eleemosynam
1801 922 1858 946 lar-

1068 982 1190 1018 giuntur.
1209 988 1220 1006 ι
1822 1008 1830 1015 θ

1103 1026 1186 1053 Prov.
1218 1031 1277 1056 xxv,
1308 1022 1429 1050 H.—(
1463 1017 1516 1051 Qui
1541 1016 1689 1044 miseretur
1718 1016 1858 1046 pauperis,

1069 1073 1167 1102 beatus
1181 1068 1314 1098 dicendus
1331 1072 1384 1096 est.
1403 1075 1414 1093 ι
1644 1096 1652 1104 ,

1106 1118 1186 1146 Prov.
1205 1124 1252 1150 xv,
1269 1115 1312 1143 17.
1326 1128 1362 1134 -
1377 1121 1386 1138 α
1405 1107 1597 1139 Misericordia
1612 1101 1702 1134 et'lide
1716 1101 1858 1130 redimun-

1069 1170 1114 1194 tur
1131 1167 1257 1200 peccata.
1273 1171 1283 1187 ι

1104 1193 1185 1237 Prov.
1209 1215 1279 1242 χιιι,
1303 1206 1332 1234 5.
1347 1220 1384 1226 —
1398 1213 1408 1231 ι
1429 1201 1482 1236 Qui
1512 1200 1671 1230 miseratur,
1698 1193 1859 1223 misericor-

1069 1257 1143 1286 diam
1160 1257 1359 1290 consequetur.
1376 1262 1386 1279 ι

1104 1303 1185 1331 Prov.
1197 1288 1354 1335 xtx,_l7.—
1366 1308 1377 1325 ι
1391 1297 1447 1326 Deo
1463 1295 1605 1332 teneretur
1627 1290 1676 1327 qui
1710 1288 1861 1316 miseretur

1069 1349 1220 1387 pauperis;
1236 1333 1263 1376 et
1279 1347 1361 1383 juxta
1375 1345 1481 1373 donum
1500 1347 1582 1371 suum
1605 1336 1744 1367 retribuet
1760 1333 1797 1362 ei.
1815 1341 1826 1358 ι

1104 1379 1184 1424 Prov.
1207 1379 1307 1427 im},
1330 1393 1376 1420 l7.
1390 1407 1426 1413 —
1442 1399 1452 1417 ι
1468 1389 1633 1423 Quicunque
1651 1385 1719 1413 dant
1733 1379 1862 1418 pauperi-

1068 1442 1133 1474 bus,
1148 1448 1207 1469 non
1223 1438 1396 1474 indigebunt.
1413 1446 1423 1463 ι

261 1489 271 1533 I‘
301 1479 583 1533 Ὀδρςῃδικαιοσῠνης
610 1480 658 1507 καὶ
687 1480 874 1516 ἔλεημοσῦνης
905 1480 1016 1517 εὑρήσει

1106 1471 1187 1514 Prov.
1203 1493 1261 1518 xxi,
1285 1471 1333 1511 il.
1348 1498 1384 1506 -
1401 1491 1411 1508 ι
1428 1480 1480 1508 Via
1495 1478 1611 1516 iustitiae
1630 1471 1862 1504 etmisericordiat

222 1524 294 1561 ζωὴν
310 1525 358 1551 καὶ
373 1524 462 1557 δόξαν.
484 1534 494 1550 ι

260 1580 269 1597 ε
286 1570 388 1606 Ἀνδρα
405 1570 497 1606 ίλαρδν
511 1571 558 1598 καὶ
572 1571 653 1607 δότην
664 1571 760 1607 ἀγαπᾷ
775 1572 789 1598 6
806 1571 883 1605 Θεός.
903 1581 913 1598 ι

263 1671 272 1686 ι
288 1661 346 1688 Πᾶν
362 1660 376 1688 ὃ
394 1661 442 1688 ἐὰν
459 1659 528 1697 εὕρῃ
539 1661 600 1696 χείρ
617 1669 664 1688 σου
675 1660 722 1688 τοῦ
750 1661 874 1696 ποιῆσαι,
903 1661 953 1697 ὅση
977 1660 1019 1688 δύ-

223 1706 306 1743 ναμίς
319 1715 366 1733 σου
377 1707 501 1742 ποίησον.
521 1716 530 1733 ι

291 1753 399 1787 Ἔγνων
423 1754 465 1780 δτι
493 1752 544 1779 οὐκ
561 1751 635 1780 ἔστιν
654 1752 757 1787 ἀγαθὸν
774 1753 804 1781 ὲν
817 1753 921 1787 αὐτοῖς,
937 1754 962 1781 εί
980 1754 1018 1790 μὴ

224 1799 273 1826 τοῦ
288 1798 547 1836 εὐφρανθῆναι,καὶ
565 1798 613 1826 τοῦ
633 1799 746 1836 ποιῆσαι
771 1799 875 1835 ἀγαθὸν
906 1800 936 1828 ὲν
960 1800 1017 1837 ζωῇ

223 1845 318 1873 αὑτοῦ.
339 1854 348 1872 ι

262 1901 272 1919 ι
291 1892 329 1919 Τδ
339 1892 428 1928 ιιρῖμά
437 1900 489 1927 μου
503 1892 541 1924 ὡς
556 1892 623 1927 φλὸξ
645 1892 830 1926 ἐξελεύσεται,
854 1892 921 1920 διότι
944 1891 1018 1920 ἔλεον

224 1937 304 1971 θέλω,
320 1937 369 1964 καὶ
377 1937 407 1964 οὐ
420 1936 528 1964 θυσίαν.
544 1945 554 1963 ›

262 2038 272 2055 ι
287 2027 444 2064 meum:
467 2027 597 2055 πεινῶντι
619 2027 666 2054 τὸν
682 2027 779 2061 ⁹ἄρτον
796 2035 857 2060 σου,
876 2027 924 2054 καί¹
947 2035 1020 2054 πτω-

211 2076 288 2112 .χοὺς
303 2075 438 2110 ἀστέγους
450 2074 584 2110 εἰσάγαγε
595 2074 637 2107 είς
650 2074 697 2102 τὸν
710 2072 785 2102 οἶκόν
797 2083 856 2102 σου.
879 2073 945 2101 Ἐὰν
963 2074 1020 2110 ἴδῃς

224 2123 339 2159 γυμνὸν,
352 2122 496 2158 περίϐαλε.
510 2121 573 2150 Ἐὰν
587 2121 640 2157 δῷς
653 2121 783 2149 πεινῶντι
804 2120 852 2149 τὸν
874 2121 957 2157 ἄρτον
972 2129 1020 2147 σου

1068 1531 1190 1560 inveniet
1204 1531 1291 1558 vitam
1305 1532 1335 1557 et
1349 1527 1477 1565 gloriam.
1498 1535 1508 1552 ι

1103 1575 1184 1604 Prov.
1209 1582 1280 1607 ιιιι,
1305 1573 1333 1601 8.
1349 1563 1386 1593 ὲ-
1404 1580 1413 1598 ι
1432 1569 1530 1598 Virum
1555 1568 1673 1596 hilarem
1693 1568 1724 1592 et
1735 1563 1860 1591 datorem

1068 1621 1161 1657 diligit
1175 1620 1262 1649 Deus.
1281 1627 1292 1645 ι

1104 1655 1194 1695 Erae.
1208 1674 1247 1701 ix,
1261 1665 1306 1693 10.
1323 1679 1359 1684 —
1376 1672 1386 1689 ι
1405 1661 1599 1696 Quodcunque
1611 1655 1749 1686 invenerit
1763 1659 1862 1681 manus

1069 1717 1115 1742 tua
1131 1713 1166 1741 ad
1181 1711 1353 1744 faciendum,
1370 1716 1421 1745 pro
1441 1708 1516 1736 virili
1531 1706 1625 1734 facito.
1643 1714 1652 1731 ι

1106 1759 1193 1787 Eccle.
1212 1766 1255 1792 ιιι,
1271 1757 1316 1785 12.
1329 1771 1366 1777 ——
1384 1765 1394 1783 ι
1414 1753 1537 1790 Cognovi
1552 1751 1628 1788 quod
1651 1757 1707 1778 non
1723 1753 1798 1777 esset
1811 1749 1861 1777 bo-

1069 1814 1134 1835 num
1147 1806 1177 1834 in
1197 1805 1263 1838 illis,
1288 1803 1342 1832 nisi
1357 1801 1458 1835 laetari,
1482 1802 1510 1828 et
1526 1799 1618 1826 facere
1637 1796 1742 1824 bonum
1758 1795 1787 1822 in
1803 1794 1861 1822 vita

1070 1860 1130 1881 sua.
1146 1861 1156 1878 I

1106 1899 1174 1927 Osee
1198 1905 1236 1931 νι,
1254 1896 1281 1924 6.
1299 1910 1333 1915 —
1347 1904 1357 1921 ί
1376 1893 1516 1922 Judicium
1533 1891 1633 1919 'meum
1656 1889 1731 1918 sicut
1753 1887 1862 1915 ﬂamma

1069 1944 1232 1982 egredietur
1247 1952 1253 1970 :
1271 1941 1408 1978 quoniam
1425 1937 1651 1979 misericordiam
1670 1935 1744 1968 volo,
1766 1938 1794 1962 et
1804 1941 1859 1961 non

1070 1989 1252 2021 sacriﬁcium.
1270 1997 1280 2015 ι

1107 2037 1166 2065 Ira.
1193 2043 1270 2069 Lvm,
1294 2034 1323 2068 7,
1340 2033 1368 2062 8.
1385 2039 1442 2057 —I
1461 2029 1571 2066 Frange
1596 2027 1733 2058 esurienti
1760 2033 1861 2062 panem

1071 2088 1161 2116 tuum,
1190 2085 1219 2110 et
1243 2086 1347 2116 egenos
1375 2077 1437 2106 sine
1458 2079 1534 2104 tecto
1556 2073 1687 2102 introduc
1704 2073 1732 2101 in
1748 2072 1861 2100 domum

1073 2135 1159 2158 tuam.
1185 2127 1215 2156 Si
1239 2126 1343 2155 videris
1355 2123 1486 2158 laudum.
1511 2122 1590 2158 operi
1613 2127 1688 2149 eum.
1705 2118 1735 2147 Si
1751 2117 1864 2146 dederis

221 2169 256 2196 ,ἐκ
269 2168 369 2204 ψυχῆς,
380 2168 427 2195 καὶ
441 2167 530 2203 ψυχὴν
543 2167 782 2203 τεταπεινωμένην
792 2166 946 2202 ὲμπλήοῃς,
960 2166 1018 2193 τότε

1074 2173 1209 2203 esurienti
1233 2179 1331 2208 panem
1348 2175 1428 2198 tuum
1445 2176 1479 2197 ex
1494 2168 1600 2201 animo,
1617 2170 1645 2196 et
1666 2165 1788 2194 animam
1807 2163 1863 2191 lut-

224 2214 349 2241 ἀνατελεῖ
361 2215 390 2241 ὲν
407 2214 446 2249 τῷ
457 2214 550 2241 σκότει
562 2213 594 2240 τδ
606 2213 665 2248 φῶς
676 2221 733 2246 σου,
749 2212 797 2240 καὶ
807 2212 838 2239 τδ
851 2212 948 2244 σκότος
971 2220 1019 2239 σου

223 2259 262 2291 ὡς
291 2260 461 2296 μεσημϐρία,
477 2260 526 2287 καὶ
540 2260 616 2287 ἔσται
630 2259 721 2291 ὸΘεδς
736 2259 805 2295 μετὰ
819 2259 867 2286 σοῦ
890 2258 935 2286 διὰ
956 2267 1022 2285 παν-

223 2304 279 2337 τός.
296 2314 306 2331 ι

263 2359 272 2376 ι
287 2351 416 2384 Βασιλεῦ,
436 2352 453 2387 ή
469 2351 552 2387 βουλή
569 2359 621 2387 μου
638 2350 766 2386 ἁρεσάτω
781 2359 822 2378 σοι
839 2358 847 2367 ·
864 2349 914 2382 τὰς
929 2351 1020 2387 ἁμαρ-

225 2397 288 2430 τίας
301 2406 348 2425 σου
363 2399 392 2425 ὲν
405 2398 602 2434 ἑλεημοσύναις
612 2399 763 2434 λύτρωσαι,
779 2398 826 2425 καὶ
839 2397 889 2431 τάς
904 2398 1021 2433 ἀνομίας

226 2450 285 2472 σου.
304 2443 333 2469 έν
343 2444 496 2478 οίκτιρμοῖς
513 2443 648 2479 πενήτων.
669 2452 678 2469 ι

266 2498 274 2513 ι
296 2489 398 2521 Παντὸς
414 2489 588 2525 δυνατωτέρα
604 2489 704 2526 ἐστὶνὴ
717 2489 854 2517 εὐσέϐεια.
871 2499 881 2515 ›

263 2598 273 2616 ι
293 2589 353 2626 Πῦρ
368 2589 566 2626 φλογιζόμενον
578 2590 744 2618 κατασῦέσει
764 2590 847 2627 ὕδωρ,
874 2591 921 2618 καὶ
947 2591 1023 2626 ἐλεη-

228 2635 331 2671 μοσύνη
347 2636 485 2669 ἐξιλάσκει
500 2636 649 2672 ἁμαρτίας.
669 2646 679 2663 ι

264 2691 274 2708 ε
294 2682 406 2715 Τέκνον,
420 2682 470 2718 τὴν
486 2683 558 2718 ζωὴν
574 2682 621 2710 τοῦ
636 2683 746 2718 πτωχοῦ
764 2683 802 2719 μὴ
816 2684 1022 2719 ἀποστερήσῃς,

225 2726 274 2754 καὶ
293 2727 330 2763 μὴ
348 2727 526 2765 παρελκύσῃς
543 2729 702 2764 ὀφθαλμοὺς
717 2729 764 2756 ἐπὶ
783 2729 894 2761 ἐνδεεῖς.
926 2729 1022 2765 Ψυχὴν

228 2772 368 2800 πεινῶσαν
385 2773 423 2810 μὴ
447 2773 584 2810 λυπήσῃς,
605 2775 655 2801 καὶ
684 2774 721 2810 μὴ
747 2774 925 2811 παρελχύσῃς
949 2775 1022 2802 δόσιν

228 2819 414 2855 ἑπιδεομένου.
435 2820 480 2857 Μὴ
499 2821 674 2858 ἀποστρέψῃς
690 2821 721 2849 τὺ
736 2822 881 2857 πρόσωπόν
906 2830 951 2849 σου
969 2821 1023 2850 ἀπὸ

1072 2220 1207 2248 miliatam
1234 2217 1381 2247 satiaveris
1404 2227 1412 2245 :
1442 2221 1510 2245 tunc
1536 2215 1645 2243 orietur
1676 2213 1706 2240 in
1737 2209 1862 2239 tenebris

1073 2266 1166 2294 lumen
1197 2269 1286 2298 tuum,
1305 2268 1332 2292 et
1349 2263 1471 2291 tenebrae
1493 2265 1550 2289 tua:
1573 2260 1647 2288 sicut
1668 2257 1811 2291 meridies,
1838 2260 1866 2284 et

1073 2313 1252 2340 Deustecum
1270 2311 1322 2339 erit
1335 2313 1480 2345 perpetuo.
1496 2317 1506 2335 ι

1108 2357 1180 2386 Dan.
1196 2365 1235 2391 iv,
1247 2356 1331 2384 ‘26.—
1350 2365 1359 2383 ι
1378 2355 1449 2388 Rex,
1464 2354 1614 2382 consilium
1639 2358 1730 2380 meum
1745 2350 1791 2378 tibi
1807 2349 1864 2385 pla—

1073 2407 1134 2432 ceat
1144 2411 1151 2430 :
1162 2401 1344 2438 eleemosynis
1358 2404 1471 2436 peccata
1482 2403 1530 2427 tua
1542 2398 1658 2432 redime,
1667 2401 1694 2425 et
1704 2395 1866 2431 iniquitates

1074 2456 1137 2480 tuas
1155 2451 1182 2479 in
1200 2450 1431 2479 miserationibus
1449 2455 1615 2484 pauperum.
1631 2443 1645 2474 ἰ

1108 2498 1192 2535 474
1214 2497 1278 2533 Sap.
1308 2505 1336 2530 τ,
1360 2495 1404 2523 l2.
1421 2510 1457 2516 —
1481 2504 1491 2521 ι
1508 2493 1613 2528 Quavis
1638 2500 1668 2520 re
1700 2490 1797 2518 fortior
1824 2494 1865 2517 est

1073 2545 1170 2582 pietas.
1191 2553 1202 2570 ι

1110 2591 1194 2619 Eccli.
1212 2598 1254 2624 ιιι,
1281 2589 1326 2618 50.
1341 2604 1376 2609 -
1391 2598 1400 2615 ι
1417 2588 1510 2624 Ignem
1537 2585 1680 2614 ardentem
1709 2583 1864 2619 exstinguit

1075 2646 1146 2675 aqua
1163 2647 1170 2666 :
1188 2642 1216 2666 et
1232 2637 1408 2672 eleemosyna
1425 2633 1520 2669 expiat
1537 2636 1664 2669 peccata.
1685 2641 1694 2657 ι

1111 2685 1196 2713 Eccli.
1210 2692 1249 2717 iv,
1268 2684 1293 2717 Ι,
1308 2683 1336 2715 2,
1352 2683 1379 2715 5,
1395 2682 1460 2709 8.-—
1474 2690 1483 2707 ι
1502 2679 1568 2712 Fili,
1579 2679 1664 2707 vitam
1684 2677 1815 2714 pauperis
1831 2684 1866 2704 ne

1075 2730 1243 2763 defraudes;
1265 2733 1292 2756 et
1316 2727 1414 2756 oculos
1433 2731 1495 2754 tuos
1512 2733 1546 2753 ne
1571 2727 1745 2752 transvenas
1767 2730 1782 2749 ιι
1797 2729 1866 2757 putt-

1074 2783 1149 2812 pere.
1178 2774 1307 2802 Animam
1338 2773 1507 2803 esurientem
1533 2777 1568 2798 nc
1586 2770 1751 2804 contristes,
1776 2777 1866 2806 neque

1075 2821 1222 2852 abstralias
1249 2821 1353 2851 donum
1369 2820 1532 2859 indigenti.
1562 2820 1606 2858 Ne
1634 2823 1743 2858 avertas
1770 2817 1868 2849 oculos
