2073 3112
221 94 284 127 HG]

853 89 973 120 SACRA
993 87 1223 132 PARALLELA.

1787 87 1797 119 1
1808 87 1854 119 itii

217 153 273 186 γάρ
283 150 357 176 ἐστιν
368 149 384 176 ὁ
397 147 532 184 θησαυρὸς
547 147 703 184 ὖμῶν,ὲκεῖ
714 147 760 173 καὶ
776 147 792 181 ἡ
820 146 918 182 καρδία
937 144 1002 180 ὐμῶ·

1067 142 1180 177 rumpit.
1209 140 1260 168 Ubi
1289 139 1364 168 enim
1396 139 1544 167 thesaurus
1566 143 1656 167 vester
1685 144 1736 174 est,
1766 141 1803 169 ibi
1830 148 1855 171 et

217 197 303 223 ἔσται.
323 205 332 221 ι

254 250 265 268 ι
283 241 396 274 Ἔλεγεν
418 241 432 267 ὁ
449 240 551 275 Κύριος
574 240 612 274 τῷ
636 239 781 274 κεκληκότι
797 238 877 265 αὐτόν
891 246 900 279 _-
927 238 1011 264 Ὅταν

217 288 296 322 ποιῇς
309 286 447 321 ἄριστονῆ
463 286 581 318 δεῖπνον,
600 286 636 322 μὴ
646 285 729 320 φώνει
751 285 815 317 τοὺς
835 285 927 319 φίλους
951 293 1009 316 σου,

216 333 284 369 μηδὲ
298 332 422 367 γείτονας
445 331 600 364 πλουσίους,
625 332 693 367 μηδὲ
714 332 776 363 τοὺς
792 332 932 365 συγγενεῖς
952 340 1010 363 σου,

217 379 282 414 μηδὲ
298 379 361 411 τοὺς
377 377 508 412 ἀδελφούς
524 387 581 410 σου,
609 379 713 414 μήποτε
734 378 781 405 καὶ
796 377 872 404 αὐτοί
891 386 920 404 σε
936 377 1010 405 ἀντι-

214 423 360 456 καλέσωσι,
376 423 423 450 καὶ
438 423 581 459 γενήσεταί
599 432 639 451 σοι
653 423 837 458 ἀνταπόδομα.
861 422 932 450 ’Λλλ’
946 423 1009 450 ὅταν

214 470 292 505 ποιῇς
305 470 398 504 δοχὴν,
416 470 493 497 κάλει
510 470 644 505 πτωχοὺς,
659 470 828 507 ἀναπήρους,
843 470 948 506 χολοὺς,
963 479 1009 497 τυ-

213 515 296 549 φλούς
309 523 318 532 ο
335 515 383 542 καὶ
394 516 529 551 μακάριος
539 516 600 552 ἔσῃ,
612 517 652 542 ὅτι
667 517 716 543 οὐκ
726 516 832 551 ἔχουσιν
842 517 1009 544 ἀνταποδοῦ-

212 561 256 587 ναί
270 569 320 588 σοι.
337 562 596 599 Ἀνταποδοοήσεται
621 563 674 598 γάρ
697 571 738 590 σοι
755 564 784 590 ἐν
798 565 831 599 τῇ
860 564 1008 592 ἀναστάσει

212 607 268 634 τῶν
280 607 402 635 δικαίων.
418 617 427 634 ι

250 663 260 679 ι
277 654 359 680 Αὑτοὶ
368 653 529 688 γινώσκετε.
549 655 590 681 ὅτι
614 656 674 686 ταῖς
684 655 789 690 χρείαις
813 665 872 691 μου,
886 657 938 689 ,καὶ
953 658 1006 689 τοῖς

212 697 271 726 οὖσι
287 700 346 734 μετ’
372 700 440 735 ἐμοῦ
458 700 634 736 ὑπηρέτησαν
662 702 689 728 αἱ
715 702 806 737 χεῖρές
833 711 896 737 μου.
916 703 1007 730 Πάντα

212 746 339 779 ὑπέδειξα
359 747 433 782 ὑμῖν,
450 747 490 773 ὅτι
509 747 596 778 οὕτως
613 748 765 780 κοπιῶντας
784 748 825 775 δεῖ
839 749 1006 785 ἀντιλαμϐά-

211 792 303 819 νεσθαι
316 793 371 819 τῶν
387 793 580 823 ἀσθενούντων.
609 794 789 829 μνημονεύειν
811 795 839 822 δὲ
851 796 904 822 τῶν
919 796 1006 830 λόγων

210 837 257 864 τοῦ
273 839 391 874 Κυρίου,
416 839 457 865 ὅτι
473 838 554 871 αὐτὸς
571 836 631 866 εἶπε
648 848 654 855 ·
671 840 813 876 Μακάριόν
828 841 886 869 ἐστι
906 842 1006 878 μᾶλλον

210 884 320 918 διδόναι,
336 884 352 920 ἦ
367 885 524 921 λαμϐάνειν.
545 895 554 912 ι

248 983 257 999 ι
279 974 308 1001 '0
321 974 478 1009 μεταδιδοὺς
502 975 531 1001 ἐν
554 975 686 1012 ἁπλότητι
699 985 706 993 ί
724 978 738 1004 ό
751 979 951 1014 προϊστάμενος
976 981 1005 1007 ὲν

211 1019 322 1055 σπουδῇ·
336 1021 350 1046 ό
365 1019 449 1046 ἐλεῶν
462 1021 491 1047 ἐν
507 1020 655 1056 ιλαρότητι.
675 1031 684 1047 ι

249 1116 257 1133 ι
275 1108 304 1134 Ὀ
321 1108 442 1143 σπείρων
457 1108 634 1144 φειδομένως,
649 1110 816 1146 φειδομένως
832 1112 879 1139 καὶ
890 1112 1003 1148 θερίσει·

209 1154 224 1179 ὁ
242 1153 361 1189 σπείρων
374 1155 417 1180 ἐπ’
433 1154 580 1189 εὐλογίαις,
609 1156 652 1182 ἐπ’
665 1156 804 1190 εὐλογίαις
821 1157 869 1185 καὶ
889 1158 1002 1194 θερίσει.

211 1199 343 1231 Ἕκαστος
357 1200 395 1231 ὡς
411 1201 580 1236 προαιρεῖται
599 1203 632 1238 τῇ
647 1203 754 1239 καρδίᾳ,
774 1204 811 1239 μὴ
827 1205 860 1231 ἐκ
872 1205 971 1241 λύπης,
987 1207 1003 1241 ἢ

210 1245 240 1278 ἐξ
250 1245 383 1281 ἀνάγκης.
403 1246 505 1281 Ὶλαρὸν
517 1248 572 1282 γὰρ
586 1248 664 1284 δότην
680 1249 777 1285 ἀγαπᾷ
790 1251 804 1277 ὁ
820 1250 896 1282 Θεός.
911 1252 1004 1279 [Ιᾶσαν

210 1290 375 1326 αὐτάρκειαν
391 1290 507 1326 ἔχοντες,
523 1294 705 1328 περισσεύητε
721 1296 761 1327 είς
775 1297 829 1323 πᾶν
843 1296 921 1332 ἔργον
937 1297 1004 1332 ἀγα-

210 1336 266 1369 οὺν,
298 1336 389 1369 καθὼς
417 1337 591 1374 γέγραπται·
616 1340 807 1377 Ἐσκόρπισεν,
836 1343 920 1370 ἔδωκε
947 1345 1003 1376 τοῖς

210 1381 320 1417 πένησι.
340 1391 350 1409 ι

247 1479 255 1495 ι
275 1470 335 1498 Τῶν
349 1472 474 1507 πτωχῶν,
491 1473 534 1499 ἵνα
549 1475 774 1511 μνημονεύωμεν.
793 1485 803 1501 ι

246 1557 338 1604 «γΤοῖς
351 1558 488 1591 πλουσίοις
503 1560 531 1586 ἐν
545 1561 584 1596 τῷ
609 1562 658 1589 νῦν
680 1563 759 1590 αἰῶνι
776 1565 937 1600 ὲπαγγέλλω
965 1568 1001 1604 μὴ

207 1602 424 1638 ὑψηλοφρονεῖν(
440 1604 477 1640 μὴ
491 1605 612 1638 ἐλπίζειν
636 1608 684 1634 ἐπὶ
709 1608 824 1636 πλούτου
845 1602 1000 1648 ἀδηλότητι,

207 1647 320 1675 ἀλλ’ὲπὶ
335 1648 373 1684 τῷ
389 1649 448 1685 Θεῷ
471 1651 509 1686 τῷ
525 1652 671 1688 παρέχοντι
690 1655 779 1682 πάντα
801 1656 937 1690 πλουσίως
962 1660 1002 1691 εἰς

207 1694 367 1722 ἀπόλαυσιν
383 1696 576 1733 ἀγαθοεργεῖν,
598 1700 723 1727 πλουτεῖν
736 1703 766 1729 ἐν
785 1702 876 1738 ἔργοις
896 1706 1000 1738 καλοῖς,

207 1742 402 1777 εὐμεταδότους
429 1742 507 1778 εἶναι,
523 1748 712 1782 κοινωνικοὺς,
729 1749 1001 1787 ἀποθησαυρίζοντας

207 1788 313 1820 ἑαυτοῖς
330 1789 452 1824 θεμέλιον
471 1791 552 1819 καλὸν
566 1793 606 1824 είς
616 1794 647 1820 τὺ
659 1794 765 1829 μέλλον.
782 1806 791 1822 ι

244 1843 252 1859 ι
273 1834 377 1870 Ὑμεῖς,
397 1835 513 1870 ἀδελφοὶ,
540 1838 576 1874 μὴ
598 1839 739 1867 ὲκκακεῖτε
755 1842 973 1876 καλοποιοῦντες.
988 1855 996 1870 ι

243 1933 252 1950 α
271 1924 326 1959 Τῆς
339 1925 464 1958 εὐποιῖας
477 1928 525 1954 καὶ
542 1928 593 1960 τῆς
604 1931 744 1963 κοινωνίας
767 1932 804 1967 μὴ
820 1933 999 1962 ἐπιλανθάνε-

208 1969 263 1998 σοε.
280 1971 426 2004 Τοιαύταις
438 1973 492 2008 γὰρ
509 1973 615 2007 θυσίαις
626 1976 814 2012 εὐαρεστεῖται
828 1981 842 2006 ὸ
853 1980 929 2012 Θεὸς.
948 1991 956 2007 ι

243 2068 252 2085 ι
272 2060 485 2096 Κατακαυχᾶται
499 2061 573 2096 ἔλεος
585 2065 711 2100 κρίσεως,
729 2075 738 2092 ι

244 2149 402 2201 ιΙΠλοὺσιός
414 2151 488 2177 ἐστιν
508 2151 612 2184 ἐκεῖνος
633 2152 782 2201 Δό-ἰιολλοὺς
795 2156 890 2192 ἐλεῶν,
923 2161 969 2187 καὶ
983 2162 997 2188 ὁ
1013 2173 1034 2201 D

204 2195 274 2222 κατὰ
288 2196 355 2222 Θεοῦ
365 2196 479 2232 μίμησιν
490 2198 599 2230 ἐπιδοὺς
614 2198 644 2231 ἐξ
653 2198 690 2226 ὧν
700 2200 766 2236 ἔχει.
779 2202 845 2235 Θεὸς
857 2204 912 2240 γὰρ
927 2214 994 2233 παν-

203 2240 322 2268 τάπασιν
336 2241 435 2269 ἔδωκεν
450 2243 483 2269 ἐκ
500 2243 554 2270 τῶν
575 2244 658 2271 αὑτοῦ
670 2247 838 2281 κτισμάτων.
853 2249 950 2278 Σύνετε
961 2252 993 2288 δὴ

204 2285 335 2320 πλούσιοι,
347 2287 388 2314 ὅτι
403 2287 537 2315 διακονεῖν
546 2289 678 2324 ὀφείλετε,
695 2291 822 2326 λαϐόντες
834 2296 946 2324 πλείονα
956 2285 994 2325 ὧν

203 2331 281 2358 αὐτοὶ
295 2332 411 2378 χρῄζετε
427 2341 434 2348 ·
456 2333 558 2369 μάθετε
573 2335 614 2362 ὃτι
639 2336 745 2372 ἑτέροις
765 2339 854 2367 λείπει
876 2342 910 2368 τὰ
929 2343 994 2378 ὑμῖν

204 2376 412 2410 περισσεύοντα.
435 2378 605 2414 Αίσχύνθητε
633 2381 793 2416 κατέχοντες
807 2384 841 2411 τὰ
855 2376 992 2422 ἀλλότρια·

205 2423 361 2459 μιμήσασθε
378 2424 489 2460 ἰσότητα
500 2425 581 2458 Θεοῦ,
598 2427 645 2453 καὶ
658 2427 747 2460 οὐδεὶς
756 2428 833 2458 ἔσται
844 2432 941 2466 πένης.

204 2469 367 2497 Erubescite
399 2470 446 2506 qui
476 2478 521 2499 res
551 2471 656 2500 alienas
686 2473 833 2508 retinetis,
860 2477 996 2514 vobisque
1021 2483 1178 2517 aequitatem
1210 2481 1258 2510 Dei
1292 2469 1454 2510 imitandam
1481 2469 1656 2519 proponite}

203 2525 308 2552 pauper
325 2517 388 2545 erit.

238 2564 365 2599 Μίμησαι
392 2563 441 2599 τὴν
455 2564 517 2600 γῆν,
547 2565 685 2601 ἄνθρωπε,
715 2569 927 2605 καρποφόρησον
957 2572 995 2604 ὡς

203 2609 363 2645 ὲκείνη.Μὴ
378 2609 478 2645 χείρων
500 2612 588 2646 φανῇς
601 2612 652 2647 τῆς
673 2612 788 2649 ἀψύχου.
810 2615 917 2651 Ἐκείνη
943 2617 995 2652 μὲν

203 2655 257 2691 γὰρ
268 2655 331 2687 τοὺς
345 2656 469 2691 καρποὺς
485 2657 535 2684 οὐκ
547 2657 586 2689 είς
599 2658 699 2694 ἑαυτῆς
711 2660 872 2694 ἀπόλαυσιν.
886 2663 944 2690 ἀλλ’
955 2664 995 2697 εἰς

203 2702 253 2736 τὴν
268 2701 318 2736 σὴν
333 2701 486 2737 ὑπηρεσίαν
503 2702 656 2739 ἐξέθρεψεν·
683 2705 719 2732 Σὺ
733 2706 761 2733 δὲ
780 2707 810 2734 ὃν
826 2708 858 2735 ἂν
873 2709 994 2746 ἐπιδείξῃ

203 2748 252 2782 τῆς
267 2747 389 2780 εὐποιῒας
405 2748 520 2784 καρπὸν,
541 2751 646 2785 σεαυτῷ
658 2751 752 2778 τοῦτον
773 2754 907 2788 συνάγεις.
922 2756 993 2783 Διότι

204 2794 258 2822 τῶν
276 2793 384 2830 ἁγαθῷν
396 2795 485 2830 ἔργων
497 2796 523 2823 αἱ
539 2796 648 2834 χάριτες
665 2798 710 2825 ἐπὶ
727 2800 788 2831 τοὺς
807 2800 926 2833 διδόντας
946 2803 994 2829 ἐπ-

1065 195 1114 215 cor
1130 192 1253 216 vestrum
1272 186 1335 214 erit.
1355 195 1364 212 ι

1099 234 1181 271 475
1205 233 1270 260 Luc.
1288 241 1346 265 xw,
1360 233 1456 259 ‘12-”.
1473 247 1507 252 —
1526 241 1534 257 ι
1554 232 1665 260 Dicebat
1681 231 1817 262 Dominus
1830 233 1854 260 ei

1063 279 1109 314 qui
1127 287 1157 307 se
1176 279 1340 306 invitaverat
1355 288 1361 305 :
1385 277 1454 305 Cum
1472 277 1540 306 facis
1566 279 1712 314 prandium
1733 283 1779 306 aut
1795 287 1854 307 co:-

1063 332 1138 355 nam,
1152 323 1210 351 noli
1226 317 1326 351 vocare
1339 323 1443 350 amicos
1464 327 1539 355 tuos,
1556 331 1648 359 neque
1666 325 1774 352 vicinos
1792 328 1854 351 tuos

1061 370 1174 402 divites,
1201 377 1289 404 neque
1312 372 1454 405 cognatos,
1481 377 1571 404 neque
1593 369 1693 398 fratres
1718 375 1796 402 tuos;
1821 377 1854 396 ne

1062 414 1134 443 forte
1157 420 1184 443 et
1201 415 1253 450 ipsi
1270 418 1297 442 te
1328 414 1488 446 reiuvitent.
1508 419 1536 442 ct
1555 415 1607 442 erit
1623 415 1671 443 tibi
1696 416 1851 444 retributio.

1062 461 1117 490 Sed
1137 458 1199 489 cum
1219 460 1289 488 facis
1314 460 1494 494 convivium,
1514 468 1583 489 voca
1603 469 1752 497 pauperes,
1773 462 1850 490 debio

1060 508 1112 542 les,
1132 507 1262 541 claudos,
1279 514 1386 542 caecos;
1410 511 1437 535 et
1451 507 1552 536 beatus
1564 508 1632 541 eris,
1651 509 1715 544 quia
1731 517 1785 537 non
1805 509 1853 536 ha-

1059 553 1126 582 bent
1145 553 1302 581 retribuere
1318 552 1378 581 tibi.
1395 552 1577 581 Rctribuetur
1596 554 1670 582 enim
1693 555 1742 582 tibi
1763 555 1791 582 iu
1806 563 1851 582 re-

1060 599 1238 627 surrectione
1255 598 1408 633 justorum.
1426 608 1436 624 ι

1094 644 1154 671 Act.
1179 652 1227 678 xx,
1254 643 1305 678 54,
1321 643 1366 671 55.
1386 658 1420 663 ——
1438 652 1447 669 ι
1467 644 1521 679 lpsi
1544 644 1621 673 scitis
1656 645 1788 680 quoniam
1817 645 1851 672 ad

1058 698 1089 718 ea
1105 697 1168 725 qute
1190 690 1257 717 mihi
1277 697 1347 724 opus
1369 694 1460 722 erant,
1477 694 1503 717 et
1526 690 1560 718 iis
1574 690 1622 726 qui
1639 697 1747 718 mecum
1767 695 1849 722 sunt,

1059 735 1294 763 ministravcrunt
1309 735 1487 764 manusistte.
1509 734 1608 763 Omnia
1630 735 1740 762 ostendi
1758 736 1848 767 vobis,

1058 782 1189 816 quoniam
1215 781 1256 808 sic
1279 781 1439 809 laborantes
1463 784 1572 817 oportet
1598 780 1741 815 suscipere
1772 780 1849 808 intir-

1061 837 1143 863 mos;
1168 829 1327 857 meminisse
1350 833 1441 857 autent
1464 829 1612 856 verborum
1640 828 1748 856 Domini
1771 827 1846 860 Jesu.

1059 874 1124 910 quia
1153 875 1212 909 ipse
1237 875 1329 902 dixit:
1359 874 1469 903 Beatius
1495 879 1537 903 est
1561 875 1638 907 dare,
1666 881 1749 909 quam
1776 874 1849 902 acci-

1059 927 1132 954 pere.
1153 929 1162 945 ι

1093 965 1169 992 Rom.
1197 973 1253 998 xu,
1272 965 1298 992 8.
1315 981 1349 986 —-
1375 975 1383 992 t
1402 965 1454 999 Qui
1477 965 1575 993 tribuit
1599 966 1626 993 in
1643 965 1823 1001 simplicitate
1839 975 1846 993 ι

1057 1011 1104 1046 qui
1139 1016 1237 1046 prmest
1272 1012 1299 1038 in
1328 1012 1542 1040 sollicitudine:
1572 1012 1620 1048 qui
1645 1012 1796 1040 miseretur
1821 1012 1847 1040 in

1057 1056 1207 1085 hilaritate.
1228 1067 1237 1083 ι

1092 1101 1126 1129 II
1141 1102 1205 1130 Cor.
1224 1111 1261 1136 ιιι,
1280 1103 1338 1131 6-9.
1351 1118 1387 1124 -
1408 1113 1416 1129 ι
1438 1102 1490 1137 Qui
1512 1111 1594 1139 parce
1610 1104 1744 1137 seminat,
1766 1111 1849 1139 parce

1055 1153 1083 1177 et
1104 1153 1190 1177 metet
1211 1159 1216 1177 :
1235 1154 1261 1177 et
1277 1151 1324 1185 qui
1348 1150 1468 1178 seminat
1488 1151 1516 1178 in
1538 1149 1792 1183 benedictionibus,
1815 1150 1849 1177 de

1056 1195 1296 1225 benedictionibus
1336 1201 1363 1224 et
1400 1200 1493 1224 metet.
1529 1196 1725 1232 Unusquisque
1764 1200 1849 1232 prout

1055 1241 1204 1269 destinavit
1224 1243 1252 1269 in
1271 1242 1356 1270 corde
1377 1250 1437 1276 suo,
1464 1250 1520 1270 non
1542 1251 1574 1271 ex
1602 1243 1726 1276 tristitia,
1744 1246 1791 1269 aut
1814 1249 1847 1270 ex

1056 1287 1230 1315 necessitate.
1261 1287 1381 1315 Hilarem
1400 1288 1475 1316 enim
1501 1288 1626 1316 datorem
1645 1287 1736 1322 diligit
1762 1287 1846 1316 Deus.

1054 1331 1170 1360 Omnem
1186 1332 1378 1361 sufficientiam
1396 1334 1542 1366 habentes,
1557 1334 1707 1363 abundctis
1720 1334 1748 1374 in
1766 1340 1847 1361 omne

1053 1385 1125 1413 opus
1139 1378 1252 1411 bonum.
1277 1379 1349 1406 sicut
1364 1379 1499 1415 scriptum
1517 1384 1558 1408 est
1577 1390 1584 1407 :
1608 1380 1753 1416 Dispersit,
1772 1379 1846 1408 dedit

1054 1423 1232 1458 pauperibus,
1256 1433 1265 1450 ι
1281 1427 1334 1452 etc.

1091 1469 1181 1497 Galat.
1207 1477 1242 1502 ιι,
1271 1470 1315 1497 to.
1333 1484 1369 1490 —
1386 1479 1396 1496 ‹
1424 1469 1580 1506 Pauperum
1600 1475 1629 1498 ut
1653 1478 1790 1499 memores
1807 1471 1845 1499 si-

1055 1521 1127 1541 mus.
1149 1524 1158 1540 Ι

1103 1559 1118 1586 1
1137 1559 1205 1587 Tim.
1222 1568 1264 1593 νι,
1282 1561 1326 1593 l7,
1343 1561 1387 1588 18.
1407 1575 1443 1581 —
1461 1571 1469 1587 ι
1498 1561 1631 1589 Divitibus
1647 1562 1729 1596 hujus
1752 1563 1844 1590 szcculi

1053 1606 1179 1641 prmcipe.
1205 1613 1260 1633 non
1281 1606 1398 1635 sublime
1419 1614 1526 1642 sapere,
1545 1615 1596 1635 nec
1616 1614 1727 1642 sperare
1756 1608 1783 1635 in
1800 1609 1843 1635 inv

1053 1655 1130 1678 certo
1151 1651 1325 1684 divitiarum,
1349 1652 1396 1680 sed
1411 1652 1438 1679 in
1467 1651 1524 1679 Deo
1549 1652 1597 1687 qui
1625 1656 1738 1687 praestat
1763 1653 1843 1680 nobis

1052 1697 1145 1724 omnia
1161 1697 1269 1724 abunde
1293 1697 1326 1725 ad
1351 1697 1511 1731 fruendum,
1538 1699 1608 1726 bene
1631 1706 1723 1734 agere,
1744 1698 1843 1726 divites

1054 1744 1110 1772 fieri
1127 1744 1154 1771 in
1175 1744 1306 1779 operibus
1333 1744 1425 1778 bonis,
1444 1744 1526 1772 facile
1554 1744 1688 1777 tribuere,
1706 1745 1843 1773 thesauri-

1052 1797 1116 1817 zare
1129 1790 1181 1818 sibi
1198 1790 1406 1818 fundamentum
1429 1791 1530 1818 bouum
1547 1791 1575 1818 in
1592 1790 1726 1818 futurum.
1751 1801 1760 1817 ι

1088 1835 1119 1862 ΙΙ
1137 1835 1228 1864 Thess.
1243 1845 1283 1868 ιιι,
1294 1837 1381 1864 l5.-—
1393 1846 1402 1862 ‹
1421 1836 1485 1871 Vos,
1503 1837 1615 1872 fratres,
1627 1839 1712 1866 nolite
1728 1838 1842 1866 deficere

1052 1881 1263 1910 benefacientes.
1286 1892 1294 1908 ι

1087 1926 1170 1954 Hebr.
1190 1935 1257 1960 xui,
1280 1928 1323 1955 l6.
1337 1944 1371 1949 —-
1390 1938 1399 1954 ι
1419 1928 1612 1960 Beneticentiae
1627 1933 1653 1957 et
1668 1930 1840 1958 communio-

1051 1973 1094 2000 nis
1110 1973 1197 2000 nolite
1216 1973 1353 2001 oblivisci.
1384 1973 1498 2003 Talibus
1522 1975 1595 2003 enim
1614 1976 1714 2004 hostiis
1733 1983 1842 2011 promc-

1049 2025 1127 2047 retur
1140 2020 1223 2048 Dcus.
1237 2029 1247 2046 ι

1084 2066 1145 2093 Jac.
1167 2075 1204 2099 ιι,
1221 2067 1264 2094 15.
1281 2082 1316 2087 -—
1336 2077 1344 2093 ι
1366 2067 1561 2103 Superexaltat
1576 2069 1773 2097 misericordia
1794 2069 1839 2105 ju-

1048 2112 1162 2140 dicium.
1179 2122 1189 2138 ι

1085 2157 1128 2184 Ea:
1154 2157 1275 2186 doctrina
1298 2159 1382 2187 Petri.
1398 2175 1431 2180 —
1447 2159 1528 2188 Dives
1549 2165 1592 2189 est
1616 2161 1664 2198 qui
1687 2161 1838 2188 multorum

1049 2205 1205 2238 miseretur,
1223 2208 1251 2232 et
1265 2205 1312 2240 qui
1335 2205 1420 2234 Deum
1447 2206 1590 2240 imitando,
1613 2215 1647 2234 ex
1670 2207 1704 2234 iis
1717 2215 1777 2243 qua:
1792 2207 1839 2235 has

1049 2251 1105 2285 bet,
1123 2251 1255 2286 impertit.
1274 2252 1345 2281 Deus
1368 2253 1441 2280 enim
1457 2260 1502 2281 res
1526 2260 1540 2280 a
1556 2261 1586 2281 se
1602 2253 1728 2282 conditas
1751 2254 1840 2281 omni-
1886 2253 1893 2263 ’

1050 2300 1131 2327 mode
1157 2300 1239 2328 nobis
1263 2300 1418 2328 distribuit.
1447 2300 1584 2334 Quocirca
1611 2301 1664 2329 hoc
1689 2301 1838 2332 noveritis,

1049 2346 1097 2381 qui
1116 2346 1217 2374 divites
1240 2346 1316 2378 estis,
1342 2346 1442 2375 debere
1461 2355 1511 2376 vos
1531 2348 1686 2376 ministrare
1707 2352 1757 2376 :ct
1777 2355 1839 2375 cum

1050 2392 1127 2426 plura
1142 2400 1203 2427 quae
1225 2400 1296 2427 opus
1323 2398 1390 2421 sunt
1417 2394 1507 2427 vobis,
1536 2394 1709 2429 acceperitis,
1738 2392 1840 2420 discite

1049 2437 1160 2465 tandem
1177 2438 1238 2465 aliis
1253 2445 1285 2466 ea
1309 2438 1406 2466 deesse
1429 2447 1491 2474 qum
1507 2439 1588 2466 vobis
1609 2437 1746 2473 superflua
1762 2441 1837 2466 sunt.

1687 2489 1720 2510 ac
1759 2489 1839 2510 nemo

1086 2571 1114 2599 S.
1132 2572 1217 2600 Basil.
1233 2574 1260 2600 in
1274 2573 1363 2600 illud:
1381 2583 1390 2599 ι
1412 2573 1558 2600 Destruam
1575 2574 1673 2601 horrea
1686 2581 1755 2601 mea.
1776 2583 1785 2600 ι
1803 2589 1838 2594 -

1050 2619 1161 2647 imitare
1184 2624 1295 2652 terram,
1321 2627 1338 2647 ο
1360 2619 1460 2653 homo;
1479 2619 1522 2647 fac
1537 2619 1631 2655 fruges
1647 2620 1721 2648 feras
1736 2625 1766 2648 ut
1781 2620 1837 2648 illa.
1861 2619 1866 2623 “

1049 2664 1087 2692 Ne
1104 2669 1130 2693 te
1145 2665 1310 2693 deteriorem
1329 2672 1362 2693 ea
1383 2667 1519 2701 praebeas,
1536 2674 1599 2701 qua:
1614 2667 1713 2694 animae
1730 2670 1775 2694 est
1789 2675 1838 2694 ex-

1048 2718 1122 2745 pers.
1147 2711 1193 2738 Illa
1216 2712 1290 2740 enim
1310 2711 1429 2744 fructus,
1457 2720 1512 2740 non
1534 2713 1635 2748 quibus
1660 2716 1763 2745 utatur,
1791 2714 1838 2740 sed

1051 2757 1083 2784 ad
1102 2758 1289 2786 ministerium
1313 2763 1389 2787 tuum
1406 2759 1474 2787 aluit
1491 2769 1497 2787 ε
1517 2764 1544 2786 ιιι
1569 2767 1633 2787 vero
1656 2767 1737 2795 quem
1755 2761 1839 2787 henc-

1052 2805 1166 2834 (icentitc
1184 2805 1303 2835 fructum
1320 2805 1449 2841 edideris,
1475 2806 1548 2834 hunc
1564 2806 1614 2835 tibi
1631 2806 1683 2843 ipsi
1696 2807 1829 2846 cumulas.
