2073 3112
234 123 302 156 H63
830 123 860 153 S.
877 122 1038 153 JOANNIS
1057 122 1274 153 DAMASCENI
1806 119 1871 152 1464

232 181 368 214 Quoniam
393 180 529 208 bonorum
553 186 668 215 operum
691 179 787 215 gratias
811 179 846 207 ad
874 179 1048 214 largitores!

1096 179 1300 215 ναστρέφουσιν.
1314 179 1437 211 Ἔδωκας
1449 178 1487 214 τῷ
1496 176 1633 210 πεινῶντι,
1645 176 1692 204 καὶ
1708 176 1753 203 σὺν
1768 179 1871 212 γινεται

233 227 359 255 redeunt.
376 226 478 254 Dedisti
494 225 641 258 esurienti,
661 225 784 261 illudque
801 230 877 253 tuum
894 225 1022 257 efficitur,

1096 226 1107 253 ὺ
1123 226 1201 253 δοθὲν
1220 226 1289 261 μετὰ
1307 225 1469 261 προσθήκης
1485 224 1645 252 ὲπανελθὸν.
1670 224 1776 259 ’Ὥσπερ
1790 224 1845 259 γὰρ
1858 225 1873 251 ό

233 274 267 301 ad
293 278 320 302 te
341 281 405 301 cum
429 272 526 301 fenore
548 273 670 301 rediens.
691 271 727 300 Ut
752 271 826 300 enim
854 272 1023 300 frumentum

1096 274 1152 304 ἴτος
1167 271 1258 300 πεσὼν
1279 272 1320 303 εἰς
1337 272 1387 307 τὴν
1399 272 1463 307 γῆν,
1480 271 1576 307 κέρδος
1601 270 1641 306 τῷ
1658 270 1813 306 προιεμένῳ
1829 270 1872 305 τίς

234 321 262 347 in
289 324 392 348 terram
413 319 519 354 lapsum
536 319 560 346 ei
577 327 592 346 a
609 326 664 354 quo
688 319 842 354 projectum
859 322 901 346 est
917 318 1024 346 emolu-

1096 328 1164 352 εται,
1175 319 1261 352 οὕτως
1282 320 1296 346 ό
1313 319 1394 354 ἄρτος
1407 319 1447 350 είς
1465 318 1511 345 τὸν
1526 317 1664 344 πεινῶντα
1679 316 1872 352 καταϐληθεὶς,

233 371 356 394 mentum
381 365 469 398 affert,
485 365 581 394 eodem
606 365 689 393 modo
706 365 784 400 panis
810 364 836 391 in
857 365 1023 393 esurientem

1096 364 1214 400 εολύχουν
1228 364 1278 400 τὴν
1290 363 1425 399 ὠφέλειαν
1434 363 1474 395 εἰς
1485 363 1598 398 ὕστερον
1608 361 1876 389 ἀναδίδωσιν.Ἔο-τω

233 403 369 446 dejeetus,
386 411 498 439 uberem
514 411 541 438 in
563 415 705 446 posterum
731 411 882 438 utilitatem
902 413 1024 445 praestat.

1096 409 1126 438 ὗν
1143 421 1184 439 σοι
1198 411 1228 438 τὸ
1241 411 1330 446 πέρας
1339 411 1390 445 τῆς
1403 411 1542 445 γεωργίας
1551 409 1595 436 διὰ
1609 409 1659 444 τῆς
1674 408 1728 435 τῶν
1739 407 1876 443 δεομένων

233 459 272 486 Ae
288 457 404 493 proinde
421 457 456 485 da
468 464 581 492 operam
605 461 635 484 ut
650 456 826 491 agricultura:
842 454 923 487 finis,
942 462 1026 490 egen—

1096 455 1260 490 ιεταλήψεως
1276 454 1347 490 ἀρχὴ
1362 455 1411 489 τῆς
1421 453 1582 488 ἐπουρανίου
1599 453 1715 489 σπορᾶς.
1732 453 1878 487 Σπείρατε

234 505 309 532 libus
332 503 577 535 communicando,
601 503 638 530 sit
665 502 713 530 tibi
739 502 862 531 caelestis
892 501 1027 530 sementis

1096 502 1135 538 ἀρ
1149 501 1278 535 ἑαυτοῖς,
1295 501 1388 536 φησὶν,
1402 501 1447 533 είς
1462 499 1671 532 δικαιοσύνην.
1704 499 1736 525 Τί
1749 496 1796 525 οὖν
1812 498 1880 532 ἀδη-

233 550 356 578 initittm.
377 549 513 577 Semiuale
530 549 604 577 enim
624 547 707 580 vobis,
719 548 809 583 inquit
824 548 881 579 ille,
902 547 936 574 ad
947 547 1028 582 justi-

1096 549 1191 581 ιονεῖς;
1207 547 1234 573 τί
1253 548 1365 579 κόπτεις
1386 546 1510 578 σεαυτὸν,
1524 545 1604 581 πηλῷ
1618 545 1665 572 καὶ
1689 543 1811 575 πλίνθοις
1835 544 1881 570 τὸν

237 597 303 624 tiam
316 596 394 632 (Osee
418 604 446 629 x,
462 595 520 630 12).
536 595 593 622 Cur
607 602 673 630 ergo
689 594 781 621 animo
797 593 911 621 deﬁcis?
923 601 973 621 cur
988 599 1028 621 te-

1096 593 1197 620 ελοῦτον
1212 593 1372 620 ἀποκλεῖσαι
1394 591 1574 627 φιλονεικῶν;
1606 590 1757 626 Κρεῖσσον
1783 589 1881 624 ὄνομα

236 643 326 678 ipsum
347 642 450 675 tundis,
466 642 530 670 dum
547 648 614 676 opes
630 640 689 668 luto
701 644 728 668 et
740 639 874 668 lateribus
889 639 1029 667 includere

1096 640 1180 668 ιαλὸν
1196 639 1273 674 ὑπὲρ
1286 639 1422 667 πλοῦτον
1445 638 1556 665 πολύν.
1573 637 1606 664 Εἰ
1628 637 1656 664 δὲ
1678 636 1830 672 θαυμάζεις
1848 636 1882 662 τὰ

237 688 351 716 studes?
375 687 469 715 Melius
493 692 533 714 est
560 695 655 714 nomen
684 686 796 719 bonum,
823 694 903 721 quam
927 685 1028 713 divitia?

1096 688 1215 723 ξρήματα
1234 687 1278 713 διὰ
1293 686 1343 722 τὴν
1360 685 1451 712 αὐτῶν
1472 684 1566 720 τιμὴν,
1591 683 1688 711 σκόπει
1711 683 1795 710 πόσον
1811 681 1883 718 πρὸς

237 736 328 762 multae
342 734 435 770 (Prov.
450 741 526 766 xxu,
540 733 578 769 l).
593 732 673 766 Quod
692 733 716 761 si
735 733 867 768 pecunias
883 732 918 760 ob
933 739 1028 760 earum

1096 732 1162 765 16Eav
1176 731 1395 767 λυσιτελέστερον
1418 730 1524 766 μυρίων
1539 729 1642 756 παίδων
1657 729 1766 764 πατέρα
1791 737 1878 764 προσ-

238 780 355 815 pretium
380 779 465 816 476
480 780 613 815 suspicis,
644 779 708 807 vide
731 783 835 815 quanto
851 778 886 806 ad
914 779 1028 814 gloriam

1096 779 1302 816 ιγορεύεσθαι,ἢ
1321 779 1435 815 μυρίους
1449 776 1588 812 στατῆρας
1603 775 1674 811 ἔχειν
1686 776 1716 802 ἐν
1730 776 1877 812 βαλαντίῳ.

237 826 335 853 utilius
348 825 386 853 sit
406 829 600 853 sexcentarum
620 825 740 862 filiorum
759 828 865 860 patrem
886 823 1027 860 appellari,

1096 827 1126 854 Γὰ
1141 827 1189 862 μὲν
1219 827 1275 862 γὰρ
1291 827 1420 862 χρήματα
1435 826 1611 861 καταλείψεις
1638 825 1755 853 ἐνταῦθα
1777 825 1825 852 καὶ
1841 825 1879 860 μὴ

238 879 320 907 quam
333 875 479 899 sexcentos
494 875 613 899 statores
626 871 654 898 in
669 878 800 898 crumena
813 870 925 898 habere.
942 869 1031 897 Pecu—

1096 873 1256 908 ιουλόμενος,
1273 873 1322 908 τὴν
1337 873 1368 900 δὲ
1383 873 1430 900 ἐπὶ
1453 873 1509 905 τοῖς
1524 872 1638 907 ἀγαθοῖς
1667 871 1759 908 ἔργοις
1776 871 1880 907 φιλοτι-

240 918 301 946 nias
315 917 452 953 siquidem
473 918 576 946 invitus
595 918 679 946 etiam
701 917 747 944 hic
760 916 911 944 relicturus
931 922 962 943 es
978 924 985 942 :
1002 919 1032 942 at

1096 920 1152 948 ιίαν
1168 920 1348 956 ἀποκομίσεις
1373 919 1441 956 πρὸς
1465 919 1512 946 τδν
1525 918 1685 955 Δεσπότην,
1708 919 1772 946 ὅταν
1795 918 1881 953 δῆμος

239 964 351 992 laudent
369 972 402 992 ex
420 965 502 992 bonis
527 964 658 1000 operibus
675 964 818 992 collectam
833 962 868 990 ad
884 961 1031 989 Dominum

1096 968 1145 999 ιλος
1159 967 1205 994 ἐπὶ
1213 967 1259 994 τοῦ
1274 966 1365 994 κοινοῦ
1378 966 1473 1002 κριτοῦ
1485 966 1665 1002 περιστάντες
1678 974 1707 992 σε
1721 965 1824 1001 τροφέα
1834 965 1881 992 καὶ

241 1010 370 1039 deferes:
392 1018 456 1038 cum
472 1011 604 1039 nimirum
620 1011 724 1047 ingenti
742 1010 824 1038 turba
849 1015 944 1037 coram
957 1015 1033 1035 com-

1096 1013 1243 1050 ιύεργέτην,
1259 1012 1306 1040 καὶ
1321 1013 1410 1040 πάντα
1426 1012 1460 1039 τὰ
1485 1013 1535 1047 τῆς
1549 1011 1757 1048 φιλανθρωπίας
1775 1013 1881 1038 ἀποκα-

240 1057 318 1084 muni
338 1056 432 1091 judice
448 1057 648 1091 circumfusus,
673 1057 708 1085 ab
725 1057 776 1090 eis,
801 1061 829 1084 et
854 1056 986 1089 nutritor,
1007 1060 1034 1084 et

1096 1059 1170 1086 «ὦσιν
1182 1059 1312 1094 ὀνόματα.
1326 1058 1392 1089 Θεός
1412 1058 1486 1085 ἐστιν
1501 1059 1515 1085 ὁ
1533 1057 1733 1093 ἀποδεχόμενος
1747 1065 1754 1072 ·
1771 1057 1883 1091 ἄγγελοι

240 1101 412 1136 benefactor,
424 1108 452 1132 et
469 1103 568 1139 quavis
584 1103 695 1131 tandem
710 1103 765 1131 alio
779 1103 965 1132 immanitatis
981 1112 1032 1132 no-

1096 1105 1285 1140 ;ὐφημοῦντες,
1301 1105 1326 1131 oi
1351 1105 1405 1132 ἀπὸ
1429 1105 1545 1137 κτίσεως
1561 1104 1701 1140 ἄνθρωποι
1716 1103 1883 1139 μακαρίζον-

241 1148 316 1177 mine
333 1149 525 1185 appellaberis.
545 1150 617 1178 Deus
637 1149 768 1178 virtutem
795 1154 870 1178 tuam
895 1151 1033 1186 probabit,

1096 1159 1144 1183 ιες’
1158 1151 1222 1183 δόξα
1234 1151 1360 1183 αἰώνιος,
1389 1151 1518 1186 στέφανοι
1544 1151 1730 1187 δικαιοσύνης,
1760 1151 1884 1186 βασιλεία

241 1194 397 1224 laudabunt
420 1196 531 1232 angeli;
555 1196 683 1225 homines
707 1204 815 1229 omnes,
840 1197 887 1231 qui
909 1199 946 1225 ab
971 1198 1037 1225 orbe

1096 1197 1145 1223 τῶν
1160 1196 1283 1232 οὐρανῶν
1295 1194 1365 1224 ἆθλά
1378 1204 1420 1223 σοι
1437 1196 1526 1224 ἔσται.

241 1241 357 1270 condito
386 1243 572 1276 exstiterunt,
605 1243 716 1271 beatum
753 1247 780 1271 te
817 1244 1011 1279 praedicabunt
1030 1243 1140 1279 :gloria
1164 1244 1345 1279 sempiterna,
1378 1251 1480 1272 corona
1519 1243 1645 1279 iustitiae,
1673 1243 1805 1271 cmiorum
1839 1250 1885 1271 re-

241 1295 326 1323 gnum
338 1289 366 1315 in
384 1290 525 1323 praemium
543 1290 593 1318 tibi
611 1297 725 1318 cessura
743 1294 819 1319 sunt.
1556 1298 1571 1308 ’

278 1332 308 1359 S.
317 1332 404 1359 Basil.
414 1332 597 1361 ibid.—Putei
618 1343 681 1362 cum
693 1335 907 1369 exhauriuntur,
920 1337 1035 1365 uberius

1123 1337 1165 1365 Τὰ
1176 1338 1282 1373 φρέατα
1296 1336 1508 1372 ὲξαντλούμενα,
1533 1336 1689 1372 εὐροώτερα
1707 1336 1827 1371 γίνεταιο
1841 1337 1885 1363 ὲν-

243 1377 351 1411 ﬂuunt;
376 1379 441 1406 dum
459 1384 551 1408 autem
573 1381 766 1416 negliguntur,
780 1386 956 1416 putrescunt.
984 1384 1037 1411 Eo-

1096 1387 1225 1422 ιφιὲμενα
1239 1386 1266 1413 δὲ
1281 1386 1482 1421 κατασήπεται,
1500 1385 1547 1412 καὶ
1565 1384 1692 1417 πλούτου,
1709 1383 1738 1410 τὸ
1754 1383 1804 1418 μὲν
1823 1383 1886 1409 στὰ-

243 1425 306 1452 dem
324 1423 407 1452 modo
429 1425 544 1453 stabiles
564 1433 676 1461 quoque
696 1427 800 1455 divitia.-
816 1429 927 1459 inutiles
944 1431 1012 1458 fiunt
1028 1440 1036 1459 ι

1096 1441 1170 1468 τιμον
1185 1432 1332 1468 ἄχρηστον¹
1348 1431 1379 1458 τὸ
1395 1432 1423 1458 δὲ
1439 1431 1600 1466 κινούμενόν
1613 1439 1642 1458 τε
1659 1431 1708 1457 καὶ
1723 1430 1886 1465 μεταϐαῖνον

245 1478 306 1505 quae
320 1477 385 1498 vero
401 1474 549 1499 moventur
565 1475 592 1499 et
607 1473 664 1500 alio
686 1474 818 1508 migrant,
836 1476 863 1503 in
889 1483 1037 1506 commune

1096 1478 1254 1513 ιιοινωφελὲς
1274 1478 1321 1506 καὶ
1336 1477 1484 1513 εὔκαρπον.
1500 1477 1549 1509 Δὸς
1575 1477 1655 1512 χάριν
1680 1476 1719 1511 τῷ
1735 1475 1884 1511 εὐεργέτῃ,

245 1515 404 1543 conducunt
431 1519 459 1544 et
481 1515 635 1545 fructiferae
661 1523 739 1548 sunt.
767 1520 879 1550 Gratias
913 1530 962 1559 age
980 1524 1037 1552 Deo

1096 1526 1130 1552 in
1141 1524 1203 1560 οὐχ).
1217 1523 1301 1556 αὐτὸς
1314 1523 1429 1559 διοχλεῖς
1449 1523 1534 1558 θύρας
1552 1523 1664 1558 ἑτέρων,
1687 1521 1820 1558 ἁλλὰετὰς
1837 1522 1886 1552 σὰς

244 1562 320 1596 quod
337 1565 366 1588 tu
382 1561 455 1590 fores
468 1562 584 1590 aliorum
606 1571 662 1592 non
675 1565 780 1600 pulses,
797 1567 843 1595 sed
860 1568 894 1595 ad
909 1572 970 1597 tuas
990 1569 1037 1597 alii

245 1615 276 1634 se
291 1607 447 1634 conferant.

1096 1571 1166 1599 ἰλλοι
1179 1570 1444 1606 καταλαμϐάνουσιν.

245 1615 276 1636 se
291 1612 447 1636 conferant.

280 1653 378 1689 Ejusd.
393 1657 485 1684 Itomil.
501 1658 536 1685 ad
547 1658 649 1686 diuites.
661 1674 696 1679 —-
708 1658 825 1696 Pauperi
843 1661 921 1691 dives
935 1663 1039 1692 fenera.

1128 1664 1257 1691 Δάνεισον
1271 1664 1285 1690 ὁ
1300 1663 1428 1695 πλούσιος
1439 1662 1477 1698 τῷ
1493 1662 1598 1698 ἀπόρῳ.
1617 1660 1677 1696 Θεῷ
1692 1660 1837 1687 πίστευσον
1848 1657 1888 1693 τῷ

246 1700 389 1729 Concrede
406 1702 473 1736 Deo,
498 1703 545 1739 qui
568 1704 703 1733 beneficia
725 1707 771 1734 illa
798 1716 862 1743 quae
883 1709 910 1736 in
928 1717 1041 1746 Oppres-

1096 1709 1137 1736 ἀεὶ
1153 1711 1194 1742 εἰς
1205 1709 1352 1744 πρόσωπον
1367 1709 1431 1736 ἴδιον
1451 1709 1520 1744 ὑπὲρ
1537 1708 1586 1735 τοῦ
1607 1707 1767 1742 θλιϐομένου
1780 1705 1888 1741 λαμϐά-

248 1753 309 1773 sum
323 1747 519 1782 conferuntur,
532 1751 607 1779 velut
621 1752 649 1779 in
669 1753 792 1788 seipsum
811 1755 910 1782 collata
929 1757 1040 1792 accipit,

1096 1765 1175 1788 νοντι,
1187 1755 1234 1783 καὶ
1248 1755 1353 1782 οἴκοθεν
1374 1755 1525 1782 ἀποδιδόντι
1543 1753 1592 1790 τὴν
1604 1754 1694 1789 χάριν.
1719 1752 1888 1785 Ἀξιόπιστος

248 1797 332 1827 atque
344 1793 402 1829 ipse
417 1796 532 1830 gratiam
547 1798 685 1832 rependit.
708 1798 846 1835 Locuples
858 1807 900 1829 est
912 1809 1040 1837 sponsor,

1096 1801 1240 1837 ἐγγυητὴς,
1261 1800 1400 1835 πανταχοῦ
1419 1801 1471 1836 γῆς
1484 1800 1531 1827 καὶ
1551 1799 1690 1834 θαλάσσης
1709 1797 1888 1834 ὴπλωμένους

248 1839 415 1876 qui'ubique
445 1845 581 1870 terrarum
604 1851 636 1871 ac
667 1845 783 1873 marium
815 1854 955 1881 expansos
981 1849 1042 1877 the-

1096 1848 1162 1884 ἔχων
1174 1849 1237 1881 τοὺς
1254 1847 1421 1884 θησαυρούς.

248 1894 347 1915 sauros
365 1887 476 1916 habeat.

284 1932 356 1961 Ibid.
372 1935 537 1969 -ῡὶνὶιίιε,
559 1944 614 1971 quo
640 1942 722 1973 pacto
741 1938 874 1968 Dominus
898 1941 1040 1978 praecipit‘,

1129 1943 1347 1980 Σκορπιςόμενος
1358 1943 1372 1970 ὁ
1392 1942 1517 1975 πλοῦτος,
1532 1942 1594 1969 καθ’
1609 1942 1638 1969 ὃν
1653 1942 1668 1969 ὁ
1682 1941 1783 1977 Κύριος
1796 1939 1888 1968 ὑποτί-

248 1979 390 2015 ιὶῑςρρτειε,
423 1989 586 2016 permanere
611 1985 701 2013 solent
727 1994 735 2014 :
763 1990 877 2014 retenta:
901 1992 991 2016 autem
1015 1993 1043 2017 et

1096 1991 1170 2018 θεται
1182 1991 1283 2026 τρόπον
1293 2011 1300 2024 ,
1318 1990 1425 2024 πέφυκε
1440 1989 1610 2024 παραμένειν
1625 1996 1632 2004 ·
1656 1988 1835 2023 συνεχόμενος
1849 1986 1888 2018 δὲ,

250 2026 376 2054 coercitas
401 2027 571 2057 alienantur.
593 2030 622 2057 Si
642 2039 689 2059 eas
720 2033 870 2065 custodias,
897 2034 955 2069 jam
987 2043 1040 2063 non

1096 2038 1294 2072 ἀλλοτριοῦται.
1319 2037 1382 2064 Ἐὰν
1398 2036 1549 2071 φυλὰσσῃς,
1567 2036 1618 2062 οὐκ
1631 2034 1705 2070 ἔχεις
1719 2043 1726 2050 ·
1740 2034 1789 2061 ἐὰν
1807 2041 1889 2069 σκορ-

250 2072 336 2100 habes
354 2082 371 2121 ι.
383 2073 405 2101 si
431 2081 557 2121 spargas,
582 2085 636 2105 non
653 2079 775 2107 amittes.
795 2079 941 2115 Dispersil,
970 2081 1042 2109 dedit

1096 2085 1248 2121 πισῃς,οὐκ
1266 2084 1421 2116 ἀπολέσεις.
1453 2083 1678 2116 Ἐσκόρπισεν,
1706 2080 1800 2108 ἔδωκε
1826 2081 1890 2112 τοῖς

249 2118 550 2165 ροιιρενῐῡιιεςβιιειίιὶα
565 2122 623 2157 ejus
643 2128 733 2151 manet
756 2125 784 2152 in
804 2126 931 2153 saxulum
949 2127 1042 2155 surculi

1096 2118 1236 2165 πένθεσιν,
1249 2131 1268 2165 ἡ
1279 2130 1458 2165 δικαιοσύνη
1477 2129 1569 2157 αὐτοῦ
1578 2129 1664 2165 μένει
1676 2129 1721 2162 εις
1733 2128 1786 2155 τὸν
1796 2126 1890 2155 αἰῶνα

251 2162 339 2197 (Ρεαί.
351 2163 453 2199 cxt,9).

1096 2177 1146 2204 τοῦ
1160 2176 1277 2209 αἰῶνος.

1137 2224 1180 2250 Ἐν
1198 2223 1350 2259 πανηγύρει
1364 2223 1452 2254 οὐδεὶς
1470 2223 1595 2249 λυπεῖται
1612 2221 1774 2258 προῖἑμενος
1787 2220 1821 2248 τὰ
1835 2228 1888 2246 παι

1094 2269 1185 2304 ρόντα,
1198 2269 1245 2295 καὶ
1261 2269 1462 2304 ἀντικτώμενος
1478 2267 1512 2294 τὰ
1527 2267 1631 2296 δέοντα.
1648 2266 1706 2293 ἀλλ’
1721 2266 1832 2300 ὅσῳπερ
1855 2264 1889 2291 ἂν

1094 2315 1235 2347 ἐλάττονος
1261 2315 1346 2351 τιμῆς
1362 2314 1397 2341 τὰ
1415 2313 1587 2349 πολυτίμητα
1612 2313 1739 2348 πρίηται,
1768 2311 1890 2346 τοσούτῳ

1094 2361 1196 2397 χαίρει,
1213 2361 1250 2393 ὡς
1264 2360 1394 2396 λαμπροῦ
1414 2360 1497 2387 αὐτοῦ
1513 2359 1560 2386 τοῦ
1575 2358 1802 2394 συναλλάγματος
1817 2365 1890 2392 γενο-

251 2404 284 2423 eo
312 2396 417 2431 majore
448 2397 587 2432 voluptate
612 2397 741 2432 afﬁcitur,
766 2404 896 2435 tauquam
918 2401 1045 2430 videlicet

1096 2396 1189 2442 μένου.
1206 2406 1245 2433 Σὺ
1255 2406 1283 2433 δὲ
1293 2406 1366 2441 λυπῇ
1381 2405 1493 2440 χρυσίον
1501 2405 1548 2432 καὶ
1556 2404 1688 2440 ἀργύριον
1700 2404 1798 2437 διδοὺς,
1810 2412 1891 2430 τουτ-

253 2442 386 2476 prtcclara
402 2443 455 2471 sibi
472 2443 620 2479 negOtiatio
639 2445 791 2473 exstiterit.
816 2446 856 2474 Tu
873 2454 939 2475 vero
958 2448 1044 2476 mole-

1096 2451 1153 2478 ἐστι
1168 2451 1233 2487 χοῦν
1258 2451 1458 2486 παρεχόμενος,
1483 2451 1527 2478 ἵνα
1564 2451 1650 2486 κτήσῃ
1675 2449 1726 2485 τὴν
1751 2449 1890 2485 μακαρίαν

252 2488 332 2515 stiam
350 2489 488 2524 concipis,
508 2497 571 2517 cum
585 2497 684 2518 aurum
707 2494 735 2518 et
758 2496 914 2528 argentum,
934 2493 987 2522 hoc
1001 2498 1043 2522 est
1096 2497 1180 2533 ζωήν.

252 2534 393 2570 pulverem
412 2535 528 2570 praebes,
544 2540 574 2563 ut
589 2536 696 2564 beatam
715 2537 800 2565 vitam
816 2539 958 2574 acquiras.

287 2578 360 2606 Ibid.
375 2593 410 2601 ο-
426 2579 521 2608 Funus
538 2584 616 2607 tuum
632 2589 776 2616 praevertc.
801 2583 938 2612 Eximium
960 2585 1045 2614 funus

1132 2588 1280 2624 Προλαὸὼν
1295 2588 1456 2623 ἐνταφίασον
1471 2588 1594 2615 σεαυτόν.
1616 2587 1707 2615 Καλὸν
1726 2587 1853 2621 ἐντάφιον
1872 2587 1888 2620 ἡ

252 2626 406 2660 estpietas.
436 2626 482 2654 Sic
502 2627 632 2661 abscede,
654 2634 684 2654 ut
702 2629 796 2656 omnia
817 2633 909 2658 tecum
931 2631 1042 2660 efferas.

1096 2633 1232 2661 εὐσέϐεια.
1261 2634 1353 2660 Πάντα
1375 2633 1608 2670 περιϐαλλόμενος
1639 2632 1754 2660 ἄπελθε.
1783 2633 1891 2658 οἰκεῖον

253 2670 308 2698 Fac
324 2675 353 2698 ut
367 2679 434 2707 opes
455 2676 509 2700 tuae
532 2672 582 2700 tibi
603 2679 768 2702 ornamento
785 2675 850 2704 sint.
881 2677 935 2704 Eas
952 2674 1043 2705 tecuiu

253 2716 334 2744 habe.
353 2716 429 2745 Bono
454 2719 626 2753 consiliario,
656 2720 708 2748 hoc
739 2724 781 2749 est
810 2721 933 2755 Christo,
965 2723 1044 2752 ﬁdem

253 2763 448 2797 accommoda;
462 2765 509 2800 qui
521 2765 617 2793 dilexit
637 2771 673 2799 te,
689 2771 717 2794 et
729 2771 825 2796 nostra
840 2776 921 2797 causa
943 2778 1044 2805 egenus

252 2807 343 2837 factus
353 2813 402 2842 est,
418 2814 447 2837 ut
459 2810 547 2846 ipsius
562 2817 681 2846 egestate
699 2812 898 2845 ditcsccremus
917 2816 961 2853 (II
979 2818 1040 2845 (Sor.

285 2209 356 2238 Ibid.
374 2226 408 2232 —
436 2210 469 2240 In
497 2213 629 2243 nundinis
651 2222 733 2243 nemo
755 2215 870 2244 moleste
890 2216 951 2250 fert,
976 2216 1041 2245 dum

251 2263 313 2292 (tua:
332 2257 360 2285 in
386 2259 513 2288 manibus
533 2264 598 2288 sunt
626 2260 712 2288 veluti
742 2261 862 2297 proiicit,
890 2268 918 2289 et
943 2270 1038 2291 earum
1057 2243 1081 2273 υ

254 2303 316 2331 loco
329 2311 362 2331 ea
383 2304 436 2332 sibi
453 2309 596 2340 comparat
619 2306 721 2341 quibus
736 2314 806 2342 opus
825 2308 908 2336 habet
925 2318 931 2336 :
947 2317 1042 2338 verum

255 2358 311 2384 quo
327 2351 428 2379 minori
446 2351 533 2387 pretio
552 2359 584 2379 ea
602 2360 664 2388 quae
677 2353 768 2388 magni
787 2355 917 2388 aestimat,
935 2357 1043 2390 emerit,

1099 2680 1201 2716 κόσμον
1215 2680 1260 2707 τὸν
1273 2679 1387 2707 πλοῦτον
1402 2681 1525 2716 ποίησον.
1545 2681 1610 2716 Ἔχε
1626 2680 1708 2707 αὑτὸν
1722 2679 1792 2716 μετὰ
1810 2687 1891 2705 σεαυ-

1099 2727 1157 2756 τοῦ.
1181 2727 1312 2763 Πείσθητι
1337 2727 1412 2763 καλῷ
1428 2727 1584 2764 συμϐούλῳ,
1598 2727 1638 2763 τῷ
1663 2726 1837 2762 ἀγαπήσαντί
1861 2733 1890 2752 σε

1098 2773 1220 2810 Χριστῷ,
1234 2774 1273 2809 τῷ
1287 2774 1321 2801 δι’
1343 2774 1417 2809 ἡμᾶς
1431 2775 1627 2811 πτωχεύσαντι,
1646 2776 1689 2802 ἳνα
1715 2774 1763 2810 τὴν
1786 2773 1889 2801 ἐκείνου

1099 2822 1234 2853 πτωχείαν
1247 2823 1455 2858 πλουτήσωμεν.
