2073 3112
205 149 272 183 1465

849 141 970 172 SACBA
988 139 1221 170 PARALLELA.

1710 111 1713 114 ’
1769 127 1837 160 itas

238 207 322 232 Ὂταν
339 202 438 238 πτωχῷ
457 201 588 237 παρέχειν
618 199 717 235 μέλλῃς
741 197 787 225 διὰ
810 197 857 224 τὸν
883 196 997 232 Κύριον,

1085 194 1117 223 S.
1132 193 1220 221 Bas“.
1235 193 1305 220 hom.
1322 192 1350 219 in
1371 191 1522 226 {atterat.—
1530 186 1600 216 Cum
1616 189 1726 221 propter
1750 184 1842 212 Domi—

204 252 280 279 τοῦτο
290 251 337 277 καὶ
352 249 438 285 δῶρόν
449 249 517 279 ἐστι,
533 247 581 274 καὶ
595 246 730 279 δάνεισμα
743 252 749 258 ·
765 243 852 278 δῶρον
870 242 930 277 μὲν,
954 241 1000 268 διὰ

201 296 250 332 τὴν
264 295 439 323 ἀνελπιστίαν
452 294 501 328 τῆς
527 291 705 322 ἀπολαύσεως
722 297 728 304 ·
748 289 880 323 δάνεισμα
902 287 930 314 δὲ
955 287 1000 314 διὰ

201 343 251 378 τὴν
267 340 473 378 μεγαλοδωρεὰν
488 339 535 365 τοῦ
555 337 748 368 ἀποτιννύντος
763 335 833 370 ὑπὲρ
849 333 944 364 αὐτοῦ,
970 334 999 366 ὃς

204 390 290 425 μικρὰ
313 386 404 415 λαϐὼν
417 386 460 413 διὰ
475 385 522 412 τοῦ
537 385 666 420 πένητος,
696 383 806 418 μεγάλα
827 381 898 416 ὑπὲρ
915 380 998 407 αὑτοῦ

203 434 338 462 ἀποδώσει
352 441 359 449 ·
379 433 409 461 '0
425 433 479 468 γὰρ
495 431 577 458 ἐλεῶν
592 430 711 466 πτωχὸν,
726 428 786 464 Θεῷ
797 428 925 461 δανείζει,
947 435 1000 462 φη-

203 481 255 507 σίν.

240 568 270 594 '0
281 567 412 603 χρήματα
435 565 532 597 διδοὺς,
551 564 738 600 ἐλεημοσύνην
753 564 824 591 αἰτεῖ
849 562 924 598 παρὰ
950 561 998 588 σοῦ

201 613 244 640 διὰ
265 613 315 648 τῆς
330 612 423 648 χειρὸς
433 611 488 638 τῶν
501 611 639 647 πενήτων,
667 610 721 637 κᾶν
735 609 805 644 λάόῃ
833 609 867 635 τὰ
889 606 998 639 ἑαυτοῦ,

202 659 335 695 ἀκεραίαν
349 667 391 685 σοι
405 658 454 694 τὴν
467 658 547 693 χάριν
569 657 608 688 ὡς
617 657 722 683 οἰκείαν
735 655 900 690 ἀποπληροῖ.

237 758 247 775 ι
272 749 302 775 '0
314 747 443 780 πλούσιος
459 747 536 775 οὒπω
551 747 673 783 ζηλωτός
687 747 744 772 ὲστι
760 745 806 773 διὰ
816 745 861 772 τὸν
872 743 996 771 πλοῦτοψ

202 795 252 831 οὐχ
279 796 293 822 ὁ
308 795 443 830 δυνάστης
458 794 502 821 διὰ
517 794 563 820 τὸν
585 794 668 828 ὄγκον
681 793 729 820 τοῦ
746 792 913 826 ἀξιώματος.
933 791 1000 826 Ὄρ-

201 849 271 875 γανα
285 841 339 876 γάρ
357 841 418 867 ἐστι
434 838 521 867 ταῦτα
536 839 586 874 τῆς
599 839 696 874 λοιπῆς
712 839 814 874 ἀρετῆς
828 839 884 869 τοῖς
906 836 998 868 καλῶς

202 873 393 923 κεχρημένοις,
422 886 474 913 οὒκ
489 873 568 912 αὐτὰν
580 885 610 911 ἐν
625 873 733 915 ἑαυτοῖς
748 884 844 919 ἔχοντα
854 883 884 910 τὸ
907 883 996 918 μακά·
1013 873 1034 901 Β

203 943 270 969 ριον.
284 933 315 959 ’0
334 932 381 967 μὲν
394 931 441 959 οῦν
459 930 554 962 κακῶς
569 931 661 962 αὐτοῖς
681 929 853 964 κεχρημένος
870 929 996 961 ἐλεεινὸς,

201 980 239 1011 ὡς
253 979 267 1005 ὁ
277 978 316 1014 τῷ
332 978 403 1012 ξίφει
420 977 433 1004 δ
445 977 542 1004 ἐλαϐεν
554 976 624 1012 πρὸς
643 976 692 1011 τὴν
709 975 763 1010 τῶν
775 975 913 1010 πολεμίων
927 974 997 1009 ἄμυ-

201 1033 260 1056 ναν,
278 1024 366 1059 τούτῳ
381 1023 513 1054 ἑκουσίως
534 1022 630 1049 ἑαυτὸν
654 1021 894 1055 κατατιτρώσκων.
919 1021 951 1047 Εἰ
970 1019 997 1046 δὲ

202 1070 305 1103 καλῶςι
320 1069 447 1096 καὶκατὰ
459 1068 505 1095 τὸν
520 1068 599 1103 ὀρθὸν
613 1068 703 1102 λόγον,
718 1068 763 1093 τὸν
780 1066 902 1102 παρόντα
916 1074 999 1101 μετα-

201 1116 362 1151 χειρίζεται,
378 1115 427 1141 καὶ
442 1114 582 1149 οἰκονόμος
597 1113 656 1139 ἐστὶ
667 1112 722 1139 τῶν
738 1111 813 1147 παρὰ
825 1111 893 1137 Θεοῦ
906 1110 997 1137 δοθέν-

200 1170 265 1193 των,
281 1159 452 1187 ἐπαινεῖσθαι
468 1159 516 1186 καὶ
539 1158 698 1193 ἀγαπᾶσθαι
727 1158 741 1184 ὁ
755 1157 875 1188 τοιοῦτος
893 1156 999 1188 δίκαιός

201 1209 259 1234 ἐστι
274 1207 319 1234 διὰ
331 1207 362 1234 τὸ
372 1206 535 1241 φιλάδελφον
551 1205 598 1232 καὶ
614 1203 775 1232 κοινωνικὸν
787 1203 833 1230 τοῦ
847 1203 963 1238 τρόπου.

236 1295 330 1328 Γενοῦ,
348 1295 488 1331 ἄνθρωπε,
519 1296 585 1322 ὡσεὶ
613 1294 692 1322 ἐλαία
714 1294 894 1328 κατάκαρπος
919 1292 999 1328 ὲντῷ

201 1341 268 1376 οἴκῳ
282 1341 329 1367 τοῦ
346 1340 425 1372 Θεοῦ,
443 1340 578 1375 μηδέποτε
595 1338 785 1374 γυμνούμενος
800 1339 850 1372 τῆς
878 1337 997 1371 ἐλπίδος,

201 1385 259 1413 ἀλλ’
275 1386 316 1412 ἀεὶ
333 1385 484 1412 ϐάλλουσαν
510 1385 581 1419 έχων
605 1385 669 1420 περὶ
699 1385 812 1410 σεαυτὸν
828 1385 878 1419 τὴν
896 1383 940 1410 διὰ
954 1383 999 1409 πί-

203 1440 289 1463 στεως
305 1431 452 1467 σωτηρίαν,
469 1430 541 1458 οὕτω
560 1431 608 1458 καὶ
630 1431 660 1456 τδ
675 1430 817 1461 ἁειῦαλλὲς
832 1429 880 1456 τοῦ
900 1428 999 1464 φύλλου

203 1479 323 1514 μιμήσῃ,
353 1478 400 1504 καὶ
427 1477 457 1504 τὸ
488 1477 666 1512 πολύκαρπον
690 1477 718 1503 δὲ
749 1476 832 1503 αὐτοῦ
856 1476 998 1510 ζηλώσεις,

202 1522 318 1557 ἄφθονον
331 1521 381 1557 τὴν
397 1522 582 1557 ἐλεημοσύνην
597 1521 678 1548 παντὶ
698 1520 787 1556 καιρῷ
802 1520 997 1556 παρεχόμενος.

1013 1544 1035 1572 C

235 1611 291 1638 Οὐχ
303 1605 391 1645 οἶμαι,
404 1609 443 1645 τῷ
458 1610 533 1644 πόσῳ
545 1609 595 1643 τῆς
606 1609 749 1644 διδομένης
762 1609 827 1644 ῦλης
840 1608 922 1644 οὗσης
936 1608 1001 1642 ἔξω-

204 1658 261 1691 θεν,
288 1658 348 1688 ταῖς
364 1656 392 1683 δὲ
420 1656 641 1692 προσφερούσαις
669 1655 794 1690 γνώμαις
814 1656 922 1692 *μᾶλλον
954 1656 1001 1682 καὶ

203 1704 381 1739 προαιρέσεσι
394 1701 444 1737 τὴν
461 1701 616 1737 φιλοτιμίαν
632 1702 680 1729 καὶ
693 1701 743 1736 τὴν
761 1701 1000 1737 μεγαλοπρέπειαν

202 1752 216 1777 ὁ
228 1751 249 1776 ιε
255 1749 299 1786 pb:
316 1749 395 1784 λόγος
407 1747 601 1783 ὲσταθμίσατο.

239 1841 333 1868 Οὐδενὶ
346 1840 400 1867 τῶν
410 1840 519 1867 πάντων
535 1839 621 1870 οὕτως
637 1839 674 1870 ὡς
692 1838 759 1872 ἐλέῳ
773 1838 838 1870 Θεὸς
850 1837 1001 1874 θεραπεύε-

202 1897 257 1919 ται,
274 1888 315 1914 ὃτι
332 1887 398 1922 μηδὲ
413 1886 577 1921 οἰκειότερον
592 1885 657 1913 ἄλλο
681 1885 776 1911 τούτου
790 1885 859 1919 Θεῷ,
873 1881 903 1910 οὗ
927 1884 1001 1916 ἔλεος

203 1934 248 1960 καὶ
265 1933 379 1968 ἀλήθεια
410 1931 638 1967 προπορεύονται,
669 1931 716 1957 καὶ
729 1928 752 1964 ᾧ
765 1931 940 1965 προσοιστέον
957 1931 1001 1957 τὸν

202 1979 276 2005 ἔλεον
292 1979 344 2013 πρὸ
356 1978 406 2013 τῆς
423 1978 549 2013 κρίσεως.
560 1977 628 2003 Οὐδὲ
639 1977 693 2011 γὰρ
706 1976 779 2012 ἄλλῳ
793 1977 845 2003 τινὶ
857 1977 894 2008 ὼς
907 1976 1001 2011 φιλαν-

203 2024 312 2059 Ορωττίᾳ⁷
324 2023 355 2049 τὸ
379 2023 570 2058 φιλάνθρωπον
600 2022 764 2049 ἀντιδίδοται
791 2021 866 2056 παρὰ
886 2021 934 2048 τοῦ
949 2021 1001 2059 »δι-

203 2057 543 2105 καίωςΠάντιμετροῦντος
575 2069 604 2095 ὲν
633 2067 710 2104 ξιιγῷ
739 2068 787 2095 καὶ
812 2067 924 2103 σταθμῷ
949 2057 1002 2094 χτδν

204 2116 289 2143 ἔλεον.

1050 248 1116 268 num
1137 238 1258 274 pauperi
1285 237 1381 272 largiri
1397 242 1488 271 paras,
1506 234 1559 262 hoc
1575 232 1658 260 simul
1679 235 1707 258 et
1727 231 1842 262 donum,

1049 292 1077 315 et
1093 287 1174 314 fenus
1198 289 1265 313 est:
1292 283 1408 314 donum,
1437 282 1564 316 inquam,
1598 277 1663 313 quia
1693 275 1843 310 recipiendi

1051 332 1126 360 nulla
1152 338 1217 366 spes
1236 329 1362 364 allulget;
1386 327 1466 355 l‘enus
1489 330 1593 358 autem,
1615 324 1650 352 ob
1671 323 1733 358 ejus
1747 322 1795 357 qui
1810 321 1844 348 il-

1050 378 1104 405 lius
1118 375 1230 404 nomine
1245 373 1396 410 persolvit.
1412 370 1649 402 munificentiam;
1662 368 1780 404 quicum
1794 374 1843 402 per

1049 428 1198 458 pauperem
1216 419 1345 455 exiguum
1363 417 1430 453 quid
1448 416 1597 451 acceperit,
1617 414 1737 450 iugentia
1750 421 1800 449 pro
1810 420 1844 440 eo

1049 468 1192 504 rependat.
1219 466 1287 493 Nam
1316 464 1363 500 qui
1402 463 1550 491 miseretur
1582 461 1722 496 pauperis,
1756 461 1844 495 inquit

1050 514 1106 546 ille,
1127 513 1271 540 feneratur
1286 510 1403 537 Domino
1416 509 1510 545 (Prov.
1529 515 1590 539 xtx,
1603 507 1658 541 l7).

1085 557 1227 593 Ejusdem.
1240 571 1275 576 —-
1291 555 1344 589 Qui
1369 555 1417 582 tibi
1441 561 1508 589 opes
1526 553 1612 585 dedit,
1633 552 1690 587 ipse
1707 559 1757 586 per
1777 558 1844 585 pau-

1049 611 1146 640 perum
1161 610 1261 630 manus
1276 601 1479 636 eleemosyuam
1500 599 1549 627 abs
1566 602 1592 625 te
1605 597 1704 633 poscit.
1729 596 1807 629 Quod
1820 597 1842 622 si

1050 657 1112 685 qua:
1127 655 1177 676 sua
1203 650 1269 675 sunt
1292 646 1422 681 accipiat,
1441 645 1574 680 integrant
1601 643 1728 679 gratiam,
1744 649 1775 670 ac
1788 641 1811 669 si
1828 649 1844 668 a

1049 701 1077 724 te
1087 694 1225 724 beneﬁcio
1243 695 1344 720 auctus
1356 696 1440 723 esset,
1457 688 1599 725 persolvit.

1086 741 1183 778 Ejuid.
1204 740 1277 767 hom.
1293 739 1325 765 de
1339 737 1421 765 invid.
1439 752 1474 757 -—
1487 735 1540 769 Qui
1554 735 1630 762 dives
1645 738 1697 766 est,
1710 741 1764 762 nou
1779 741 1843 770 pro-

1050 790 1124 817 tinus
1144 788 1181 815 ob
1196 786 1307 814 divitias
1322 782 1494 812 aemulandus
1509 785 1552 809 est
1567 790 1573 808 :
1598 788 1655 808 non
1675 781 1740 808 item
1753 780 1788 807 ob
1801 780 1844 807 di-

1049 834 1165 872 gnitatis
1183 830 1393 867 amplitudinem
1402 828 1433 855 is
1457 827 1506 862 qui
1521 827 1645 862 polentia
1672 826 1761 854 ﬂoret.
1781 825 1844 853 Haec

1049 870 1124 908 enim
1153 878 1271 913 reliquae
1296 875 1407 903 virtutis
1438 874 1625 902 instrumenta
1647 876 1713 900 sunt
1738 872 1773 898 iis
1796 870 1844 906 qui

1048 927 1120 955 bene
1133 928 1264 956 utuntur,
1281 930 1336 951 non
1353 925 1445 950 autem
1459 921 1517 955 ipsa
1533 920 1562 947 in
1574 927 1604 947 se
1618 919 1776 947 felicitatem
1794 917 1845 944 ha—

1047 975 1125 1002 bent.
1148 971 1244 1006 Itaque
1262 970 1347 997 miser
1362 973 1404 996 est
1429 967 1477 1002 qui
1493 966 1537 994 his
1554 965 1625 994 male
1650 965 1750 995 utitur.
1771 963 1843 990 haud

1048 1027 1128 1049 secus
1150 1025 1191 1055 ac
1216 1018 1263 1045 ille
1278 1017 1324 1052 qui
1351 1015 1454 1051 gladio,
1473 1021 1555 1049 quem
1582 1013 1616 1040 ad
1641 1009 1845 1047 propulsandos

1048 1067 1141 1094 hostes
1156 1064 1275 1100 accepit,
1297 1062 1420 1097 seipsum
1447 1061 1637 1090 convulnerat.
1659 1059 1695 1085 At
1718 1057 1740 1085 si
1757 1061 1843 1089 recte,

1048 1116 1131 1148 atque
1154 1117 1185 1140 ut
1211 1110 1313 1139 rationi
1338 1112 1557 1136 consentaneum
1584 1109 1648 1136 est,
1671 1104 1753 1139 4⁸1⁸1
1779 1109 1846 1138 opes

1049 1158 1235 1191 administrat,
1257 1159 1286 1184 et
1307 1163 1339 1183 ea
1353 1162 1415 1190 quae
1432 1153 1504 1181 Deus
1523 1151 1576 1180 sibi
1596 1150 1714 1183 dederit,
1731 1149 1844 1183 dispen-

1049 1207 1102 1237 sat,
1118 1203 1142 1230 is
1156 1203 1235 1238 plane
1262 1204 1375 1236 propter
1401 1199 1565 1227 charitatem
1589 1201 1616 1224 et
1633 1195 1843 1227 liberalitatem,

1049 1249 1130 1276 laude
1144 1253 1172 1275 et
1187 1246 1381 1275 benevolentia
1397 1244 1496 1280 dignus
1518 1246 1572 1271 est.

1084 1293 1222 1327 Ejusdem.
1234 1308 1267 1313 —-
1281 1292 1319 1319 Da
1331 1297 1456 1326 operam,
1471 1297 1487 1317 ο
1503 1289 1596 1321 homo,
1614 1291 1643 1315 ut
1656 1287 1696 1315 sis
1711 1291 1845 1321 tanquam

1049 1339 1122 1367 oliva
1158 1338 1305 1366 fructifera
1328 1337 1356 1363 in
1378 1336 1462 1363 domo
1486 1334 1551 1366 Dei;
1568 1332 1701 1361 nimirum
1716 1336 1746 1358 ut
1768 1337 1845 1366 spent

1050 1385 1214 1420 neutiquam
1230 1383 1360 1418 abjicias,
1375 1381 1422 1409 sed
1438 1380 1568 1411 salutem,
1583 1385 1646 1413 quae
1662 1376 1716 1404 [ide
1731 1383 1847 1410 compa-

1050 1435 1138 1463 ratur,
1153 1430 1227 1458 eirca
1249 1434 1277 1457 te
1294 1435 1404 1463 semper
1422 1426 1560 1454 virentem
1578 1424 1691 1451 habeas.
1709 1421 1756 1449 Sic
1768 1429 1848 1449 nem-

1050 1485 1084 1512 pe
1098 1481 1125 1504 et
1142 1480 1275 1511 perpetuo
1293 1475 1413 1503 virorem
1429 1473 1513 1500 olivae
1545 1468 1721 1502 imitaberis;
1736 1467 1803 1503 quin
1819 1471 1847 1495 et

1051 1523 1224 1551 feracitatem
1254 1521 1441 1554 mmulaberis,
1468 1521 1581 1547 uberem
1617 1517 1693 1545 omni
1726 1519 1849 1549 tempore

1053 1569 1178 1605 praebens
1192 1568 1407 1601 eleeutosynam.

1088 1614 1118 1642 S.
1145 1613 1224 1648 Greg.
1254 1612 1369 1639 Thaum.
1394 1610 1433 1637 De
1455 1609 1557 1637 (audiit.
1585 1608 1744 1643 0rigen.—-
1762 1606 1848 1634 Sacra

1052 1660 1191 1692 doctrina,
1205 1662 1234 1686 ut
1254 1658 1321 1685 mihi
1345 1656 1456 1693 quidem
1476 1655 1597 1688 videtur,
1618 1658 1745 1682 nontam
1760 1656 1849 1680 mate-

1053 1707 1102 1734 rize
1113 1706 1183 1733 data:
1199 1705 1367 1741 quantitate,
1384 1707 1414 1731 ut
1426 1710 1487 1738 qua:
1503 1706 1617 1730 externa
1631 1700 1678 1732 sit,
1688 1705 1771 1734 quam
1783 1697 1847 1725 οπε-

1054 1751 1176 1778 rentium
1208 1751 1351 1777 voluntate
1362 1752 1391 1776 et
1423 1748 1568 1779 instituto,
1593 1744 1802 1773 liberalitatem.
1819 1746 1847 1770 et

1053 1796 1273 1824 muniﬁcentiam
1290 1794 1463 1830 ponderat-it.

1087 1842 1118 1870 S.
1133 1841 1241 1877 Cregor.
1252 1840 1386 1868 Naziauz.
1402 1843 1474 1866 orat.
1487 1838 1532 1865 l5.
1549 1853 1584 1859 —
1597 1836 1678 1864 Nulla
1692 1844 1723 1865 re
1733 1836 1846 1864 omnino

1052 1887 1165 1922 perinde
1181 1894 1213 1914 ac
1227 1884 1420 1913 misericordia
1436 1884 1510 1911 Deus
1523 1883 1702 1915 conciliatur,
1719 1881 1847 1917 quando-

1052 1934 1163 1970 quidem
1180 1940 1231 1960 uec
1248 1932 1323 1960 aliud
1348 1931 1500 1970 quidquam
1526 1930 1583 1958 Deo
1596 1931 1684 1965 magis
1701 1929 1844 1964 proprium

1052 1984 1096 2008 est
1118 1989 1124 2007 :
1142 1980 1247 2014 quippe
1278 1986 1361 2013 quem
1386 1977 1580 2005 misericordia
1601 1980 1629 2004 et
1650 1976 1755 2003 veritas
1775 1983 1847 2011 pra:-

1053 2026 1170 2058 ceduut,
1184 2030 1210 2053 et
1224 2025 1268 2052 eui
1291 2023 1487 2052 misericordia
1507 2027 1572 2050 ante
1604 2021 1742 2058 judicium
1765 2021 1848 2049 debet

1052 2071 1156 2100 offerri.
1171 2071 1265 2106 Neque
1278 2071 1352 2098 enim
1368 2069 1423 2097 ulla
1443 2078 1474 2098 re
1487 2070 1551 2103 alia,
1567 2069 1622 2097 nisi
1640 2067 1845 2101 misericordia,

1058 2117 1255 2147 misericordia
1283 2117 1318 2144 ab
1335 2124 1368 2144 eo
1385 2116 1561 2152 rependitur,
1591 2115 1639 2151 qui
1670 2115 1759 2150 juste,
1775 2118 1803 2142 et
1818 2113 1847 2142 in

1053 2164 1186 2199 pondere,
1199 2167 1226 2191 et
1237 2171 1368 2191 mensura
1398 2162 1623 2190 misericordiam
1636 2161 1793 2189 remetitur.

238 2212 287 2244 Δός
298 2221 325 2238 τι
339 2211 400 2248 Θεῷ
425 2211 614 2247 χαριστήριον,
627 2211 668 2238 ὅτι
683 2210 737 2238 τῶν
750 2210 872 2238 εῦποιεῖν
886 2209 1001 2246 δυναμέ-

1094 2209 1166 2236 Ibid.
1186 2224 1222 2229 —
1235 2208 1320 2236 Grato
1334 2208 1430 2236 animo
1447 2208 1552 2244 aliquid
1581 2207 1638 2235 Deo
1655 2207 1759 2241 tribue,
1781 2207 1847 2244 quia

204 2267 257 2286 νων
273 2259 377 2293 ἐγένου,
400 2258 458 2284 ἀλλ’
475 2258 505 2285 οὐ
520 2258 574 2285 τῶν
589 2258 718 2285 εὐπαθεῖν
739 2257 884 2292 δεομένων,
900 2257 940 2284 ὃτι
967 2255 1004 2292 μὴ

206 2304 315 2339 βλέπεις
328 2305 368 2335 εἰς
383 2304 526 2339 ἀλλοτρίας
541 2305 646 2340 χεῖρας,
657 2304 715 2330 ἀλλ’
727 2304 767 2335 εἰς
782 2303 830 2335 τὰς
840 2303 890 2335 σὰς
904 2303 1003 2339 ἕτεροι.

205 2351 360 2386 Πλούτησον
371 2350 408 2386 μὴ
423 2350 583 2386 περιουσίαν
599 2350 691 2386 μόνον,
709 2349 834 2377 ἀλλὰκαὶ
849 2350 1003 2377 εὐσέϐειαν

206 2397 243 2433 μὴ
262 2397 342 2432 μόνον
356 2397 387 2424 τδ
410 2396 531 2432 χρυσίον,
554 2397 623 2423 ἀλλὰ
651 2397 698 2424 καὶ
720 2397 770 2434 τὴν
787 2398 897 2434 ἀρετήν.
922 2398 1004 2426 Γενοῦ

204 2443 251 2470 τοῦ
268 2442 383 2479 πλησίον
398 2442 572 2478 τιμιώτερος.
586 2443 616 2469 ὲν
624 2443 662 2478 τῷ
678 2444 795 2478 φανῆναι
807 2444 1002 2480 χρηστότερος.

204 2487 289 2515 Γενοῦ
299 2488 339 2523 τῷ
354 2487 499 2524 ἀτυχοῦντι
519 2488 597 2521 Θεὸς,
613 2488 659 2515 τὸν
682 2488 758 2515 ἔλεον
783 2489 850 2516 Θεοῦ
866 2489 1004 2525 μιμούμε-

206 2543 260 2566 νος.
278 2534 362 2562 Οὐδὲν
379 2535 432 2570 γὰρ
450 2533 536 2566 οὕτως
549 2533 588 2566 ὡς
605 2534 634 2561 τὸ
645 2534 767 2562 εὐποιεῖν
789 2535 934 2572 ἄνθρωπος
947 2535 1003 2571 ἔχει

205 2580 284 2608 Θεοῦ.

239 2711 300 2740 Olet
314 2710 352 2746 μὴ
363 2709 488 2746 ἀνάγκην
511 2708 582 2738 εἷναί
596 2720 638 2738 σοι
652 2711 703 2748 τῆς
732 2713 905 2749 εὐεργεσίας,
935 2715 1004 2743 ἀλλὰ

207 2757 386 2793 προαίρεσιν;
406 2757 511 2792 Σφόδρα
526 2757 574 2785 καὶ
604 2757 686 2789 αὐτὸς
703 2759 864 2795 ὲὸουλόμην,
888 2762 934 2789 καὶ
952 2763 1003 2789 ὑπ-

207 2802 361 2838 ελάμϐανον
398 2802 466 2831 ἀλλὰ
482 2803 562 2838 φοὸεῑ
589 2813 622 2840 με
638 2806 654 2839 ὴ
684 2806 817 2841 ἀριστερὰ
839 2807 900 2843 χεὶρ
917 2809 963 2835 καὶ
979 2811 1002 2836 οἱ

207 2850 307 2886 ἔριφοι,
323 2849 494 2893 καὶιᾶητιαρὰ
511 2850 555 2877 τοῦ
571 2851 718 2887 στήσαντος
746 2853 931 2888 ὀνειδίζονται,
955 2855 1003 2890 οὐχ

1057 2261 1086 2284 ιιι
1103 2265 1135 2284 ex
1151 2263 1248 2284 eorum
1281 2262 1399 2283 numero
1415 2262 1447 2282 es
1463 2254 1512 2290 qui
1526 2254 1597 2282 bene
1608 2254 1642 2282 de
1657 2254 1720 2283 aliis
1746 2255 1847 2282 mereri

1057 2303 1176 2339 possint,
1194 2309 1250 2329 non
1275 2301 1323 2336 qui
1338 2300 1481 2328 beneﬁciis
1495 2300 1612 2328 aliorum
1626 2307 1697 2336 opus
1713 2300 1846 2328 habeant:

1055 2357 1118 2377 cum
1132 2349 1159 2376 in
1179 2349 1284 2376 alienas
1302 2355 1403 2376 manus
1428 2354 1484 2374 non
1509 2347 1657 2380 intuearis,
1672 2346 1721 2374 sed
1734 2346 1763 2374 in
1786 2350 1848 2374 tuas

1055 2395 1112 2423 alii.
1128 2395 1174 2422 Sis
1199 2402 1255 2422 non
1272 2394 1372 2429 opibus
1383 2397 1411 2420 et
1426 2393 1607 2421 facultatibus
1627 2392 1722 2425 modo,
1753 2400 1848 2420 verum

1056 2447 1084 2469 et
1106 2441 1206 2476 pietate
1221 2440 1299 2467 dives
1317 2446 1392 2467 :non
1414 2443 1519 2466 tantum
1541 2445 1622 2470 auro,
1635 2437 1683 2466 sed
1694 2437 1776 2465 etiam
1792 2438 1850 2465 vir-

1056 2491 1127 2514 tute.
1155 2485 1202 2514 Sis
1228 2486 1353 2521 proximo
1378 2489 1426 2512 tuo
1450 2485 1504 2512 hoc
1521 2484 1634 2512 nomine
1660 2486 1848 2519 praestantior,

1055 2533 1128 2569 quod
1145 2532 1278 2567 majorem
1289 2531 1488 2566 benignitatem
1503 2529 1644 2566 praeferas.
1662 2530 1707 2558 Sis
1732 2530 1849 2557 calami-

1055 2583 1116 2606 toso
1131 2577 1215 2611 Deus,
1228 2577 1277 2605 Dei
1293 2577 1512 2604 misericordiam
1530 2575 1674 2604 imitando.
1689 2575 1762 2603 Nihil
1774 2575 1846 2604 enim

1055 2629 1111 2651 tam
1130 2623 1256 2651 divinum
1277 2623 1363 2651 habet
1379 2623 1471 2658 homo,
1485 2631 1569 2659 quam
1586 2624 1658 2652 bene
1668 2623 1702 2651 de
1714 2622 1780 2650 aliis
1789 2628 1848 2650 me-

1053 2670 1135 2699 rendi
1155 2669 1329 2698 facultatem.

1092 2716 1232 2751 Ejusdem.
1250 2730 1298 2751 _—
1327 2715 1370 2743 Au
1388 2719 1417 2743 tu
1436 2715 1654 2743 beneficentiam
1679 2714 1789 2743 arbitrii
1809 2714 1849 2742 tui

1055 2770 1118 2791 esse
1133 2767 1227 2798 putas,
1244 2769 1301 2789 non
1316 2762 1499 2790 necessitatis
1516 2762 1527 2787 ?
1547 2761 1637 2794 Quam
1652 2761 1712 2796 ipse
1739 2768 1850 2797 quoque

1055 2810 1152 2837 vellem
1173 2809 1211 2836 ita
1238 2813 1324 2843 esset,
1347 2813 1431 2844 atque
1460 2809 1545 2836 etiam
1573 2809 1774 2836 existimarem.
1795 2807 1848 2835 Sed

1055 2856 1121 2886 mibi
1137 2860 1239 2884 metum
1258 2855 1374 2886 sinistra
1392 2855 1439 2884 illa
1457 2855 1573 2890 incutit,
1589 2859 1615 2884 et
1628 2855 1716 2889 haedi,
1737 2857 1764 2883 et
1779 2861 1847 2891 pro-
