2056 3113
267 122 333 153 1407

860 123 890 154 8.
911 123 1072 154 JOANNIS
1091 123 1307 154 DAMASCENI

1840 121 1913 153 1468

268 182 318 209 bra
335 189 396 216 quae
410 188 424 208 a
442 181 537 216 judice
554 181 581 208 in
597 188 645 208 eos
659 180 853 215 conjiciuntur
869 191 876 210 :
890 190 947 209 non
978 181 1052 217 quod

1106 183 1146 209 ὅτι
1160 182 1360 217 διηρπάκασιν,
1377 181 1432 208 οὐδ’
1457 181 1498 208 ὅτι
1515 180 1709 216 σεσυλήκασιν,
1726 180 1742 215 ἦ
1760 180 1914 215 μεμοιχεύ-

266 228 422 262 rapuerint,
439 230 486 253 aut
502 226 641 261 sacrilegii
657 226 702 253 vel
728 226 861 254 adulterii
886 227 1008 255 crimine
1024 235 1054 255 se

266 273 452 306 devinxerim,
472 277 520 299 ant
533 271 607 299 aliud
626 272 768 307 quidpiam
790 273 865 308 quod
885 274 1054 309 prohibitum

266 320 302 346 sit
320 319 522 354 perpetrarint,
552 319 640 353 hujus
669 318 777 346 ordinis
808 319 1054 352 damnantur;sed

266 366 330 400 quia
346 365 487 392 Christum
503 373 551 400 per
562 372 700 400 pauperes
713 364 829 392 minime
844 365 1003 393 coluerunl.
1019 380 1053 385 —

266 410 409 437 Neminem
423 417 544 444 unquam
563 409 618 436 Deo
630 409 735 444 aliquid
751 417 884 444 erogasse
911 410 1054 444 paenituit.

265 455 367 483 Multus
380 456 453 483 enim
466 460 510 483 est
525 455 558 482 ad
574 455 690 490 gratiam
705 455 924 490 rependemlam.
949 471 984 476 —
1013 455 1056 484 Sil.

265 502 449 530 beneﬁcentia
462 506 560 529 nostra
575 509 607 528 ex
622 508 655 528 eo
677 501 751 535 quod
764 501 846 529 nobis
862 502 1055 530 necessarium

266 551 320 581 est,
334 555 388 574 non
407 555 439 574 ex
459 554 492 573 eo
507 546 580 581 quod
593 545 743 573 redundat.
760 545 818 573 llac
832 546 972 574 oblatione
983 546 1055 574 Deus

268 594 358 629 magis
369 593 523 621 delectatur
548 599 631 627 quam
655 599 802 619 munerum
825 591 907 627 copia
923 596 951 619 et
971 593 1057 625 largi-

267 640 352 668 tionis
368 638 571 674 magnitudine.
589 653 624 657 —
637 637 760 664 Mutuam
773 645 838 672 erga
854 645 906 666 nos
927 638 1057 666 humani-

266 691 351 714 tatem
384 685 458 713 Deus
484 692 499 711 a
517 684 598 711 nobis
628 684 767 719 exposcit.
797 683 908 711 etiamsi
938 684 974 712 ab
995 684 1057 720 ipso

265 733 432 768 plectamur.
446 746 482 751 —
499 730 557 757 Hoc
570 731 652 765 longe
663 729 884 765 pulcherrimum
901 734 986 765 atque
1004 731 1057 758 hu-

1106 236 1197 261 κασιν,
1214 228 1231 264 ἢ
1248 227 1313 255 ἄλλο
1336 227 1430 253 τιτῶν
1452 226 1687 262 ἀπηγορευμένων
1710 226 1909 261 πεποιήκασιν.

1105 274 1208 310 ταύτην
1217 274 1266 310 τὴν
1281 273 1359 305 τάξιν
1371 272 1635 308 καταψηφισθέντες,
1647 272 1705 299 ἀλλ’
1719 272 1759 299 ὅτι
1776 272 1813 308 μή
1837 272 1911 307 Χρι-

1107 321 1168 348 στὸν
1183 320 1228 347 διὰ
1245 319 1300 346 τῶν
1321 319 1457 355 δεομένων
1476 319 1726 353 τεθεραπεύκασιν.
1752 333 1786 339 —-
1810 317 1911 349 Οὐδεὶς

1108 366 1231 402 μετέγνω
1259 365 1312 392 τῶν
1324 364 1384 400 Θεῷ
1400 374 1427 392 τι
1445 365 1700 400 προσενεγκάντων.
1733 363 1820 395 Πολὺς
1832 364 1909 390 ἐστιν.

1106 413 1146 444 εἰς
1160 411 1348 438 ἀνταπόδοσιν.
1365 426 1401 432 —
1416 411 1508 438 Ἴεστω
1531 411 1562 438 τὸ
1588 410 1692 444 ἀγαθὸν
1715 409 1794 445 ὑμῶν
1808 410 1841 436 ἐκ
1858 410 1911 444 τῆς

1106 457 1210 493 χρείας,
1234 457 1270 493 μὴ
1291 457 1337 483 τοῦ
1356 456 1585 492 περισσεύματος·
1647 456 1748 491 μᾶλλον
1762 463 1909 491 καρποφο-

1109 505 1153 540 ρίᾳ
1164 503 1230 535 Θεὸς
1247 502 1435 538 εὐφραίνεται,
1447 502 1464 537 ἢ
1476 501 1573 537 πλήθει
1586 502 1634 536 τῆς
1647 502 1787 536 εἰσφορᾶς,
1801 501 1848 527 καὶ
1863 509 1912 535 με-

1107 549 1181 584 γέθει
1196 549 1246 584 τῆς
1259 549 1417 579 ἐπιδόσεως.
1435 563 1468 568 --
1485 547 1696 582 Φιλανορωπίαν
1711 547 1785 582 ἡμᾶς
1795 545 1844 581 τήν
1865 547 1910 578 εἰς

1107 595 1239 630 ἀλλήλους
1251 594 1362 622 ἁπαιτεί
1373 594 1388 619 ὁ
1398 593 1475 626 Θεὸς,
1487 593 1538 620 κᾶν
1552 592 1598 619 ὑπ’
1615 591 1698 619 αὑτοῦ
1713 591 1909 626 κολαζὼμεθα.

1107 642 1189 668 -Τὸ
1205 641 1348 668 κάλλιστον
1364 640 1410 667 καὶ
1437 638 1710 674 φιλανθρωπότατον,
1737 639 1778 665 ὅτι
1804 637 1841 673 μὴ
1870 639 1908 673 τῇ

1108 689 1171 725 ἀξίᾳ
1188 689 1234 716 τοῦ
1247 688 1395 724 διδομένου,
1425 689 1459 723 τῇ
1470 687 1498 714 δὲ
1520 686 1636 722 δυνάμει
1664 686 1712 713 καὶ
1727 687 1761 721 τῇ
1786 685 1910 712 διαθέσει

1108 737 1154 763 τοῦ
1175 734 1414 770 καρποφοροῦντος
1427 734 1522 769 μετρεῖ
1536 733 1602 764 Θεὸς
1613 732 1662 768 τὴν
1673 732 1803 759 ἐπίδοσιν.
1812 746 1848 751 --
1860 730 1910 766 Μὴ

266 779 459 807 manissimum
477 783 531 810 est,
546 777 621 812 quod
649 776 724 804 Deus
737 784 794 804 non
823 777 948 804 muneris
967 777 1054 812 pretio

1108 782 1256 818 ἀναμείνῃς
1271 780 1398 815 γενέσθαι
1419 779 1555 816 χρηστὸς,
1575 779 1634 806 ἀλλ’
1661 779 1712 814 ήδη
1728 777 1818 812 γενοῦ*
1837 777 1910 813 μηδὲ

266 830 292 853 ct
307 826 452 861 dignitate,
473 824 520 852 sed
536 824 666 852 donantis
682 823 776 850 animo
787 823 964 859 largitionem
975 824 1054 852 meti-

1109 826 1150 852 ὅτι
1169 825 1218 860 τῆς
1233 824 1312 857 ἀξίας
1331 824 1432 855 λείπει,
1447 823 1478 850 τὸ
1498 824 1552 850 πᾶν
1563 823 1702 859 ἐλλείπεις,
1720 822 1787 850 αλλά
1802 822 1832 849 τὸ
1857 822 1910 857 μὲν

267 878 330 898 tur.
349 886 385 892 -—
406 871 445 898 Ne
475 869 641 905 benignitati
674 873 728 896 tuae
746 876 839 897 moras
868 874 974 901 nectas,
1006 869 1054 897 sed

1109 871 1258 906 εἰσένεγκε,
1273 871 1304 898 τὸ
1319 870 1348 897 δὲ
1362 869 1566 905 προθυμήθητι.
1591 884 1627 890 -—-
1645 869 1728 896 οὐδὲν
1740 869 1827 900 οὓτως
1851 868 1910 894 τῶν

268 924 343 944 nunc
368 917 506 951 benignus
548 915 656 943 cmcere
674 924 681 942 :
699 922 751 942 nec
768 916 832 950 quia
849 915 919 943 salis
944 915 1054 952 dignum

1107 917 1310 953 εἰσφερομένων
1330 916 1402 952 Θεῷ,
1427 916 1480 943 κᾶν
1494 917 1645 951 ἐλάχιστον,
1676 915 1692 951 ἢ
1708 915 1760 942 κᾶν
1773 915 1839 942 πολὺ
1856 915 1910 950 τῆς

267 971 369 990 munus
385 962 486 990 olferre
505 962 617 996 nequis,
631 961 739 989 idcirco
751 969 853 990 omnes
864 962 945 989 oﬂicii
964 967 1054 998 partes

1107 963 1185 997 ἀξίας
1199 963 1372 998 λειπόμενον,
1393 962 1408 988 ὃ
1426 962 1465 997 μὴ
1480 963 1624 997 προσίεται
1642 962 1750 994 πάντως
1773 962 1819 988 καὶ
1835 962 1908 988 ἀπο-

267 1010 477 1045 przetermittas.
507 1008 609 1036 Verum
636 1009 674 1036 ita
691 1012 718 1036 te
746 1015 822 1044 gere,
841 1013 870 1036 ut
883 1008 958 1036 aliud
984 1017 1054 1037 nunt:

1107 1011 1226 1046 δέχεται,
1242 1011 1266 1037 εί
1278 1010 1325 1037 καὶ
1336 1009 1497 1044 σταθμίζειν
1510 1006 1581 1036 οῖδεν
1597 1011 1631 1046 τῇ
1645 1009 1736 1045 δικαίᾳ
1754 1009 1842 1045 κρίσει
1861 1009 1910 1036 τὸν

265 1055 377 1088 oderas,
395 1059 422 1083 ct
434 1055 468 1083 ad
489 1055 562 1082 aliud
576 1059 603 1082 te
619 1062 730 1082 rursum
749 1062 901 1090 prepares.
914 1070 950 1075 —
963 1054 1004 1082 Ex
1021 1055 1056 1083 iis
1110 1057 1196 1084 ἔλεον.

265 1111 326 1137 qua:
343 1103 398 1130 Deo
413 1101 660 1134 oderunturmiliil
683 1109 772 1137 usque
787 1101 857 1129 adeo
870 1109 986 1136 parvum
1001 1107 1054 1136 est,
1068 1104 1212 1140 ipsiusque
1244 1104 1381 1140 dignitate
1404 1100 1534 1134 inferius,
1557 1103 1625 1138 quin
1656 1102 1683 1130 id
1712 1102 1826 1130 omnino
1853 1102 1908 1129 ad-

266 1151 356 1178 mittat
375 1155 402 1178 et
432 1150 586 1185 approbet:
608 1149 719 1177 etiamsi
746 1149 824 1184 justo
834 1149 942 1184 judicio
955 1151 1110 1185 ponderarc
1123 1152 1346 1181 misericordiam
1359 1153 1441 1181 sciat.

360 1207 443 1243 478
461 1206 489 1234 S.
507 1206 582 1242 (ἶνες).
600 1206 672 1234 Nae.
687 1214 721 1234 ex
737 1211 796 1234 tetr.
813 1207 849 1234 '50
863 1212 888 1234 et
899 1207 944 1235 40.

319 1252 408 1279 Livori
427 1257 451 1279 et
470 1253 548 1279 linere
564 1251 662 1278 bonum
677 1252 790 1286 estquid
807 1251 924 1284 demere,

318 1288 351 1314 Et
367 1287 511 1314 debitorem
525 1287 653 1322 pra-ferre
665 1287 785 1314 ontuibus
807 1287 899 1320 Deum,

319 1322 420 1348 Frusto
435 1323 556 1356 rependit
574 1327 679 1356 sceptra
696 1322 742 1356 qui
753 1322 881 1349 cmlestia.

318 1357 376 1384 Alis
393 1357 507 1392 legisque
525 1357 661 1384 Christum
678 1365 791 1391 pascens
804 1364 945 1392 pauperes.

320 1422 409 1450 Pruna:
424 1423 447 1449 εἰ
462 1423 529 1449 nihil
544 1423 644 1450 vindici
659 1423 737 1450 debes
759 1423 825 1455 Deo,

321 1457 376 1484 Nec
390 1458 506 1484 debitori
525 1458 592 1485 lenis
604 1459 660 1493 ipse
674 1459 712 1486 si:
727 1464 784 1491 tuo,

279 1520 283 1523 ,
317 1492 418 1520 Debere
428 1493 469 1520 sin
487 1498 512 1519 te
529 1502 582 1520 non
602 1502 690 1528 negas,
705 1494 847 1528 ignoscito.

323 1528 435 1555 Veniant
451 1528 571 1563 rependit
583 1537 645 1556 nam
658 1529 727 1556 Deus
742 1530 898 1558 clementia).

303 1584 442 1620 Ejusdem.
458 1600 493 1605 —
508 1584 581 1618 Quid
607 1586 786 1621 praedonibus
808 1591 837 1614 et
858 1587 967 1615 furibus
993 1586 1054 1614 tlte—

264 1632 508 1666 sanrizarejuvat,
527 1635 741 1667 temporumque
756 1633 973 1665 mutationibus.
990 1640 1053 1668 qua:

263 1678 296 1704 ad
309 1677 378 1704 alios
388 1677 457 1704 alias
466 1681 638 1711 convertant,
647 1678 804 1714 iactentque
815 1679 959 1707 instabiles
968 1683 994 1706 et
1006 1679 1056 1706 Πυ-

263 1731 313 1751 xas
328 1730 396 1758 opes
414 1731 420 1750 :
440 1730 472 1750 ac
492 1730 549 1750 non
565 1723 658 1758 potius
673 1725 759 1752 casiu
777 1728 836 1752 tuta
852 1725 951 1753 horrea
969 1728 1053 1760 atque

264 1769 402 1800 lirmiora,
425 1777 508 1804 quam
548 1773 579 1796 ut
603 1769 720 1798 insidias
749 1770 820 1798 ullas
845 1774 981 1804 metuant,
1008 1777 1054 1798 re-

262 1815 380 1843 condere
393 1815 406 1842 ’ἔ

298 1861 327 1889 S.
347 1860 426 1897 Greg.
443 1861 528 1897 Nysa.
544 1866 614 1890 orat.
630 1862 642 1889 l
669 1861 708 1889 De
723 1861 818 1889 beatit.
833 1877 868 1882 —
895 1862 992 1891 Gravis
1009 1871 1054 1892 res

262 1909 390 1944 quaedam
403 1913 446 1936 est
461 1916 559 1936 aurum
579 1919 586 1936 :
604 1909 676 1937 levis
701 1913 796 1937 autem
810 1913 838 1937 et
851 1917 962 1937 sursum
992 1915 1054 1938 ten-

262 1955 332 1983 dcns
348 1956 448 1984 virtus.
464 1955 592 1984 Gravitas
610 1963 697 1990 porro
707 1952 742 1984 ac
759 1957 858 1985 levitas
874 1957 946 1984 inter
957 1965 987 1984 se
1002 1966 1054 1993 pu-

261 2002 501 2037 gnant.Quocirca
512 2002 624 2037 quando
634 2002 668 2029 ad
679 2010 799 2038 superna
810 2003 1054 2031 conscendendum

263 2052 316 2081 est,
332 2048 430 2077 demus
452 2056 567 2084 operam
592 2053 622 2077 ut
648 2049 683 2076 iis
701 2049 786 2078 rebus
814 2058 877 2085 qua:
899 2058 950 2078 nos
976 2050 1053 2078 hunti

262 2096 443 2131 detorquent,
470 2096 550 2124 vacui
569 2099 596 2124 et
627 2095 724 2130 inopes
745 2096 846 2124 simus.
873 2095 920 2124 Sic
951 2097 1054 2133 quippe

263 2144 310 2170 [iet
326 2147 357 2170 ut
369 2149 481 2170 sursum
494 2143 645 2178 erigantur.
661 2141 758 2177 Neque
779 2143 854 2170 enim
881 2142 942 2170 ﬁeri
961 2146 1054 2178 potest

262 2187 302 2214 nti
318 2187 386 2215 levis
401 2187 538 2222 quispiam
548 2187 692 2219 eﬂieiatur,
706 2187 753 2222 qui
770 2195 801 2215 se
816 2195 909 2214 rerum
933 2187 1052 2216 materia

1146 1253 1248 1281 Καλόν
1264 1262 1290 1281 τι
1306 1253 1407 1286 σητῶν
1418 1253 1561 1287 ἁρπάσαι,
1574 1253 1622 1280 καὶ
1636 1253 1688 1280 τοῦ
1699 1253 1823 1288 φθόνου,

1145 1289 1277 1322 Χριστὸν
1290 1288 1448 1323 χρεώστην
1455 1288 1585 1323 μᾶλλον,
1599 1288 1618 1322 ἢ
1632 1289 1667 1315 τὰ
1677 1288 1774 1316 πάντα
1783 1288 1877 1322 ἔχειν,

1145 1325 1198 1356 Ὃς
1206 1324 1370 1356 ,βασιλείαν
1381 1323 1556 1359 πλάσματος
1569 1324 1726 1358 χαρίζεται.

1142 1359 1272 1393 Χριστὸν
1290 1359 1425 1392 σκέπεις,
1449 1359 1565 1394 τρέφεις
1591 1367 1633 1391 τε,
1645 1361 1696 1386 τὸν
1711 1359 1829 1394 πτωχὸν
1840 1359 1909 1393 τρέ-

1141 1431 1174 1456 El
1183 1429 1280 1464 μηδὲν
1301 1428 1404 1463 ὄφλεις
1413 1429 1454 1462 τῷ
1471 1428 1531 1461 Θεῷ
1546 1429 1694 1464 τιμωρίας,
1783 1393 1871 1430 [ρων.

1141 1464 1217 1497 Μηὸ¹
1229 1465 1319 1499 αρτὺς
1338 1465 1401 1491 ἴσθι
1419 1464 1481 1497 τοῖς
1491 1464 1622 1498 ὅφλουσι
1637 1465 1810 1499 συμπαθής.

1139 1501 1173 1527 Ei
1192 1500 1218 1525 δ’
1237 1497 1321 1532 οἶδας
1332 1499 1445 1534 ᾤερλων,
1458 1497 1695 1534 καὶίπρόχρησοί-
1708 1500 1741 1527 τὸ
1759 1497 1868 1534 πρᾶον.
1901 1526 1905 1527 ,

1142 1535 1236 1568 Οἴκτῳ
1248 1535 1303 1570 γὰρ
1315 1532 1414 1567 οἶκτος
1432 1535 1482 1562 καὶ
1499 1532 1560 1568 Θεῷ
1576 1532 1772 1570 σταθμίζεται.

1143 1591 1175 1618 Τί
1188 1592 1229 1618 δεῖ
1244 1591 1422 1627 θησαυρίζειν
1435 1592 1549 1628 λῃσταῖς
1564 1593 1610 1619 καὶ
1625 1592 1768 1626 κλέπταις,
1781 1594 1828 1620 καὶ
1845 1603 1909 1621 και-

1107 1637 1162 1674 ρῶν
1173 1637 1347 1672 μεταὸολαῖς,
1362 1637 1456 1665 ἄλλοσε
1469 1640 1508 1670 είς
1518 1638 1614 1670 ἄλλους
1630 1639 1839 1673 μετατιθέντων,
1858 1640 1908 1666 καὶ

1107 1682 1270 1717 ριπιζόντων
1285 1682 1334 1718 τὴν
1347 1683 1463 1710 ἄστατον
1477 1683 1619 1719 εὐπορίαν,
1631 1684 1700 1711 ἀλλὰ
1711 1684 1808 1716 εἰςτὰς
1818 1685 1908 1719 ἀσφα-

1106 1727 1162 1760 λεῖς
1175 1728 1319 1764 ἀποθήκας
1326 1729 1504 1757 ἀποτίθεσθαι
1518 1730 1572 1757 τῶν
1585 1730 1815 1759 ἐπιϐουλευόντων
1828 1731 1907 1767 ἰσχυ-

1106 1774 1233 1810 ροτὲρας,

1138 1864 1210 1899 Βαρύ
1226 1873 1252 1891 τι
1266 1864 1362 1900 χρῆμα
1377 1864 1408 1892 τὸ
1434 1865 1546 1900 χρυσίον
1564 1865 1622 1892 ἐστί
1635 1874 1641 1880 ·
1659 1865 1759 1900 κοῦφον
1774 1866 1802 1893 δέ
1813 1876 1839 1893 τι
1859 1868 1908 1894 καὶ

1105 1909 1246 1946 ἀνωφερὲς
1275 1910 1392 1946 πρᾶγμα
1418 1910 1547 1946 ήάρετή.
1566 1910 1648 1937 Ἀλλὰ
1674 1911 1728 1946 μὴν
1752 1912 1908 1940 ἀντίκειται

1105 1956 1192 1983 ταῦτα
1206 1956 1333 1991 ἀλλήλοις
1347 1956 1377 1982 τὸ
1389 1955 1472 1991 βάρος
1490 1957 1538 1983 καὶ
1550 1957 1567 1992 ή
1587 1957 1733 1993 κουφότης.
1748 1957 1780 1984 Εἰ
1792 1956 1837 1985 οὖν
1851 1959 1908 1994 χρὴ

1104 2003 1160 2034 τοῖς
1175 2002 1231 2029 ἄνω
1246 2002 1434 2038 προσϐαίνειν,
1452 2002 1506 2029 τῶν
1527 2003 1718 2031 καθελκόντων
1736 2005 1901 2040 πτωχεύσω-

1107 2057 1167 2083 μεν,
1179 2048 1222 2074 ἵνα
1242 2048 1271 2075 ἐν
1284 2049 1342 2080 τοῖς
1356 2048 1413 2075 ἄνω
1424 2048 1580 2084 γενώμεθα.
1603 2050 1758 2085 Ἀμήχανον
1771 2050 1825 2087 γὰρ
1841 2052 1907 2078 κοῦ-

1105 2094 1155 2128 φόν
1180 2102 1241 2121 τινα
1257 2094 1385 2128 γενέσθαι
1408 2095 1454 2121 τὸν
1483 2094 1522 2130 τῷ
1544 2095 1623 2131 βάρει
1642 2095 1693 2131 τῆς
1717 2096 1783 2132 ὕλης
1808 2097 1906 2124 ἑαυτὸν

1105 2137 1308 2174 συνηλώσαντα.
1327 2138 1440 2171 Τίςδὲό
1454 2139 1554 2174 τρόπος
1578 2141 1723 2177 ὑφηγεῖται
1751 2142 1768 2177 ή
1790 2142 1902 2179 ψαλμῳ-

1104 2184 1158 2212 δία·
1180 2184 1381 2219 Ἐσκόρπισεν
1391 2205 1399 2220 ,
1419 2184 1512 2212 ἔδωκε
1527 2186 1589 2220 τοῖς
1602 2186 1742 2220 πένησιν·
1757 2188 1776 2222 ἢ
1797 2188 1905 2216 δικαιο-

262 2233 450 2260 constantium
469 2232 584 2267 ponderi
599 2233 728 2260 alliserit.
745 2233 872 2266 Quonam
886 2241 971 2268 porro
989 2241 1049 2260 mo-

1105 2231 1185 2265 σύνη
1196 2231 1290 2258 αὐτοῦ
1298 2231 1385 2266 μένει
1399 2232 1442 2265 εἰς
1453 2232 1508 2258 τὸν
1517 2231 1610 2259 αἰῶνα
1620 2233 1675 2260 τοῦ
1689 2233 1808 2268 αἰῶνος.
1825 2235 1856 2262 Ὀ
1867 2236 1906 2270 τῷ

261 2278 297 2305 do
314 2278 340 2306 id
355 2278 488 2312 consequi
503 2278 655 2312 possimus,
671 2278 714 2306 liis
726 2278 819 2306 verbis
847 2278 928 2306 docet
938 2278 1055 2306 Psalmi-

260 2327 302 2350 sta
316 2321 470 2357 :Dt'spersit,
487 2322 558 2349 dedit
570 2323 731 2357 pauperibus
743 2331 752 2355 ;
765 2323 876 2358 justitia
891 2323 948 2359 ejus
963 2329 1051 2351 manet

1111 2277 1213 2312 πτωχῷ
1235 2276 1325 2304 τοίνυν
1353 2278 1538 2313 κοινωνήσας,
1565 2279 1605 2310 είς
1628 2279 1678 2315 τὴν
1696 2280 1793 2317 μερίδα
1809 2282 1857 2309 τοῦ
1873 2282 1908 2311 δι’

1109 2323 1182 2358 ἡμᾶς
1192 2322 1400 2358 πτωχεύσαντος
1416 2323 1512 2350 ἑαυτὸν
1522 2325 1644 2360 καταστή
1649 2333 1701 2352 σει.

260 2371 287 2397 in
301 2371 427 2398 saeculum
444 2370 536 2398 sweuli
553 2370 651 2406 (Psal.
667 2377 723 2404 cn,
738 2371 786 2405 9).
802 2370 897 2407 itaque
915 2372 962 2407 qui
978 2371 1092 2406 pauperi
1109 2369 1259 2398 facultates
1275 2378 1342 2399 suas
1371 2370 1505 2407 impertit,
1536 2370 1569 2399 ad
1596 2371 1655 2407 ejus
1678 2380 1708 2400 se
1731 2378 1827 2408 partes
1857 2375 1907 2401 ad-

257 2418 361 2454 iungit.
377 2419 424 2454 qui
443 2423 538 2446 nostra
568 2426 651 2447 causa
665 2419 694 2446 in
724 2424 886 2455 paupertate
913 2423 1042 2447 versatus
1056 2424 1108 2447 est.

294 2466 326 2494 S.
341 2465 482 2501 Chrysost.
499 2483 534 2488 —
547 2466 658 2494 Nullum
670 2467 854 2504 eleemosynae
865 2468 1050 2504 impedimen-

257 2517 317 2541 tum
342 2519 492 2548 paupertas
505 2513 595 2542 all‘ert.
615 2513 708 2543 Testis
724 2519 768 2542 est
796 2515 890 2549 vidua,
903 2523 966 2550 quae
991 2515 1049 2542 duo

256 2560 365 2587 minuta
378 2559 458 2594 jecit,
475 2564 562 2588 eteos
582 2561 631 2596 qui
649 2561 737 2589 multa
753 2561 947 2594 contulerant,
965 2569 1049 2597 supe-

256 2605 330 2632 ravit
345 2603 421 2641 (Luc.
440 2613 498 2639 ut,
513 2605 592 2642 2).—
608 2605 706 2635 Caecus
720 2607 767 2635 cui
790 2607 984 2635 misericordia
994 2607 1049 2634 im-

257 2654 391 2687 pertitur,
420 2653 521 2682 dueere
534 2654 568 2681 ad
590 2654 691 2682 coelum
720 2655 800 2683 novit
816 2664 824 2682 :
846 2658 874 2683 et
887 2655 934 2690 qui
949 2655 983 2682 ad
1000 2661 1049 2688 pa-

255 2698 343 2726 rietes
359 2699 497 2735 impingit,
511 2703 597 2735 atque
611 2700 639 2728 in
652 2700 746 2729 foveas
761 2700 886 2730 oll'endit.
905 2701 938 2728 ad
960 2701 1049 2728 caelos

257 2744 431 2774 scandendos
446 2746 554 2774 itineris
568 2754 598 2774 se
611 2747 753 2775 ductorem
768 2747 882 2783 prrcbet.
898 2746 985 2774 Judex
999 2754 1050 2774 no-

258 2794 317 2816 Ilcr
344 2798 392 2825 per
421 2791 556 2828 pauperes
582 2795 786 2829 corrumpitur.
814 2793 867 2821 Fac
893 2793 979 2829 igitur
1000 2800 1050 2828 per

255 2842 370 2864 tuanum
389 2839 521 2874 pauperis
535 2838 637 2879 iudicis
654 2840 793 2875 posticum
816 2840 918 2874 pulses.
938 2839 1048 2868 Etenim

1140 2467 1198 2494 Οὐκ
1224 2466 1283 2494 ἔστι
1298 2467 1414 2503 κώλυμα
1435 2467 1504 2505 πρὸς
1520 2467 1707 2503 ἐλεημοσύνην
1727 2469 1816 2496 πενία.
1844 2470 1902 2498 Καὶ

1106 2514 1239 2549 μάρτυςή
1260 2514 1343 2550 χήρα,
1359 2515 1376 2550 ή
1399 2514 1434 2541 τὰ
1445 2514 1492 2541 δύο
1506 2514 1592 2541 λεπτὰ
1613 2514 1742 2552 βαλοῦσα,
1770 2515 1818 2542 καὶ
1836 2517 1900 2548 τοὺς

1102 2560 1189 2587 πολλὰ
1208 2561 1377 2592 καταθέντας
1392 2561 1641 2596 ὑπερακοντίσασα.
1657 2576 1690 2580 -
1707 2561 1815 2595 Τυφὼς
1828 2559 1901 2588 οἶδεν

1102 2605 1260 2641 ἐλεούμενος
1282 2607 1322 2639 είς
1338 2607 1462 2643 οὐρανῶν
1478 2607 1618 2642 βασιλείαν
1635 2609 1830 2643 χειραγωγεῖν,
1850 2608 1899 2634 καὶ

1100 2654 1114 2679 ὁ
1127 2652 1226 2688 τοίχοις
1241 2654 1431 2689 προσκρούων,
1443 2655 1491 2681 καὶ
1507 2653 1615 2689 βάθροις
1633 2654 1834 2686 ὲνολισθαίνων,
1854 2652 1899 2682 οὖ-

1099 2708 1145 2732 τος
1160 2699 1281 2732 ὁδοποιδς
1307 2700 1413 2734 γίνεται
1434 2701 1484 2735 τῆς
1500 2701 1540 2732 είς
1559 2700 1694 2736 οὐρανοὺς
1721 2700 1895 2732 ἀναϐάσεως.

1102 2746 1150 2773 Διὰ
1168 2747 1294 2781 πενήτων
1308 2747 1322 2773 ὁ
1340 2747 1473 2782 ἡμέτερος
1486 2747 1617 2782 δικαστὴς
1632 2747 1838 2784 δωροδοκεῖται·
1851 2746 1897 2773 διὰ

1101 2793 1149 2827 τῆς
1167 2793 1258 2828 χειρὸς
1274 2793 1320 2820 τοῦ
1332 2793 1447 2829 πένητος
1459 2794 1505 2820 τοῦ
1521 2793 1650 2820 δικαστοῦ
1666 2793 1716 2828 τὴν
1735 2793 1897 2828 παρὰθυρον

1105 2838 1230 2874 κροῦσον.
1242 2841 1354 2876 Δέχεται
1370 2841 1422 2873 γάρ
1440 2850 1486 2868 σου
1499 2841 1533 2868 τὰ
1545 2840 1577 2868 δι’
1592 2840 1674 2868 αὑτοῦ
1686 2840 1770 2877 δῶρα,
1783 2840 1831 2866 καὶ
1848 2847 1898 2866 πα-
