2056 3113
185 114 252 146 1469

820 113 941 144 SACRA
959 111 1059 142 PARA
1065 112 1195 142 LLELA.

1751 112 1819 144 1170
1846 125 1851 126 ν

185 167 350 204 ραχαράττει
364 168 427 200 τοὺς
446 168 557 202 νόμους.
579 167 704 204 Δέχεται,
731 170 778 196 καὶ
789 169 851 196 ἀντὶ
875 168 962 195 δικαίο

1015 190 1018 196 .
1032 167 1079 195 ille
1095 175 1211 195 munera
1228 170 1275 195 tua
1291 174 1340 203 per
1355 174 1417 195 eum
1435 167 1545 201 accipit,
1563 170 1591 196 et
1610 168 1685 203 leges
1713 169 1818 196 adulte-

182 215 373 250 φιλάνθρωπος
388 215 503 249 γίνεται.
517 215 642 250 Δέχεται,
657 217 705 243 καὶ
714 216 764 251 τῆς
773 215 903 250 ἀληθείας
913 224 980 251 προ-

181 260 273 286 τάττει
288 259 332 285 τὲν
348 259 432 291 ἔλεον,
448 260 496 286 καὶ
511 261 544 295 τῇ
571 260 720 294 πλάστιγγι
733 260 787 287 τῶν
808 261 978 296 ἁμαρτημά-

180 312 234 330 των
246 305 399 340 ὰντικρεμᾷ
418 305 467 341 τὴν
478 306 558 340 χεῖρα
573 305 619 332 τοῦ
636 307 761 341 πένητος.
773 322 808 326 -
823 307 907 334 Ὅταν
921 307 978 334 δια-

181 350 283 386 Ορέψῃς
291 351 336 377 τὸν
345 350 459 386 πένητα,
469 352 568 379 σαυτὸν
581 353 676 388 νόμιζε
690 354 976 390 διατρέφειν-Τοιαύτη

179 396 234 431 γὰρ
252 397 268 431 ή
284 396 331 423 τοῦ
359 398 523 433 πράγματος
550 399 641 433 φύσις.
676 399 721 432 Ἐξ
743 400 822 435 ἡμῶν
838 401 879 432 είς
904 401 978 435 ἡμᾶς

181 443 337 478 μεταχωρεῖ
352 442 387 469 τὰ
408 443 545 478 διδόμενα.
564 445 594 471 Ὀ
614 445 669 481 γὰρ
684 445 875 481 φιλάνθρωπος
897 446 976 481 ἡμῶν

178 487 312 524 δεσπότης
325 489 355 515 τὸ
372 489 507 524 ἡμέτερον
527 490 628 517 ἐπιδὼν
645 491 824 526 μικρόψυχον,
835 492 875 523 εἰς
888 492 974 528 ὑπερ-

179 533 260 569 ϐολὴν
271 535 389 570 ἄμετρον
404 535 564 570 ἀναπέμπει
575 536 606 563 τὸ
619 537 711 572 ἔργον,
725 538 773 564 καὶ
786 537 882 564 ἑαυτὸν
891 538 976 574 χρεώ-

179 587 246 614 στην
262 580 312 615 τῆς
322 580 510 618 ὲλεημοσύνης
524 582 612 609 καλεῖ·
626 583 694 612 Θεοῦ
707 583 840 619 δάνεισμα
857 584 906 620 τὴν
930 585 974 612 εὐ-

179 624 270 651 ποιΐαν
291 627 502 662 προσαγορεύει.
528 626 564 654 Ὦ
579 628 649 663 πόση
677 628 728 664 τῆς
751 622 936 665 ἐλεημοσύνης
956 631 972 665 ἡ

177 670 309 706 δύναμιςι
336 673 402 708 μόνη
419 673 449 700 τὸ
476 674 547 700 θεῖον
576 675 769 710 ὑπεισέρχεται
785 676 972 711 δικαστήριον.

176 718 222 753 Μὴ
241 719 404 754 φοϐηθῶμεν
422 719 554 756 δικαστὴν
582 721 634 756 πρὸ
661 720 706 748 τοῦ
729 721 906 758 δικαστηρίου
922 723 973 759 τὴν

175 765 255 799 χεῖρα
286 765 473 799 προτείνοντα.
498 765 543 801 Μὴ
565 766 733 802 φοϐηθῶμεν
757 768 891 804 δικαστὴν
921 770 972 796 οὐκ

174 810 342 846 ἀρνούμενον
353 811 401 837 τοῦ
413 811 557 839 ).α6εῖν.-
567 811 690 844 Καθίσας
703 814 717 839 ὁ
731 813 834 848 Ἰησοῦς
842 814 972 841 ἀπέναντι

173 856 220 882 τοῦ
235 856 445 891 γαζοφυλακίου,
475 857 589 894 ἐθεώρει
607 858 666 890 πῶς
680 860 704 886 οἱ
749 860 821 896 ὄχλοι
841 860 971 895 βάλλουσι

174 903 284 938 χαλκόν.
322 904 514 940 Παραδραμὼν
528 905 559 931 τὺ
577 905 770 940 θυσιαστήριον
796 906 835 941 τῷ
852 907 973 942 γαζοφυ-

174 948 260 983 λακίῳ
276 949 450 985 προστρέχει,
469 949 663 985 Παραδραμὼν
677 952 742 982 τοὺς
757 950 870 982 θύοντας
881 951 927 978 ἐπὶ
942 952 972 978 τὸ

173 995 223 1029 τῆς
231 995 354 1028 εὑποιῖας
370 995 521 1030 ἐπιγίνεται
535 997 648 1032 θέατρον
662 1005 668 1011 ·
682 997 792 1028 δεικνὺς
801 997 845 1024 διὰ
859 997 913 1024 τῶν
924 998 971 1034 ἕρ-

173 1047 229 1072 γων
254 1039 344 1067 αὐτῶν
375 1041 416 1067 ὅτι
433 1041 505 1076 μόνῳ
531 1041 597 1073 Θεὸς
622 1041 711 1078 τούτῳ
731 1042 909 1078 ἐπιτέρπεται
932 1042 971 1078 τῷ

175 1082 293 1118 θεάματι
308 1093 314 1100 ·
328 1085 489 1117 δεικνὺς.ὃτι
504 1086 549 1113 τὸν
563 1086 635 1112 θετον
651 1086 793 1122 ὀφθαλμὸν
809 1088 904 1115 τούτου
922 1088 971 1124 μό-

173 1138 218 1156 νου
233 1130 345 1157 δυνατὸν
362 1132 562 1167 ἀφομοιοῦσθαι
578 1132 617 1168 τῷ
642 1133 786 1160 πλάσαντι·
798 1134 905 1167 δεικνὺς
929 1136 970 1162 ὅτι

171 1175 252 1202 τοῦτο
279 1177 359 1211 μόνον
376 1177 522 1213 ἄνθρωπον
548 1177 679 1205 συνάπτει
700 1178 780 1214 Θεῷ·
799 1179 906 1212 δεικνὺς
928 1181 969 1208 ὄτι

172 1222 250 1249 τοῦτο
278 1224 358 1258 μόνον
379 1223 426 1250 τὸν
460 1224 544 1259 πηλὸν
569 1225 755 1260 προσπελάζει
783 1226 821 1261 τῷ
850 1225 966 1263 πλάστῃ.

172 1269 299 1296 Γίνεσθε
313 1270 376 1305 γὰρ,
393 1270 471 1305 φησὶ,
488 1271 683 1305 οἰκτίρμονες,
694 1272 735 1304 ὡς
747 1273 763 1298 ὀ
771 1272 873 1306 Πατὴρ
885 1273 969 1307 ὑμῶν

171 1314 339 1349 ὁοὺρὰνιος
359 1316 517 1351 οἰκτίρμων
535 1317 631 1344 ἐστίν.
664 1317 722 1344 Μία
751 1317 806 1353 γάρ
835 1319 892 1344 ἐστι
918 1318 968 1353 τῆς

171 1360 245 1392 θείας
258 1362 418 1395 συγγενείας
432 1362 533 1394 εἴσοδος
546 1363 562 1397 ἡ
578 1363 697 1391 εὐποιΐα.
715 1377 744 1382 -
760 1364 794 1389 Ὢ
809 1364 858 1399 τῆς
876 1363 968 1399 φιλαν-

170 1405 278 1441 θρώπου
289 1407 379 1445 ψυχῆς
393 1408 399 1434 !
413 1407 435 1433 ὣ
445 1408 496 1443 τῆς
512 1408 657 1443 ὲλεήμονος
670 1407 800 1444 γνώμηςί
819 1410 870 1436 οὐκ
882 1409 968 1442 ἐξέτε-

170 1461 220 1487 μεν
239 1453 255 1488 ὴ
270 1454 391 1488 πτωχεία
407 1454 438 1479 τὺ
454 1454 506 1489 τῆς
522 1456 712 1490 προαιρέσεως
726 1455 881 1490 συμπαθές.
908 1457 965 1482 Οὐκ

989 838 1011 867 Β

1031 218 1075 241 rat
1088 222 1166 242 suas.
1189 215 1312 250 Accipit,
1336 214 1459 249 inquam,
1486 217 1569 248 atque
1584 221 1617 241 ex
1640 214 1717 249 justo
1739 215 1820 243 beni-

1030 269 1102 296 gnus
1122 261 1250 289 elﬁcitur.
1281 260 1400 296 Accipit,
1419 264 1447 287 et
1462 259 1573 288 veritati
1598 260 1818 289 misericordiam

1030 307 1186 342 anteponit,
1201 311 1229 335 et
1246 315 1309 335 eum
1327 310 1510 342 peccatorum
1525 305 1604 333 laucc
1615 307 1748 342 pauperis
1764 315 1817 334 ma!

1029 360 1094 379 num
1114 357 1212 380 contra
1228 352 1385 388 perpendit.
1398 365 1434 372 -ι
1448 351 1517 378 Cum
1534 359 1685 386 pauperem
1707 352 1820 385 alis,sic

1029 399 1161 426 existima
1179 399 1298 433 teipsum
1315 399 1362 426 ali.
1381 398 1419 425 Ea
1433 398 1506 425 enim
1525 401 1568 425 est
1587 398 1706 432 hujusce
1719 399 1757 426 rei
1771 407 1820 426 na-

1029 448 1102 476 tura,
1124 448 1154 471 ut
1173 452 1236 479 quae
1254 444 1365 476 damus,
1382 452 1397 471 a
1414 444 1494 472 nobis
1511 444 1544 471 ad
1560 451 1613 471 nos
1626 445 1750 473 redeant.
1773 444 1817 472 Si-

1027 490 1138 525 quidem
1155 491 1295 518 humanus
1308 495 1334 518 et
1353 490 1443 519 facilis
1467 495 1564 519 noster
1592 491 1738 525 Dominus,
1754 499 1818 519 cum

1030 535 1125 563 animi
1140 536 1229 563 nostri
1257 541 1434 571 perspectam
1462 537 1681 565 imbecillitatem
1706 537 1816 569 habeat,

1026 581 1059 608 ad
1073 581 1237 609 immensam
1253 582 1464 617 amplitudinem
1481 590 1538 610 rem
1556 583 1627 610 hanc
1653 583 1772 615 extollit,
1790 587 1818 610 et

1025 627 1147 662 seipsum
1168 628 1351 664 elcemosynae
1369 628 1522 656 debitorem
1546 634 1626 656 vocat
1644 639 1651 656 :
1672 628 1720 657 Dei
1736 629 1816 657 fenus

1024 672 1235 701 beneﬁcentiam
1250 674 1382 709 appellat.
1398 674 1420 702 Ο
1444 674 1614 709 singularem
1631 675 1687 702 vim
1702 675 1816 702 eleemo-

1025 727 1099 755 synze
1117 720 1123 746 l
1139 720 1198 748 sola
1214 720 1248 747 ad
1264 720 1393 748 divinum
1410 720 1534 748 tribunal
1551 720 1663 756 irrepit.
1676 720 1715 748 Ne
1740 721 1816 755 judi-

1024 772 1084 793 eem
1102 769 1269 798 metuamus,
1284 765 1332 800 qui
1352 769 1418 793 ante
1440 766 1582 801 protendit
1600 773 1711 799 manus,
1732 773 1816 801 quam

1023 812 1106 847 iudex
1118 813 1221 841 sedeat.
1242 811 1282 840 Ne
1300 812 1422 847 judicem
1445 820 1602 845 vereamur,
1623 813 1671 847 qui
1695 820 1725 840 se
1736 819 1815 840 accc-

1025 859 1100 894 pisse
1118 859 1234 886 minime
1249 858 1400 887 inﬁciatur.
1416 875 1451 880 —
1461 858 1496 885 Et
1508 859 1608 886 sedens
1622 857 1703 886 Jesus
1717 863 1815 886 contra

1024 903 1265 939 gazophylacium,
1282 903 1436 938 aspiciebat
1459 903 1599 937 quomodo
1625 903 1714 931 turbae
1729 903 1816 938 jacie—

1023 950 1090 978 bant
1104 958 1152 977 tes.
1166 949 1313 977 Praeterito
1329 949 1410 976 altari
1426 949 1460 976 ad
1475 949 1708 985 gazophylacium
1718 957 1816 977 accur—

1023 995 1069 1022 rit.
1100 994 1253 1022 Praeteritis
1296 993 1523 1022 sacriﬁcantibus
1554 994 1588 1021 ad
1624 994 1814 1022 beneﬁcentiae

1022 1041 1160 1070 theatrum
1196 1039 1302 1076 pergit,
1329 1040 1414 1075 gestis
1448 1040 1510 1068 suis’
1540 1040 1688 1067 ostendens
1728 1040 1813 1069 Deum

1021 1087 1075 1116 hoc
1113 1088 1173 1116 solo
1204 1087 1363 1122 spectaculo
1390 1086 1519 1114 delectari
1545 1095 1553 1114 :
1576 1087 1724 1114 ostendens
1740 1107 1747 1120 ,
1772 1087 1815 1114 in-

1021 1142 1115 1169 quam,
1129 1133 1253 1161 divinum
1284 1133 1397 1160 oculum
1414 1132 1466 1159 hac
1492 1132 1631 1159 duntaxat
1655 1133 1767 1160 ratione
1780 1133 1815 1160 ad

1021 1180 1126 1209 ﬁctoris
1142 1180 1185 1209 sui
1199 1179 1413 1208 similitudinem
1447 1186 1530 1214 posse
1543 1178 1678 1206 accedere
1695 1187 1702 1206 :
1716 1185 1812 1207 osten-

1021 1227 1089 1254 dens
1109 1226 1192 1254 etiam
1210 1232 1296 1252 unum
1327 1224 1380 1251 hoc
1400 1231 1462 1251 esse
1484 1223 1558 1258 quod
1586 1223 1726 1250 hominem
1749 1232 1812 1251 cum

1020 1273 1076 1300 Deo
1097 1272 1232 1307 copulet:
1259 1269 1412 1298 ostendens
1440 1269 1561 1304 denique
1578 1270 1606 1297 id
1633 1271 1724 1298 solum
1748 1278 1811 1299 esse

1018 1318 1093 1354 quod
1117 1318 1229 1353 ﬁgulum
1257 1318 1316 1344 luto
1338 1316 1451 1351 propius
1473 1316 1580 1351 jungat.
1601 1316 1696 1352 ,479
1718 1318 1812 1345 Ιῦειοιε

1018 1365 1092 1393 enim
1113 1363 1309 1396 misericordes,
1330 1362 1430 1397 inquit,
1445 1362 1513 1389 sicut
1530 1362 1653 1389 et‘Pater
1661 1367 1746 1390 uester
1758 1371 1811 1390 cce-

1025 1411 1099 1438 lestis
1111 1410 1261 1438 misericors
1289 1409 1362 1442 δικ(
1380 1407 1446 1436 Luc.
1467 1415 1504 1440 vt,
1522 1408 1556 1435 56
1566 1408 1586 1444 ).
1616 1408 1681 1436 Sola
1706 1411 1807 1445 quippe

1017 1457 1212 1489 beneﬁcentia,
1226 1455 1320 1483 aditus
1333 1454 1366 1481 ad
1381 1454 1503 1482 divinam
1517 1455 1710 1490 cognationem
1726 1463 1811 1490 para-

169 1498 312 1533 ἐξήλεγξεν
327 1499 343 1534 ἡ
357 1500 478 1534 πτωχεία
499 1500 530 1526 τὸ
550 1500 600 1534 τῆς
617 1501 731 1535 γνώμης
753 1501 903 1536 φιλότιμον.
925 1502 962 1528 Οὐ

1017 1508 1072 1531 tur.
1089 1518 1124 1523 —-
1146 1502 1168 1530 0
1188 1502 1336 1536 benignam
1351 1500 1470 1527 animam
1488 1501 1494 1526 ί
1512 1508 1528 1527 ο
1541 1505 1660 1528 mentem
1677 1502 1711 1529 ad
1727 1503 1813 1530 mise—

169 1545 337 1571 συνέστειλεν
348 1546 363 1580 ἡ
379 1545 468 1572 ἔνδεια
480 1546 511 1572 τὸ
521 1546 570 1581 τῆς
579 1546 671 1582 ψυχῆς
688 1547 809 1581 δαψιλές.

1020 1547 1169 1576 ricordiam
1202 1546 1354 1581 proclivem
1384 1546 1390 1572 !
1419 1545 1507 1572 animi
1540 1547 1812 1575 commiserationem

167 1597 313 1627 paupertas
331 1600 385 1620 non
400 1593 513 1621 excidit.
544 1593 702 1622 Muniﬁcam
719 1596 887 1624 voluntatem
903 1602 1013 1632 egestas
1026 1605 1082 1626 non
1096 1593 1269 1630 compressit.
1308 1592 1402 1620 Animi
1413 1591 1604 1620 liberalitatem
1619 1593 1733 1628 penuria
1750 1602 1806 1622 non

168 1639 321 1667 restrinxit.

202 1687 240 1721 (1)
259 1687 296 1713 Τὸ
310 1687 361 1722 τῆς
375 1687 564 1724 ἐλεημοσύνης
584 1689 679 1725 χρῆμα
696 1690 844 1726 διασμὴχει
866 1692 958 1729 ἁμαρ-

165 1732 236 1764 τίας.
250 1734 461 1769 κατακαυχᾶται
476 1734 605 1770 κρίσεως,
625 1737 727 1772 ἦμεροϊ
744 1737 793 1773 τὴν
807 1738 856 1774 τῆς
878 1739 961 1766 κολά-

167 1787 236 1810 σεως
247 1779 347 1813 φλόγα,
359 1780 482 1807 δυσωπεῖ
493 1781 540 1808 τὸν
562 1781 720 1815 δικάζοντα,
740 1783 841 1818 μᾶλλον
853 1785 880 1811 δὲ
897 1794 960 1812 συν-

166 1824 246 1851 άπτει
261 1825 332 1861 Θεῷ,
345 1827 402 1858 τοῖς
419 1827 474 1854 τῶν
490 1828 578 1862 ἁγίων
591 1830 682 1864 χοροῖς
698 1830 859 1866 ἐναρίθμιον
873 1832 960 1868 ἀπερ-

165 1869 279 1904 γάζεται
291 1879 298 1887 ’
316 1872 449 1907 ἀποφέρει
472 1873 500 1899 δὲ
521 1874 568 1900 καὶ
584 1876 622 1906 εἰς
637 1875 688 1911 τὴν
702 1876 760 1903 ἄνω
775 1877 864 1909 πόλιν,
886 1878 962 1913 βασι-

164 1917 240 1944 λείαν
260 1919 384 1954 οὐρανῶν
403 1919 542 1955 προξενεῖ,
566 1920 645 1953 δόξαν
667 1922 837 1959 ἀμάραντον,
864 1924 959 1951 ἐλπίδα

164 1962 277 1998 βεϐαίαν
304 1964 354 1991 καὶ
380 1966 564 2002 ὲρηρειμένην
580 1976 586 1982 ·
608 1968 654 1994 καὶ
674 1969 701 1994 τί
728 1970 798 2004 γάρ;
820 1970 880 2005 οὐχὶ
902 1971 957 1997 τῶν

162 2009 339 2037 τελειοῦντων
359 2011 400 2042 εἶς
424 2011 573 2048 ἀκλόνητον
589 2014 737 2049 εὐθυμίαν;
753 2029 788 2036 -
810 2015 838 2042 'O
854 2017 909 2049 τοῖς
926 2018 955 2044 ἐν

162 2057 251 2092 ἐνδείᾳ
267 2058 316 2084 καὶ
335 2059 554 2094 πτωχευομένοις
569 2059 614 2086 τὸν
636 2060 702 2086 ἴδιον
717 2060 851 2096 διανέμων
869 2062 953 2088 πλοῦ-

162 2111 216 2136 τον,
234 2103 264 2130 οὺ
288 2104 423 2139 πτωχεύει
440 2105 516 2133 ποτέ.
539 2106 568 2132 '0
591 2106 647 2142 γὰρ
664 2107 748 2133 ἐλεῶν
772 2107 880 2143 πτωχὸν
894 2108 954 2144 Θεῷ

162 2149 290 2183 δανείζει,
305 2151 398 2186 φησίν.
425 2151 589 2187 Ἀξιόχρεως
603 2153 617 2178 ό
640 2153 840 2189 δανειζόμενος,
858 2155 953 2187 πιστὸς

161 2195 173 2220 ὁ
190 2195 346 2231 δεχόμενος.
360 2195 438 2224 Οἶδεν
455 2198 561 2226 ἐκτίσαι
577 2199 626 2226 σὺν
641 2199 714 2235 τόκῳ
726 2200 756 2226 τὸ
766 2200 853 2227 δοθέν.
867 2201 952 2227 Πλού-

160 2249 217 2272 υ-ιος
236 2242 282 2268 καὶ
299 2242 452 2283 φιλότιμος,
468 2245 482 2270 ὁ
494 2244 543 2280 τὴν
559 2244 606 2271 τοῦ
621 2244 842 2281 φιλοικτίρμονος
858 2254 950 2282 παρα-

160 2286 321 2322 καταθήκην
338 2288 439 2315 λαϐὼν.

191 2416 236 2452 Μὴ
253 2417 403 2454 ἀναμείνῃς
417 2419 544 2452 γενέσθαι
560 2421 688 2456 χρηστὸς,
704 2421 764 2448 ἀλλ’
784 2422 834 2457 ἤδη
856 2422 947 2456 γενοῦ.

155 2463 215 2489 Οὐκ
232 2463 364 2498 ὀφθήσῃ,
389 2465 468 2500 φησὶ,
491 2466 579 2499 κενὸς
601 2466 731 2494 ἐνώπιόν
750 2476 821 2502 μου.
844 2467 948 2503 Μηδεὶς

157 2505 227 2533 ἔστω
242 2507 331 2540 κενὸς,
346 2509 414 2544 μηδὲ
427 2510 440 2536 ὁ
456 2509 593 2546 ἄκαρπος,
609 2511 677 2547 μηδέ
703 2521 745 2544 τις
761 2515 856 2550 στεῖρα
874 2513 947 2549 ψυχὴ

158 2551 204 2577 καὶ
224 2552 332 2586 ἄγονος.
349 2553 486 2586 Ἕκαστος
501 2556 534 2582 ὲκ
549 2556 603 2583 τῶν
617 2557 760 2592 παρόντων
776 2560 948 2594 καρποφορεί

156 2594 194 2629 τῷ
216 2595 286 2631 Θεῷ,
305 2597 352 2623 καὶ
374 2598 429 2625 τῶν
454 2599 571 2627 οἰκείων.
584 2616 620 2621 -—
641 2601 877 2638 Μεταποιηῦῶμεν
897 2603 947 2640 τῆς

157 2638 260 2685 ἐκεῖθεν
273 2641 482 2678 λαμπρότητος·
496 2645 526 2671 ἐν
546 2645 659 2679 κόλποις
676 2647 802 2683 Ἀϐραὰμ
819 2649 880 2675 ἀντὶ
895 2638 945 2685 τῆς

156 2684 281 2714 ἐντεῦθεν
298 2688 501 2725 εὐσπλαγχνίας
525 2692 766 2728 ἁναπαυσὼμεοα-
791 2695 886 2730 Κρῖμα
903 2695 945 2722 δί-

1047 1691 1076 1720 s.
1095 1689 1204 1725 Cyrilli.
1221 1702 1256 1707 ——
1269 1685 1457 1720 Eleemosynae
1488 1691 1586 1714 natura
1600 1692 1643 1715 est
1659 1691 1688 1714 ut
1712 1694 1813 1722 expur-

1011 1742 1057 1773 get
1087 1739 1203 1772 peccata
1243 1744 1250 1762 :
1279 1733 1469 1768 superexaltat
1501 1733 1652 1768 judicium,
1680 1735 1810 1769 supplicii

1005 1782 1155 1811 ‘ﬁammam
1188 1780 1306 1815 mitigat,
1321 1779 1442 1815 judicem
1464 1779 1569 1812 ﬂectit;
1591 1780 1647 1812 vel,
1661 1784 1691 1807 ut
1703 1781 1810 1808 rectius

1014 1829 1125 1864 loquar,
1158 1834 1222 1855 cum
1240 1825 1296 1853 Deo
1313 1826 1438 1860 copulat,
1457 1825 1484 1852 in
1504 1829 1663 1854 sanctorum
1694 1827 1810 1854 ascribit

1013 1875 1128 1907 choros,
1145 1874 1174 1901 in
1202 1879 1354 1906 supernam
1374 1872 1515 1899 civitatem
1544 1871 1656 1904 attollit,
1673 1873 1808 1899 caelorum

1011 1928 1130 1956 regnum
1148 1920 1290 1952 conciliat,
1306 1919 1422 1955 gloriam
1440 1919 1713 1951 immarcescibilem,
1728 1926 1806 1954 spem

1008 1967 1116 1994 ﬁrmam
1136 1970 1163 1994 et
1184 1965 1315 1993 stabilem
1334 1973 1341 1991 ε
1358 1973 1391 1992 ac
1405 1965 1471 2000 quid
1486 1972 1540 1992 non
1554 1964 1684 1992 demum?
1698 1972 1732 1991 an
1754 1973 1807 1993 non

1005 2020 1037 2040 ea
1058 2019 1119 2047 quae
1136 2015 1309 2039 constantem
1324 2011 1490 2038 hilaritatem
1507 2010 1658 2046 praestent?
1673 2024 1708 2030 -—~
1725 2010 1808 2043 Quis-

1004 2059 1068 2094 quis
1108 2062 1270 2093 paupertate
1290 2061 1317 2085 et
1345 2057 1439 2093 inopia
1465 2057 1657 2085 laborantibus
1672 2065 1737 2092 opes
1753 2058 1806 2084 im-

1003 2105 1089 2140 pertit
1111 2112 1188 2138 suas,
1222 2111 1366 2139 nunquam
1402 2111 1507 2139 pauper
1534 2104 1599 2131 erit.
1627 2103 1735 2131 Etenim
1756 2103 1804 2138 qui

1001 2159 1153 2187 pauperum
1186 2151 1351 2184 miseretur,
1382 2150 1489 2178 fenerat
1513 2150 1585 2182 Deo,
1609 2151 1700 2186 inquit
1725 2149 1805 2177 Scri-

999 2197 1189 2233 ptura(Prov.
1203 2205 1260 2230 xix,
1276 2197 1337 2231 17).
1365 2197 1502 2225 Solvendo
1536 2201 1579 2225 est
1608 2197 1653 2224 hic
1679 2197 1801 2225 debitor.

998 2243 1102 2271 Fidelis
1111 2247 1155 2271 est
1176 2243 1224 2278 qui
1237 2242 1350 2278 accipit.
1364 2243 1446 2271 Novit
1477 2243 1551 2270 enim
1573 2242 1600 2270 id
1617 2241 1692 2278 quod
1707 2242 1802 2270 datum

967 2293 1048 2326 Dest
1074 2296 1137 2317 cum
1173 2289 1272 2317 fenore
1301 2289 1465 2317 dissolvere.
1503 2288 1586 2317 Dives
1616 2289 1802 2324 liberalisque

1005 2335 1112 2370 est,qui
1126 2335 1248 2362 hominis
1264 2335 1299 2362 ad
1321 2335 1544 2363 misericordiam
1561 2335 1692 2370 propensi
1709 2335 1797 2368 depo~

1005 2379 1091 2406 situm
1111 2379 1228 2413 accepit.

1039 2424 1067 2452 S.
1078 2423 1155 2459 Greg.
1170 2423 1243 2451 Naz.
1259 2429 1332 2452 orat.
1344 2424 1374 2452 9.
1385 2439 1422 2445 -—
1435 2424 1473 2452 Ne
1490 2425 1582 2452 bonus
1599 2431 1663 2452 esse
1674 2423 1799 2458 diﬁ‘eras,

1002 2468 1048 2496 sed
1062 2469 1118 2504 jam
1130 2469 1247 2498 efficere.
1268 2469 1331 2498 Non
1344 2470 1493 2505 apparebis,
1502 2471 1604 2505 inquit,
1616 2471 1643 2497 in
1657 2476 1798 2504 conspectu

999 2524 1056 2543 meo
1082 2524 1181 2544 vacuus
1199 2515 1309 2551 (Exod.
1321 2525 1401 2549 um,
1419 2515 1453 2544 l5
1464 2516 1484 2552 ).
1499 2516 1597 2544 Nullus
1608 2523 1675 2551 ergo
1691 2524 1797 2546 vacuus

997 2562 1034 2589 sit
1058 2567 1085 2590 et
1113 2563 1315 2591 infructuosus.
1343 2562 1425 2590 Nulla
1452 2563 1545 2590 anima
1569 2563 1674 2591 sterilis
1707 2562 1754 2595 sit,
1768 2567 1797 2590 et

998 2609 1077 2644 prole
1095 2613 1198 2638 careat.
1225 2609 1425 2645 Unusquisque
1440 2618 1473 2638 ex
1490 2610 1672 2645 prmsentihus
1702 2609 1798 2643 bonis,

995 2659 1022 2682 et
1038 2663 1099 2690 quae
1110 2656 1163 2683 sibi
1185 2657 1295 2691 propria
1315 2660 1391 2687 sunt,
1412 2655 1469 2684 Deo
1485 2655 1593 2683 oﬁ‘erat.
1607 2671 1643 2676 ——
1659 2655 1794 2690 Splendo«

999 2706 1057 2727 rem
1091 2700 1232 2728 caelestem
1259 2701 1433 2734 ambiamus;
1457 2702 1486 2729 in
1512 2702 1574 2729 sinu
1597 2701 1715 2729 Abrahae
1741 2710 1797 2737 pro

911 2751 1028 2782 NOT/E.

185 2789 208 2841 (ﬁl
216 2789 264 2841 )nln
283 2791 770 2841 “IIIp.'Syprbolanhzeelinscribitpr,
787 2799 832 2825 τοῦ
849 2800 926 2834 ἁγίου
942 2801 964 2828 Κ

1018 2802 1091 2838 λλον,
1109 2804 1140 2831 ἐκ
1165 2803 1212 2832 τοῦ
1241 2803 1260 2831 ε’
1289 2805 1368 2841 λογον
1389 2803 1442 2833 τῶν
1461 2804 1530 2832 κατὰ
1549 2804 1704 2833 Ἰουλιανοῦ.
1734 2804 1790 2833 Sexi

156 2828 207 2853 non
219 2828 342 2855 occurrit
363 2828 389 2856 in
404 2829 484 2857 libris
495 2830 590 2866 Cyrilli
607 2837 702 2860 contra
718 2833 866 2861 Juliauum.
