  <div class='ocr_page' id='page_1' title='image "/cluster/home/n/w/nwhite01/storage/ocr_20150623/95/njp.32101077772844/745.png"; bbox 0 0 2056 3113; ppageno 0'>
   <div class='ocr_carea' id='block_1_1' title="bbox 276 89 1068 125">
    <p class='ocr_par' dir='ltr' id='par_1_1' title="bbox 276 89 1068 125">
     <span class='ocr_line' id='line_1_1' title="bbox 276 89 1068 125; baseline 0.005 -4"><span class='ocrx_word' id='word_1_1' title='bbox 276 89 341 122; x_wconf 65' lang='grc'><strong>1471</strong></span> <span class='ocrx_word' id='word_1_2' title='bbox 855 94 886 124; x_wconf 90' lang='lat' dir='ltr'><strong>S.</strong></span> <span class='ocrx_word' id='word_1_3' title='bbox 907 93 1068 125; x_wconf 86' lang='lat' dir='ltr'><strong>JOANNIS</strong></span> 
     </span>
    </p>
   </div>
   <div class='ocr_carea' id='block_1_2' title="bbox 1087 77 1922 126">
    <p class='ocr_par' dir='ltr' id='par_1_2' title="bbox 1087 77 1922 126">
     <span class='ocr_line' id='line_1_2' title="bbox 1087 77 1922 126; baseline -0.002 0"><span class='ocrx_word' id='word_1_4' title='bbox 1087 95 1313 126; x_wconf 69' lang='lat' dir='ltr'><strong>DAMASCENI-</strong></span> <span class='ocrx_word' id='word_1_5' title='bbox 1332 77 1335 88; x_wconf 74' lang='grc'>¹</span> <span class='ocrx_word' id='word_1_6' title='bbox 1847 92 1922 126; x_wconf 73' lang='grc'><strong>1472</strong></span> 
     </span>
    </p>
   </div>
   <div class='ocr_carea' id='block_1_3' title="bbox 276 148 1074 189">
    <p class='ocr_par' dir='ltr' id='par_1_3' title="bbox 276 148 1068 186">
     <span class='ocr_line' id='line_1_3' title="bbox 276 148 1068 186; baseline 0.004 -11"><span class='ocrx_word' id='word_1_7' title='bbox 276 148 468 177; x_wconf 83' lang='lat' dir='ltr'><strong>misericordia</strong></span> <span class='ocrx_word' id='word_1_8' title='bbox 495 148 558 177; x_wconf 90' lang='lat' dir='ltr'><strong>istic</strong></span> <span class='ocrx_word' id='word_1_9' title='bbox 571 148 697 176; x_wconf 82' lang='lat' dir='ltr'><strong>exhibita</strong></span> <span class='ocrx_word' id='word_1_10' title='bbox 714 149 944 184; x_wconf 85' lang='lat' dir='ltr'><strong>requiescamus;</strong></span> <span class='ocrx_word' id='word_1_11' title='bbox 961 150 1068 186; x_wconf 84' lang='lat' dir='ltr'><strong>justum</strong></span> 
     </span>
    </p>
   </div>
   <div class='ocr_carea' id='block_1_4' title="bbox 1126 148 1920 189">
    <p class='ocr_par' dir='ltr' id='par_1_4' title="bbox 1126 152 1920 189">
     <span class='ocr_line' id='line_1_4' title="bbox 1126 152 1920 189; baseline 0 -10"><span class='ocrx_word' id='word_1_12' title='bbox 1126 161 1198 180; x_wconf 69' lang='grc' dir='ltr'>ιαιον</span> <span class='ocrx_word' id='word_1_13' title='bbox 1223 153 1380 189; x_wconf 83' lang='grc' dir='ltr'>κρίνωμεν·</span> <span class='ocrx_word' id='word_1_14' title='bbox 1399 152 1558 189; x_wconf 81' lang='grc' dir='ltr'>ὲξελώμεθα</span> <span class='ocrx_word' id='word_1_15' title='bbox 1583 153 1689 189; x_wconf 84' lang='grc' dir='ltr'>πένητα</span> <span class='ocrx_word' id='word_1_16' title='bbox 1712 152 1760 180; x_wconf 80' lang='grc' dir='ltr'>καὶ</span> <span class='ocrx_word' id='word_1_17' title='bbox 1787 156 1920 188; x_wconf 76' lang='grc' dir='ltr'>πτωχόνο</span> 
     </span>
    </p>
   </div>
   <div class='ocr_carea' id='block_1_5' title="bbox 273 191 1067 233">
    <p class='ocr_par' dir='ltr' id='par_1_5' title="bbox 273 191 1067 233">
     <span class='ocr_line' id='line_1_5' title="bbox 273 191 1067 233; baseline 0.004 -11"><span class='ocrx_word' id='word_1_18' title='bbox 273 191 409 229; x_wconf 75' lang='lat' dir='ltr'><strong>judiciuiit</strong></span> <span class='ocrx_word' id='word_1_19' title='bbox 427 194 607 230; x_wconf 87' lang='lat' dir='ltr'><strong>judicemus;</strong></span> <span class='ocrx_word' id='word_1_20' title='bbox 634 195 789 229; x_wconf 80' lang='lat' dir='ltr'><strong>eripiamus</strong></span> <span class='ocrx_word' id='word_1_21' title='bbox 808 201 1067 233; x_wconf 73' lang='lat' dir='ltr'><strong>pauperemetege-</strong></span> 
     </span>
    </p>
   </div>
   <div class='ocr_carea' id='block_1_6' title="bbox 275 241 1068 276">
    <p class='ocr_par' dir='ltr' id='par_1_6' title="bbox 275 241 1068 276">
     <span class='ocr_line' id='line_1_6' title="bbox 275 241 1068 276; baseline 0.006 -9"><span class='ocrx_word' id='word_1_22' title='bbox 275 248 353 274; x_wconf 91' lang='lat' dir='ltr'><strong>num;</strong></span> <span class='ocrx_word' id='word_1_23' title='bbox 367 241 456 268; x_wconf 70' lang='lat' dir='ltr'><strong>vidua:</strong></span> <span class='ocrx_word' id='word_1_24' title='bbox 463 244 490 268; x_wconf 90' lang='lat' dir='ltr'><strong>et</strong></span> <span class='ocrx_word' id='word_1_25' title='bbox 501 241 599 276; x_wconf 86' lang='lat' dir='ltr'><strong>pupilli</strong></span> <span class='ocrx_word' id='word_1_26' title='bbox 611 249 663 269; x_wconf 89' lang='lat' dir='ltr'><strong>nos</strong></span> <span class='ocrx_word' id='word_1_27' title='bbox 674 241 824 276; x_wconf 81' lang='lat' dir='ltr'><strong>misereat;</strong></span> <span class='ocrx_word' id='word_1_28' title='bbox 839 243 1009 272; x_wconf 88' lang='lat' dir='ltr'><strong>redimamus</strong></span> <span class='ocrx_word' id='word_1_29' title='bbox 1020 251 1068 272; x_wconf 85' lang='lat' dir='ltr'><strong>eos</strong></span> 
     </span>
    </p>
   </div>
   <div class='ocr_carea' id='block_1_7' title="bbox 275 286 1070 325">
    <p class='ocr_par' dir='ltr' id='par_1_7' title="bbox 275 286 1070 325">
     <span class='ocr_line' id='line_1_7' title="bbox 275 286 1070 325; baseline 0.005 -12"><span class='ocrx_word' id='word_1_30' title='bbox 275 287 322 320; x_wconf 88' lang='lat' dir='ltr'><strong>qui</strong></span> <span class='ocrx_word' id='word_1_31' title='bbox 333 286 413 314; x_wconf 92' lang='lat' dir='ltr'><strong>morti</strong></span> <span class='ocrx_word' id='word_1_32' title='bbox 423 287 589 320; x_wconf 84' lang='lat' dir='ltr'><strong>traduntur;</strong></span> <span class='ocrx_word' id='word_1_33' title='bbox 607 295 641 316; x_wconf 89' lang='lat' dir='ltr'><strong>ne</strong></span> <span class='ocrx_word' id='word_1_34' title='bbox 653 288 826 324; x_wconf 75' lang='lat' dir='ltr'><strong>negligamus</strong></span> <span class='ocrx_word' id='word_1_35' title='bbox 834 296 884 317; x_wconf 84' lang='lat' dir='ltr'><strong>eos</strong></span> <span class='ocrx_word' id='word_1_36' title='bbox 897 290 943 325; x_wconf 90' lang='lat' dir='ltr'><strong>qui</strong></span> <span class='ocrx_word' id='word_1_37' title='bbox 952 297 1006 324; x_wconf 90' lang='lat' dir='ltr'><strong>opc</strong></span> <span class='ocrx_word' id='word_1_38' title='bbox 1021 297 1070 317; x_wconf 90' lang='lat' dir='ltr'><strong>no-</strong></span> 
     </span>
    </p>
   </div>
   <div class='ocr_carea' id='block_1_8' title="bbox 275 332 1071 371">
    <p class='ocr_par' dir='ltr' id='par_1_8' title="bbox 275 332 1071 371">
     <span class='ocr_line' id='line_1_8' title="bbox 275 332 1071 371; baseline 0.006 -12"><span class='ocrx_word' id='word_1_39' title='bbox 275 335 333 360; x_wconf 90' lang='lat' dir='ltr'><strong>stra</strong></span> <span class='ocrx_word' id='word_1_40' title='bbox 350 332 488 368; x_wconf 75' lang='lat' dir='ltr'><strong>indigent;</strong></span> <span class='ocrx_word' id='word_1_41' title='bbox 502 340 538 362; x_wconf 88' lang='lat' dir='ltr'><strong>ne</strong></span> <span class='ocrx_word' id='word_1_42' title='bbox 566 338 763 369; x_wconf 69' lang='lat' dir='ltr'><strong>praetereamus</strong></span> <span class='ocrx_word' id='word_1_43' title='bbox 781 342 844 362; x_wconf 90' lang='lat' dir='ltr'><strong>eum</strong></span> <span class='ocrx_word' id='word_1_44' title='bbox 861 336 909 371; x_wconf 89' lang='lat' dir='ltr'><strong>qui</strong></span> <span class='ocrx_word' id='word_1_45' title='bbox 928 335 1071 364; x_wconf 85' lang='lat' dir='ltr'><strong>ulceribus</strong></span> 
     </span>
    </p>
   </div>
   <div class='ocr_carea' id='block_1_9' title="bbox 275 379 1073 416">
    <p class='ocr_par' dir='ltr' id='par_1_9' title="bbox 275 379 1073 416">
     <span class='ocr_line' id='line_1_9' title="bbox 275 379 1073 416; baseline 0.005 -11"><span class='ocrx_word' id='word_1_46' title='bbox 275 383 364 406; x_wconf 88' lang='lat' dir='ltr'><strong>scatet</strong></span> <span class='ocrx_word' id='word_1_47' title='bbox 374 387 381 412; x_wconf 83' lang='lat'><strong>;</strong></span> <span class='ocrx_word' id='word_1_48' title='bbox 391 386 426 406; x_wconf 88' lang='lat' dir='ltr'><strong>ne</strong></span> <span class='ocrx_word' id='word_1_49' title='bbox 434 379 545 408; x_wconf 81' lang='lat' dir='ltr'><strong>deliciis</strong></span> <span class='ocrx_word' id='word_1_50' title='bbox 556 380 761 416; x_wconf 65' lang='lat' dir='ltr'><strong>indulgeamus,</strong></span> <span class='ocrx_word' id='word_1_51' title='bbox 771 380 836 409; x_wconf 87' lang='lat' dir='ltr'><strong>aliis</strong></span> <span class='ocrx_word' id='word_1_52' title='bbox 848 381 875 410; x_wconf 87' lang='lat' dir='ltr'><strong>in</strong></span> <span class='ocrx_word' id='word_1_53' title='bbox 884 389 1007 409; x_wconf 83' lang='lat' dir='ltr'><strong>aerumna</strong></span> <span class='ocrx_word' id='word_1_54' title='bbox 1015 389 1073 409; x_wconf 90' lang='lat' dir='ltr'><strong>ver-</strong></span> 
     </span>
    </p>
   </div>
   <div class='ocr_carea' id='block_1_10' title="bbox 276 425 1072 462">
    <p class='ocr_par' dir='ltr' id='par_1_10' title="bbox 276 425 1072 462">
     <span class='ocr_line' id='line_1_10' title="bbox 276 425 1072 462; baseline 0.004 -10"><span class='ocrx_word' id='word_1_55' title='bbox 276 425 419 459; x_wconf 85' lang='lat' dir='ltr'><strong>santibus;</strong></span> <span class='ocrx_word' id='word_1_56' title='bbox 428 433 461 453; x_wconf 88' lang='lat' dir='ltr'><strong>ne</strong></span> <span class='ocrx_word' id='word_1_57' title='bbox 469 433 604 454; x_wconf 90' lang='lat' dir='ltr'><strong>conservu</strong></span> <span class='ocrx_word' id='word_1_58' title='bbox 610 433 634 453; x_wconf 95' lang='lat' dir='ltr'><strong>m</strong></span> <span class='ocrx_word' id='word_1_59' title='bbox 642 430 767 454; x_wconf 86' lang='lat' dir='ltr'><strong>nostrum</strong></span> <span class='ocrx_word' id='word_1_60' title='bbox 774 427 1072 462; x_wconf 80' lang='lat' dir='ltr'><strong>exsecremur.Nequa-</strong></span> 
     </span>
    </p>
   </div>
   <div class='ocr_carea' id='block_1_11' title="bbox 276 471 1069 513">
    <p class='ocr_par' dir='ltr' id='par_1_11' title="bbox 276 471 1069 513">
     <span class='ocr_line' id='line_1_11' title="bbox 276 471 1069 513; baseline 0.004 -15"><span class='ocrx_word' id='word_1_61' title='bbox 276 477 376 505; x_wconf 84' lang='lat' dir='ltr'><strong>quam,</strong></span> <span class='ocrx_word' id='word_1_62' title='bbox 391 478 408 499; x_wconf 87' lang='grc' dir='ltr'><strong>ο</strong></span> <span class='ocrx_word' id='word_1_63' title='bbox 427 471 508 499; x_wconf 79' lang='lat' dir='ltr'><strong>amici</strong></span> <span class='ocrx_word' id='word_1_64' title='bbox 526 476 553 500; x_wconf 88' lang='lat' dir='ltr'><strong>et</strong></span> <span class='ocrx_word' id='word_1_65' title='bbox 566 471 678 504; x_wconf 86' lang='lat' dir='ltr'><strong>fratres,</strong></span> <span class='ocrx_word' id='word_1_66' title='bbox 691 479 706 499; x_wconf 90' lang='lat' dir='ltr'><strong>a</strong></span> <span class='ocrx_word' id='word_1_67' title='bbox 723 473 817 500; x_wconf 81' lang='lat' dir='ltr'><strong>divitis</strong></span> <span class='ocrx_word' id='word_1_68' title='bbox 830 473 956 508; x_wconf 85' lang='lat' dir='ltr'><strong>partibus</strong></span> <span class='ocrx_word' id='word_1_69' title='bbox 969 473 1069 513; x_wconf 69' lang='lat' dir='ltr'><strong>simus,</strong></span> 
     </span>
    </p>
   </div>
   <div class='ocr_carea' id='block_1_12' title="bbox 277 517 1070 554">
    <p class='ocr_par' dir='ltr' id='par_1_12' title="bbox 277 517 1070 554">
     <span class='ocr_line' id='line_1_12' title="bbox 277 517 1070 554; baseline 0.003 -10"><span class='ocrx_word' id='word_1_70' title='bbox 277 524 313 545; x_wconf 91' lang='lat' dir='ltr'><strong>ne</strong></span> <span class='ocrx_word' id='word_1_71' title='bbox 347 517 376 545; x_wconf 86' lang='lat' dir='ltr'><strong>in</strong></span> <span class='ocrx_word' id='word_1_72' title='bbox 405 517 522 546; x_wconf 91' lang='lat' dir='ltr'><strong>ﬂammis</strong></span> <span class='ocrx_word' id='word_1_73' title='bbox 549 518 754 552; x_wconf 87' lang='lat' dir='ltr'><strong>exeruciemur,</strong></span> <span class='ocrx_word' id='word_1_74' title='bbox 781 523 917 554; x_wconf 89' lang='lat' dir='ltr'><strong>vastoque</strong></span> <span class='ocrx_word' id='word_1_75' title='bbox 944 519 1024 547; x_wconf 84' lang='lat' dir='ltr'><strong>hiatu</strong></span> <span class='ocrx_word' id='word_1_76' title='bbox 1054 526 1070 546; x_wconf 92' lang='lat' dir='ltr'><strong>a</strong></span> 
     </span>
    </p>
   </div>
   <div class='ocr_carea' id='block_1_13' title="bbox 278 563 1071 600">
    <p class='ocr_par' dir='ltr' id='par_1_13' title="bbox 278 563 1071 600">
     <span class='ocr_line' id='line_1_13' title="bbox 278 563 1071 600; baseline 0.004 -10"><span class='ocrx_word' id='word_1_77' title='bbox 278 563 385 591; x_wconf 80' lang='lat' dir='ltr'><strong>sanctis</strong></span> <span class='ocrx_word' id='word_1_78' title='bbox 400 564 575 592; x_wconf 88' lang='lat' dir='ltr'><strong>dirimamur.</strong></span> <span class='ocrx_word' id='word_1_79' title='bbox 604 565 701 600; x_wconf 83' lang='lat' dir='ltr'><strong>Neque</strong></span> <span class='ocrx_word' id='word_1_80' title='bbox 726 565 839 594; x_wconf 79' lang='lat' dir='ltr'><strong>tandem</strong></span> <span class='ocrx_word' id='word_1_81' title='bbox 864 565 1000 594; x_wconf 83' lang='lat' dir='ltr'><strong>Lazarum</strong></span> <span class='ocrx_word' id='word_1_82' title='bbox 1021 574 1071 595; x_wconf 84' lang='lat' dir='ltr'><strong>ex-</strong></span> 
     </span>
    </p>
   </div>
   <div class='ocr_carea' id='block_1_14' title="bbox 278 609 1071 648">
    <p class='ocr_par' dir='ltr' id='par_1_14' title="bbox 278 609 1071 648">
     <span class='ocr_line' id='line_1_14' title="bbox 278 609 1071 648; baseline 0.006 -13"><span class='ocrx_word' id='word_1_83' title='bbox 278 615 360 636; x_wconf 86' lang='lat' dir='ltr'><strong>orare</strong></span> <span class='ocrx_word' id='word_1_84' title='bbox 367 616 510 644; x_wconf 78' lang='lat' dir='ltr'><strong>cogamur,</strong></span> <span class='ocrx_word' id='word_1_85' title='bbox 524 613 554 637; x_wconf 90' lang='lat' dir='ltr'><strong>ut</strong></span> <span class='ocrx_word' id='word_1_86' title='bbox 565 609 692 638; x_wconf 81' lang='lat' dir='ltr'><strong>adustam</strong></span> <span class='ocrx_word' id='word_1_87' title='bbox 704 611 827 644; x_wconf 68' lang='lat' dir='ltr'><strong>linguam</strong></span> <span class='ocrx_word' id='word_1_88' title='bbox 842 615 966 639; x_wconf 87' lang='lat' dir='ltr'><strong>extremo</strong></span> <span class='ocrx_word' id='word_1_89' title='bbox 984 612 1071 648; x_wconf 73' lang='lat' dir='ltr'><strong>digito</strong></span> 
     </span>
    </p>
   </div>
   <div class='ocr_carea' id='block_1_15' title="bbox 278 654 1072 691">
    <p class='ocr_par' dir='ltr' id='par_1_15' title="bbox 278 654 1072 691">
     <span class='ocr_line' id='line_1_15' title="bbox 278 654 1072 691; baseline 0.006 -10"><span class='ocrx_word' id='word_1_90' title='bbox 278 654 434 690; x_wconf 76' lang='lat' dir='ltr'><strong>refrigeret.</strong></span> <span class='ocrx_word' id='word_1_91' title='bbox 456 655 605 691; x_wconf 75' lang='lat' dir='ltr'><strong>Benignos,</strong></span> <span class='ocrx_word' id='word_1_92' title='bbox 624 655 720 684; x_wconf 84' lang='lat' dir='ltr'><strong>faciles</strong></span> <span class='ocrx_word' id='word_1_93' title='bbox 747 661 774 685; x_wconf 92' lang='lat' dir='ltr'><strong>et</strong></span> <span class='ocrx_word' id='word_1_94' title='bbox 789 657 985 685; x_wconf 84' lang='lat' dir='ltr'><strong>misericordes</strong></span> <span class='ocrx_word' id='word_1_95' title='bbox 1020 665 1072 686; x_wconf 85' lang='lat' dir='ltr'><strong>nos</strong></span> 
     </span>
    </p>
   </div>
   <div class='ocr_carea' id='block_1_16' title="bbox 279 699 1069 739">
    <p class='ocr_par' dir='ltr' id='par_1_16' title="bbox 279 699 1069 739">
     <span class='ocr_line' id='line_1_16' title="bbox 279 699 1069 739; baseline 0.006 -13"><span class='ocrx_word' id='word_1_96' title='bbox 279 699 463 734; x_wconf 80' lang='lat' dir='ltr'><strong>praebeamus.</strong></span> <span class='ocrx_word' id='word_1_97' title='bbox 501 700 613 729; x_wconf 92' lang='lat' dir='ltr'><strong>Domini</strong></span> <span class='ocrx_word' id='word_1_98' title='bbox 628 701 827 737; x_wconf 70' lang='lat' dir='ltr'><strong>benignitatem</strong></span> <span class='ocrx_word' id='word_1_99' title='bbox 852 703 1006 737; x_wconf 90' lang='lat' dir='ltr'><strong>imitemur,</strong></span> <span class='ocrx_word' id='word_1_100' title='bbox 1018 700 1069 739; x_wconf 75' lang='lat' dir='ltr'><strong>qui</strong></span> 
     </span>
    </p>
   </div>
   <div class='ocr_carea' id='block_1_17' title="bbox 279 744 1071 783">
    <p class='ocr_par' dir='ltr' id='par_1_17' title="bbox 279 744 1071 783">
     <span class='ocr_line' id='line_1_17' title="bbox 279 744 1071 783; baseline 0.005 -11"><span class='ocrx_word' id='word_1_101' title='bbox 279 744 346 772; x_wconf 90' lang='lat' dir='ltr'><strong>oriri</strong></span> <span class='ocrx_word' id='word_1_102' title='bbox 378 745 466 773; x_wconf 90' lang='lat' dir='ltr'><strong>solem</strong></span> <span class='ocrx_word' id='word_1_103' title='bbox 499 754 580 774; x_wconf 89' lang='lat' dir='ltr'><strong>suum</strong></span> <span class='ocrx_word' id='word_1_104' title='bbox 609 746 676 774; x_wconf 81' lang='lat' dir='ltr'><strong>facit</strong></span> <span class='ocrx_word' id='word_1_105' title='bbox 704 754 788 783; x_wconf 86' lang='lat' dir='ltr'><strong>super</strong></span> <span class='ocrx_word' id='word_1_106' title='bbox 813 748 902 778; x_wconf 89' lang='lat' dir='ltr'><strong>bonos</strong></span> <span class='ocrx_word' id='word_1_107' title='bbox 926 753 954 778; x_wconf 92' lang='lat' dir='ltr'><strong>et</strong></span> <span class='ocrx_word' id='word_1_108' title='bbox 983 749 1071 777; x_wconf 89' lang='lat' dir='ltr'><strong>malos</strong></span> 
     </span>
    </p>
   </div>
   <div class='ocr_carea' id='block_1_18' title="bbox 281 789 1071 831">
    <p class='ocr_par' dir='ltr' id='par_1_18' title="bbox 281 789 1071 831">
     <span class='ocr_line' id='line_1_18' title="bbox 281 789 1071 831; baseline 0.01 -14"><span class='ocrx_word' id='word_1_109' title='bbox 281 789 397 826; x_wconf 79' lang='lat' dir='ltr'><strong>(Matth.</strong></span> <span class='ocrx_word' id='word_1_110' title='bbox 440 799 467 825; x_wconf 93' lang='lat' dir='ltr'><strong>v,</strong></span> <span class='ocrx_word' id='word_1_111' title='bbox 494 791 556 828; x_wconf 71' lang='grc'><strong>45),</strong></span> <span class='ocrx_word' id='word_1_112' title='bbox 580 800 728 830; x_wconf 88' lang='lat' dir='ltr'><strong>omnesque</strong></span> <span class='ocrx_word' id='word_1_113' title='bbox 754 794 846 830; x_wconf 89' lang='lat' dir='ltr'><strong>pluvia</strong></span> <span class='ocrx_word' id='word_1_114' title='bbox 877 803 925 823; x_wconf 87' lang='lat' dir='ltr'><strong>sua</strong></span> <span class='ocrx_word' id='word_1_115' title='bbox 957 795 1071 831; x_wconf 87' lang='lat' dir='ltr'><strong>perinde</strong></span> 
     </span>
    </p>
   </div>
   <div class='ocr_carea' id='block_1_19' title="bbox 281 837 340 864">
    <p class='ocr_par' dir='ltr' id='par_1_19' title="bbox 281 837 340 864">
     <span class='ocr_line' id='line_1_19' title="bbox 281 837 340 864; baseline 0 0"><span class='ocrx_word' id='word_1_116' title='bbox 281 837 340 864; x_wconf 82' lang='lat' dir='ltr'><strong>alit.</strong></span> 
     </span>
    </p>
   </div>
   <div class='ocr_carea' id='block_1_20' title="bbox 318 882 1074 923">
    <p class='ocr_par' dir='ltr' id='par_1_20' title="bbox 318 882 1074 923">
     <span class='ocr_line' id='line_1_20' title="bbox 318 882 1074 923; baseline 0.008 -14"><span class='ocrx_word' id='word_1_117' title='bbox 318 882 347 910; x_wconf 88' lang='lat' dir='ltr'><strong>S.</strong></span> <span class='ocrx_word' id='word_1_118' title='bbox 360 882 437 918; x_wconf 83' lang='lat' dir='ltr'><strong>Greg.</strong></span> <span class='ocrx_word' id='word_1_119' title='bbox 446 883 518 911; x_wconf 87' lang='lat' dir='ltr'><strong>Naz.</strong></span> <span class='ocrx_word' id='word_1_120' title='bbox 529 888 600 912; x_wconf 86' lang='lat' dir='ltr'><strong>orat.</strong></span> <span class='ocrx_word' id='word_1_121' title='bbox 612 885 847 914; x_wconf 76' lang='lat' dir='ltr'><strong>i6.-—-Ccelestem</strong></span> <span class='ocrx_word' id='word_1_122' title='bbox 858 886 932 914; x_wconf 84' lang='lat' dir='ltr'><strong>illam</strong></span> <span class='ocrx_word' id='word_1_123' title='bbox 949 887 1074 923; x_wconf 86' lang='lat' dir='ltr'><strong>requiem</strong></span> 
     </span>
    </p>
   </div>
   <div class='ocr_carea' id='block_1_21' title="bbox 282 930 1073 969">
    <p class='ocr_par' dir='ltr' id='par_1_21' title="bbox 282 930 1073 969">
     <span class='ocr_line' id='line_1_21' title="bbox 282 930 1073 969; baseline 0.009 -14"><span class='ocrx_word' id='word_1_124' title='bbox 282 936 457 965; x_wconf 81' lang='lat' dir='ltr'><strong>quaeramus;</strong></span> <span class='ocrx_word' id='word_1_125' title='bbox 476 930 561 965; x_wconf 88' lang='lat' dir='ltr'><strong>hujus</strong></span> <span class='ocrx_word' id='word_1_126' title='bbox 577 930 640 958; x_wconf 70' lang='lat' dir='ltr'><strong>vitae</strong></span> <span class='ocrx_word' id='word_1_127' title='bbox 656 930 807 960; x_wconf 80' lang='lat' dir='ltr'><strong>facultates</strong></span> <span class='ocrx_word' id='word_1_128' title='bbox 818 936 845 961; x_wconf 92' lang='lat' dir='ltr'><strong>et</strong></span> <span class='ocrx_word' id='word_1_129' title='bbox 858 940 926 969; x_wconf 91' lang='lat' dir='ltr'><strong>opes</strong></span> <span class='ocrx_word' id='word_1_130' title='bbox 941 934 1073 969; x_wconf 84' lang='lat' dir='ltr'><strong>projicia-</strong></span> 
     </span>
    </p>
   </div>
   <div class='ocr_carea' id='block_1_22' title="bbox 283 975 1075 1015">
    <p class='ocr_par' dir='ltr' id='par_1_22' title="bbox 283 975 1075 1015">
     <span class='ocr_line' id='line_1_22' title="bbox 283 975 1075 1015; baseline 0.008 -13"><span class='ocrx_word' id='word_1_131' title='bbox 283 982 362 1008; x_wconf 87' lang='lat' dir='ltr'><strong>mus;</strong></span> <span class='ocrx_word' id='word_1_132' title='bbox 376 975 450 1010; x_wconf 92' lang='lat' dir='ltr'><strong>quod</strong></span> <span class='ocrx_word' id='word_1_133' title='bbox 466 975 494 1003; x_wconf 90' lang='lat' dir='ltr'><strong>in</strong></span> <span class='ocrx_word' id='word_1_134' title='bbox 506 975 542 1004; x_wconf 89' lang='lat' dir='ltr'><strong>iis</strong></span> <span class='ocrx_word' id='word_1_135' title='bbox 555 976 658 1004; x_wconf 91' lang='lat' dir='ltr'><strong>bonum</strong></span> <span class='ocrx_word' id='word_1_136' title='bbox 669 982 721 1010; x_wconf 87' lang='lat' dir='ltr'><strong>est,</strong></span> <span class='ocrx_word' id='word_1_137' title='bbox 738 978 821 1014; x_wconf 80' lang='lat' dir='ltr'><strong>hujus</strong></span> <span class='ocrx_word' id='word_1_138' title='bbox 845 979 980 1007; x_wconf 79' lang='lat' dir='ltr'><strong>duntaxat</strong></span> <span class='ocrx_word' id='word_1_139' title='bbox 1001 988 1075 1015; x_wconf 72' lang='lat' dir='ltr'><strong>quae-</strong></span> 
     </span>
    </p>
   </div>
   <div class='ocr_carea' id='block_1_23' title="bbox 283 1021 1075 1062">
    <p class='ocr_par' dir='ltr' id='par_1_23' title="bbox 283 1021 1075 1062">
     <span class='ocr_line' id='line_1_23' title="bbox 283 1021 1075 1062; baseline 0.008 -14"><span class='ocrx_word' id='word_1_140' title='bbox 283 1025 359 1049; x_wconf 89' lang='lat' dir='ltr'><strong>stum</strong></span> <span class='ocrx_word' id='word_1_141' title='bbox 378 1021 530 1057; x_wconf 85' lang='lat' dir='ltr'><strong>faciamus;</strong></span> <span class='ocrx_word' id='word_1_142' title='bbox 543 1023 651 1051; x_wconf 89' lang='lat' dir='ltr'><strong>animas</strong></span> <span class='ocrx_word' id='word_1_143' title='bbox 664 1025 965 1062; x_wconf 81' lang='lat' dir='ltr'><strong>ucstraseleemosynis</strong></span> <span class='ocrx_word' id='word_1_144' title='bbox 976 1026 1075 1062; x_wconf 88' lang='lat' dir='ltr'><strong>acqui-</strong></span> 
     </span>
    </p>
   </div>
   <div class='ocr_carea' id='block_1_24' title="bbox 283 1068 1075 1106">
    <p class='ocr_par' dir='ltr' id='par_1_24' title="bbox 283 1068 1075 1106">
     <span class='ocr_line' id='line_1_24' title="bbox 283 1068 1075 1106; baseline 0.008 -13"><span class='ocrx_word' id='word_1_145' title='bbox 283 1073 381 1093; x_wconf 83' lang='lat' dir='ltr'><strong>ramus</strong></span> <span class='ocrx_word' id='word_1_146' title='bbox 398 1069 425 1094; x_wconf 89' lang='lat' dir='ltr'><strong>et</strong></span> <span class='ocrx_word' id='word_1_147' title='bbox 438 1074 580 1101; x_wconf 87' lang='lat' dir='ltr'><strong>emamus;</strong></span> <span class='ocrx_word' id='word_1_148' title='bbox 594 1068 665 1096; x_wconf 87' lang='lat' dir='ltr'><strong>bona</strong></span> <span class='ocrx_word' id='word_1_149' title='bbox 679 1073 777 1097; x_wconf 88' lang='lat' dir='ltr'><strong>nostra</strong></span> <span class='ocrx_word' id='word_1_150' title='bbox 789 1071 962 1105; x_wconf 85' lang='lat' dir='ltr'><strong>pauperibus</strong></span> <span class='ocrx_word' id='word_1_151' title='bbox 973 1071 1075 1106; x_wconf 88' lang='lat' dir='ltr'><strong>imper-</strong></span> 
     </span>
    </p>
   </div>
   <div class='ocr_carea' id='block_1_25' title="bbox 282 1113 1075 1151">
    <p class='ocr_par' dir='ltr' id='par_1_25' title="bbox 282 1113 1075 1151">
     <span class='ocr_line' id='line_1_25' title="bbox 282 1113 1075 1151; baseline 0.008 -12"><span class='ocrx_word' id='word_1_152' title='bbox 282 1113 398 1145; x_wconf 82' lang='lat' dir='ltr'><strong>tiamur,</strong></span> <span class='ocrx_word' id='word_1_153' title='bbox 411 1117 442 1140; x_wconf 92' lang='lat' dir='ltr'><strong>ut</strong></span> <span class='ocrx_word' id='word_1_154' title='bbox 455 1114 587 1148; x_wconf 82' lang='lat' dir='ltr'><strong>supernis</strong></span> <span class='ocrx_word' id='word_1_155' title='bbox 602 1114 659 1143; x_wconf 91' lang='lat' dir='ltr'><strong>illis</strong></span> <span class='ocrx_word' id='word_1_156' title='bbox 675 1115 777 1151; x_wconf 88' lang='lat' dir='ltr'><strong>opibus</strong></span> <span class='ocrx_word' id='word_1_157' title='bbox 799 1115 955 1144; x_wconf 87' lang='lat' dir='ltr'><strong>aﬂluamus.</strong></span> <span class='ocrx_word' id='word_1_158' title='bbox 966 1117 1075 1145; x_wconf 81' lang='lat' dir='ltr'><strong>Animae</strong></span> 
     </span>
    </p>
   </div>
   <div class='ocr_carea' id='block_1_26' title="bbox 282 1157 1073 1197">
    <p class='ocr_par' dir='ltr' id='par_1_26' title="bbox 282 1157 1073 1197">
     <span class='ocr_line' id='line_1_26' title="bbox 282 1157 1073 1197; baseline 0.008 -12"><span class='ocrx_word' id='word_1_159' title='bbox 282 1157 377 1191; x_wconf 86' lang='lat' dir='ltr'><strong>etiam,</strong></span> <span class='ocrx_word' id='word_1_160' title='bbox 391 1166 448 1186; x_wconf 90' lang='lat' dir='ltr'><strong>non</strong></span> <span class='ocrx_word' id='word_1_161' title='bbox 460 1159 511 1187; x_wconf 91' lang='lat' dir='ltr'><strong>soli</strong></span> <span class='ocrx_word' id='word_1_162' title='bbox 523 1160 654 1193; x_wconf 90' lang='lat' dir='ltr'><strong>carni,da</strong></span> <span class='ocrx_word' id='word_1_163' title='bbox 667 1165 789 1196; x_wconf 85' lang='lat' dir='ltr'><strong>partem;</strong></span> <span class='ocrx_word' id='word_1_164' title='bbox 800 1163 835 1189; x_wconf 90' lang='lat' dir='ltr'><strong>da</strong></span> <span class='ocrx_word' id='word_1_165' title='bbox 848 1166 955 1197; x_wconf 87' lang='lat' dir='ltr'><strong>partem</strong></span> <span class='ocrx_word' id='word_1_166' title='bbox 967 1166 994 1191; x_wconf 90' lang='lat' dir='ltr'><strong>et</strong></span> <span class='ocrx_word' id='word_1_167' title='bbox 1006 1162 1073 1197; x_wconf 89' lang='lat' dir='ltr'><strong>Deo,</strong></span> 
     </span>
    </p>
   </div>
   <div class='ocr_carea' id='block_1_27' title="bbox 283 1205 1076 1244">
    <p class='ocr_par' dir='ltr' id='par_1_27' title="bbox 283 1205 1076 1244">
     <span class='ocr_line' id='line_1_27' title="bbox 283 1205 1076 1244; baseline 0.009 -14"><span class='ocrx_word' id='word_1_168' title='bbox 283 1211 334 1231; x_wconf 87' lang='lat' dir='ltr'><strong>nec</strong></span> <span class='ocrx_word' id='word_1_169' title='bbox 350 1205 402 1232; x_wconf 90' lang='lat' dir='ltr'><strong>soli</strong></span> <span class='ocrx_word' id='word_1_170' title='bbox 431 1205 553 1239; x_wconf 90' lang='lat' dir='ltr'><strong>mundo;</strong></span> <span class='ocrx_word' id='word_1_171' title='bbox 572 1207 662 1234; x_wconf 87' lang='lat' dir='ltr'><strong>ventri</strong></span> <span class='ocrx_word' id='word_1_172' title='bbox 689 1207 820 1242; x_wconf 91' lang='lat' dir='ltr'><strong>quiddam</strong></span> <span class='ocrx_word' id='word_1_173' title='bbox 841 1208 985 1240; x_wconf 85' lang='lat' dir='ltr'><strong>subtrahe,</strong></span> <span class='ocrx_word' id='word_1_174' title='bbox 1001 1210 1076 1244; x_wconf 86' lang='lat' dir='ltr'><strong>quod</strong></span> 
     </span>
    </p>
   </div>
   <div class='ocr_carea' id='block_1_28' title="bbox 284 1249 1076 1290">
    <p class='ocr_par' dir='ltr' id='par_1_28' title="bbox 284 1249 1076 1290">
     <span class='ocr_line' id='line_1_28' title="bbox 284 1249 1076 1290; baseline 0.008 -14"><span class='ocrx_word' id='word_1_175' title='bbox 284 1249 403 1284; x_wconf 86' lang='lat' dir='ltr'><strong>Spiritui</strong></span> <span class='ocrx_word' id='word_1_176' title='bbox 432 1258 602 1284; x_wconf 81' lang='lat' dir='ltr'><strong>consecres;</strong></span> <span class='ocrx_word' id='word_1_177' title='bbox 623 1260 657 1280; x_wconf 88' lang='lat' dir='ltr'><strong>ex</strong></span> <span class='ocrx_word' id='word_1_178' title='bbox 681 1252 745 1288; x_wconf 77' lang='lat' dir='ltr'><strong>igne</strong></span> <span class='ocrx_word' id='word_1_179' title='bbox 776 1253 918 1289; x_wconf 88' lang='lat' dir='ltr'><strong>quidpiam</strong></span> <span class='ocrx_word' id='word_1_180' title='bbox 937 1255 1025 1290; x_wconf 89' lang='lat' dir='ltr'><strong>eripe,</strong></span> <span class='ocrx_word' id='word_1_181' title='bbox 1048 1259 1076 1283; x_wconf 91' lang='lat' dir='ltr'><strong>et</strong></span> 
     </span>
    </p>
   </div>
   <div class='ocr_carea' id='block_1_29' title="bbox 284 1296 1076 1336">
    <p class='ocr_par' dir='ltr' id='par_1_29' title="bbox 284 1296 1076 1336">
     <span class='ocr_line' id='line_1_29' title="bbox 284 1296 1076 1336; baseline 0.009 -14"><span class='ocrx_word' id='word_1_182' title='bbox 284 1296 421 1331; x_wconf 81' lang='lat' dir='ltr'><strong>tantisper</strong></span> <span class='ocrx_word' id='word_1_183' title='bbox 436 1303 450 1324; x_wconf 72' lang='grc' dir='ltr'><strong>ο</strong></span> <span class='ocrx_word' id='word_1_184' title='bbox 467 1297 634 1332; x_wconf 88' lang='lat' dir='ltr'><strong>depascente</strong></span> <span class='ocrx_word' id='word_1_185' title='bbox 651 1298 761 1326; x_wconf 90' lang='lat' dir='ltr'><strong>ﬂamma</strong></span> <span class='ocrx_word' id='word_1_186' title='bbox 791 1307 925 1334; x_wconf 86' lang='lat' dir='ltr'><strong>remove;</strong></span> <span class='ocrx_word' id='word_1_187' title='bbox 941 1305 1076 1336; x_wconf 83' lang='lat' dir='ltr'><strong>extorque</strong></span> 
     </span>
    </p>
   </div>
   <div class='ocr_carea' id='block_1_30' title="bbox 284 1343 1074 1381">
    <p class='ocr_par' dir='ltr' id='par_1_30' title="bbox 284 1343 1074 1381">
     <span class='ocr_line' id='line_1_30' title="bbox 284 1343 1074 1381; baseline 0.008 -13"><span class='ocrx_word' id='word_1_188' title='bbox 284 1349 300 1368; x_wconf 91' lang='lat' dir='ltr'><strong>a</strong></span> <span class='ocrx_word' id='word_1_189' title='bbox 320 1345 450 1377; x_wconf 85' lang='lat' dir='ltr'><strong>tyranno,</strong></span> <span class='ocrx_word' id='word_1_190' title='bbox 478 1346 508 1370; x_wconf 90' lang='lat' dir='ltr'><strong>et</strong></span> <span class='ocrx_word' id='word_1_191' title='bbox 530 1343 649 1370; x_wconf 92' lang='lat' dir='ltr'><strong>Domino</strong></span> <span class='ocrx_word' id='word_1_192' title='bbox 676 1345 830 1372; x_wconf 90' lang='lat' dir='ltr'><strong>committe.</strong></span> <span class='ocrx_word' id='word_1_193' title='bbox 852 1345 890 1373; x_wconf 88' lang='lat' dir='ltr'><strong>Da</strong></span> <span class='ocrx_word' id='word_1_194' title='bbox 905 1353 1002 1381; x_wconf 87' lang='lat' dir='ltr'><strong>parum</strong></span> <span class='ocrx_word' id='word_1_195' title='bbox 1018 1348 1043 1374; x_wconf 90' lang='lat' dir='ltr'><strong>ei</strong></span> <span class='ocrx_word' id='word_1_196' title='bbox 1060 1355 1074 1374; x_wconf 90' lang='lat' dir='ltr'><strong>a</strong></span> 
     </span>
    </p>
   </div>
   <div class='ocr_carea' id='block_1_31' title="bbox 283 1387 1075 1427">
    <p class='ocr_par' dir='ltr' id='par_1_31' title="bbox 283 1387 1075 1427">
     <span class='ocr_line' id='line_1_31' title="bbox 283 1387 1075 1427; baseline 0.01 -14"><span class='ocrx_word' id='word_1_197' title='bbox 283 1394 341 1422; x_wconf 86' lang='lat' dir='ltr'><strong>quo</strong></span> <span class='ocrx_word' id='word_1_198' title='bbox 373 1387 494 1422; x_wconf 76' lang='lat' dir='ltr'><strong>amplius</strong></span> <span class='ocrx_word' id='word_1_199' title='bbox 522 1389 663 1423; x_wconf 87' lang='lat' dir='ltr'><strong>acceperis</strong></span> <span class='ocrx_word' id='word_1_200' title='bbox 683 1399 689 1417; x_wconf 93' lang='lat'>:</span> <span class='ocrx_word' id='word_1_201' title='bbox 706 1390 762 1417; x_wconf 91' lang='lat' dir='ltr'><strong>imo</strong></span> <span class='ocrx_word' id='word_1_202' title='bbox 779 1390 864 1419; x_wconf 87' lang='lat' dir='ltr'><strong>etiam</strong></span> <span class='ocrx_word' id='word_1_203' title='bbox 881 1392 905 1419; x_wconf 88' lang='lat' dir='ltr'><strong>ei</strong></span> <span class='ocrx_word' id='word_1_204' title='bbox 919 1392 967 1427; x_wconf 88' lang='lat' dir='ltr'><strong>qui</strong></span> <span class='ocrx_word' id='word_1_205' title='bbox 983 1393 1075 1421; x_wconf 82' lang='lat' dir='ltr'><strong>omnia</strong></span> 
     </span>
    </p>
   </div>
   <div class='ocr_carea' id='block_1_32' title="bbox 283 1433 1075 1473">
    <p class='ocr_par' dir='ltr' id='par_1_32' title="bbox 283 1433 1075 1473">
     <span class='ocr_line' id='line_1_32' title="bbox 283 1433 1075 1473; baseline 0.009 -14"><span class='ocrx_word' id='word_1_206' title='bbox 283 1433 418 1468; x_wconf 75' lang='lat' dir='ltr'><strong>elargitns</strong></span> <span class='ocrx_word' id='word_1_207' title='bbox 432 1438 484 1465; x_wconf 85' lang='lat' dir='ltr'><strong>est.</strong></span> <span class='ocrx_word' id='word_1_208' title='bbox 504 1435 650 1463; x_wconf 79' lang='lat' dir='ltr'><strong>universas</strong></span> <span class='ocrx_word' id='word_1_209' title='bbox 666 1443 734 1471; x_wconf 89' lang='lat' dir='ltr'><strong>opes</strong></span> <span class='ocrx_word' id='word_1_210' title='bbox 748 1436 825 1464; x_wconf 90' lang='lat' dir='ltr'><strong>dato.</strong></span> <span class='ocrx_word' id='word_1_211' title='bbox 842 1436 993 1473; x_wconf 87' lang='lat' dir='ltr'><strong>Nunquam</strong></span> <span class='ocrx_word' id='word_1_212' title='bbox 1010 1439 1075 1467; x_wconf 90' lang='lat' dir='ltr'><strong>vin-</strong></span> 
     </span>
    </p>
   </div>
   <div class='ocr_carea' id='block_1_33' title="bbox 283 1478 1072 1519">
    <p class='ocr_par' dir='ltr' id='par_1_33' title="bbox 283 1478 1072 1519">
     <span class='ocr_line' id='line_1_33' title="bbox 283 1478 1072 1519; baseline 0.009 -14"><span class='ocrx_word' id='word_1_213' title='bbox 283 1484 331 1506; x_wconf 87' lang='lat' dir='ltr'><strong>ces</strong></span> <span class='ocrx_word' id='word_1_214' title='bbox 363 1478 582 1506; x_wconf 80' lang='lat' dir='ltr'><strong>muniﬁcentiam</strong></span> <span class='ocrx_word' id='word_1_215' title='bbox 603 1479 668 1513; x_wconf 89' lang='lat' dir='ltr'><strong>Dei;</strong></span> <span class='ocrx_word' id='word_1_216' title='bbox 690 1482 873 1516; x_wconf 85' lang='lat' dir='ltr'><strong>quantumvis</strong></span> <span class='ocrx_word' id='word_1_217' title='bbox 900 1484 1072 1519; x_wconf 81' lang='lat' dir='ltr'><strong>erogaveris,</strong></span> 
     </span>
    </p>
   </div>
   <div class='ocr_carea' id='block_1_34' title="bbox 283 1525 1078 1565">
    <p class='ocr_par' dir='ltr' id='par_1_34' title="bbox 283 1525 1078 1565">
     <span class='ocr_line' id='line_1_34' title="bbox 283 1525 1078 1565; baseline 0.009 -14"><span class='ocrx_word' id='word_1_218' title='bbox 283 1531 393 1560; x_wconf 78' lang='lat' dir='ltr'><strong>semper</strong></span> <span class='ocrx_word' id='word_1_219' title='bbox 415 1526 450 1553; x_wconf 91' lang='lat' dir='ltr'><strong>ab</strong></span> <span class='ocrx_word' id='word_1_220' title='bbox 469 1533 501 1553; x_wconf 92' lang='lat' dir='ltr'><strong>ea</strong></span> <span class='ocrx_word' id='word_1_221' title='bbox 516 1525 616 1561; x_wconf 83' lang='lat' dir='ltr'><strong>procul</strong></span> <span class='ocrx_word' id='word_1_222' title='bbox 642 1526 743 1555; x_wconf 89' lang='lat' dir='ltr'><strong>aberis.</strong></span> <span class='ocrx_word' id='word_1_223' title='bbox 760 1526 834 1561; x_wconf 88' lang='lat' dir='ltr'><strong>Quin</strong></span> <span class='ocrx_word' id='word_1_224' title='bbox 859 1535 911 1556; x_wconf 89' lang='lat' dir='ltr'><strong>nec</strong></span> <span class='ocrx_word' id='word_1_225' title='bbox 925 1529 1078 1565; x_wconf 84' lang='lat' dir='ltr'><strong>quidquam</strong></span> 
     </span>
    </p>
   </div>
   <div class='ocr_carea' id='block_1_35' title="bbox 284 1569 1077 1608">
    <p class='ocr_par' dir='ltr' id='par_1_35' title="bbox 284 1569 1077 1608">
     <span class='ocr_line' id='line_1_35' title="bbox 284 1569 1077 1608; baseline 0.009 -12"><span class='ocrx_word' id='word_1_226' title='bbox 284 1569 359 1604; x_wconf 89' lang='lat' dir='ltr'><strong>quod</strong></span> <span class='ocrx_word' id='word_1_227' title='bbox 375 1574 453 1598; x_wconf 90' lang='lat' dir='ltr'><strong>tuum</strong></span> <span class='ocrx_word' id='word_1_228' title='bbox 479 1570 528 1603; x_wconf 86' lang='lat' dir='ltr'><strong>sit,</strong></span> <span class='ocrx_word' id='word_1_229' title='bbox 549 1570 666 1599; x_wconf 91' lang='lat' dir='ltr'><strong>daturus</strong></span> <span class='ocrx_word' id='word_1_230' title='bbox 693 1579 724 1600; x_wconf 88' lang='lat' dir='ltr'><strong>es</strong></span> <span class='ocrx_word' id='word_1_231' title='bbox 741 1579 748 1598; x_wconf 90' lang='lat'><strong>:</strong></span> <span class='ocrx_word' id='word_1_232' title='bbox 764 1572 990 1608; x_wconf 87' lang='lat' dir='ltr'><strong>quandoquidem</strong></span> <span class='ocrx_word' id='word_1_233' title='bbox 1006 1582 1077 1603; x_wconf 88' lang='lat' dir='ltr'><strong>cun-</strong></span> 
     </span>
    </p>
   </div>
   <div class='ocr_carea' id='block_1_36' title="bbox 282 1616 1078 1656">
    <p class='ocr_par' dir='ltr' id='par_1_36' title="bbox 282 1616 1078 1656">
     <span class='ocr_line' id='line_1_36' title="bbox 282 1616 1078 1656; baseline 0.006 -13"><span class='ocrx_word' id='word_1_234' title='bbox 282 1620 328 1644; x_wconf 78' lang='lat' dir='ltr'><strong>cta</strong></span> <span class='ocrx_word' id='word_1_235' title='bbox 339 1624 373 1644; x_wconf 84' lang='lat' dir='ltr'><strong>ex</strong></span> <span class='ocrx_word' id='word_1_236' title='bbox 388 1616 445 1644; x_wconf 89' lang='lat' dir='ltr'><strong>Deo</strong></span> <span class='ocrx_word' id='word_1_237' title='bbox 459 1621 536 1644; x_wconf 90' lang='lat' dir='ltr'><strong>sunt.</strong></span> <span class='ocrx_word' id='word_1_238' title='bbox 552 1616 586 1644; x_wconf 87' lang='lat' dir='ltr'><strong>Et</strong></span> <span class='ocrx_word' id='word_1_239' title='bbox 603 1618 838 1652; x_wconf 90' lang='lat' dir='ltr'><strong>quemadmodum</strong></span> <span class='ocrx_word' id='word_1_240' title='bbox 855 1619 915 1648; x_wconf 84' lang='lat' dir='ltr'><strong>ﬁeri</strong></span> <span class='ocrx_word' id='word_1_241' title='bbox 932 1621 1029 1656; x_wconf 88' lang='lat' dir='ltr'><strong>nequit</strong></span> <span class='ocrx_word' id='word_1_242' title='bbox 1047 1625 1078 1648; x_wconf 87' lang='lat' dir='ltr'><strong>ut</strong></span> 
     </span>
    </p>
   </div>
   <div class='ocr_carea' id='block_1_37' title="bbox 285 1662 1078 1702">
    <p class='ocr_par' dir='ltr' id='par_1_37' title="bbox 285 1662 1078 1702">
     <span class='ocr_line' id='line_1_37' title="bbox 285 1662 1078 1702; baseline 0.008 -12"><span class='ocrx_word' id='word_1_243' title='bbox 285 1663 414 1691; x_wconf 83' lang='lat' dir='ltr'><strong>umbram</strong></span> <span class='ocrx_word' id='word_1_244' title='bbox 425 1662 508 1699; x_wconf 60' lang='lat'><strong>5.80</strong></span> <span class='ocrx_word' id='word_1_245' title='bbox 521 1667 646 1692; x_wconf 87' lang='lat' dir='ltr'><strong>nostram</strong></span> <span class='ocrx_word' id='word_1_246' title='bbox 661 1665 932 1702; x_wconf 74' lang='lat' dir='ltr'><strong>praetergrediamur,</strong></span> <span class='ocrx_word' id='word_1_247' title='bbox 954 1672 1002 1696; x_wconf 87' lang='lat' dir='ltr'><strong>aut</strong></span> <span class='ocrx_word' id='word_1_248' title='bbox 1016 1675 1078 1696; x_wconf 85' lang='lat' dir='ltr'><strong>mo-</strong></span> 
     </span>
    </p>
   </div>
   <div class='ocr_carea' id='block_1_38' title="bbox 284 1707 1078 1745">
    <p class='ocr_par' dir='ltr' id='par_1_38' title="bbox 284 1707 1078 1745">
     <span class='ocr_line' id='line_1_38' title="bbox 284 1707 1078 1745; baseline 0.008 -11"><span class='ocrx_word' id='word_1_249' title='bbox 284 1707 325 1735; x_wconf 85' lang='lat' dir='ltr'><strong>les</strong></span> <span class='ocrx_word' id='word_1_250' title='bbox 342 1708 470 1742; x_wconf 90' lang='lat' dir='ltr'><strong>corporis</strong></span> <span class='ocrx_word' id='word_1_251' title='bbox 489 1714 574 1742; x_wconf 85' lang='lat' dir='ltr'><strong>supra</strong></span> <span class='ocrx_word' id='word_1_252' title='bbox 593 1712 678 1743; x_wconf 90' lang='lat' dir='ltr'><strong>caput</strong></span> <span class='ocrx_word' id='word_1_253' title='bbox 698 1716 837 1745; x_wconf 69' lang='lat' dir='ltr'><strong>assurgat,</strong></span> <span class='ocrx_word' id='word_1_254' title='bbox 857 1711 899 1739; x_wconf 92' lang='lat' dir='ltr'><strong>sic</strong></span> <span class='ocrx_word' id='word_1_255' title='bbox 913 1719 964 1740; x_wconf 86' lang='lat' dir='ltr'><strong>nec</strong></span> <span class='ocrx_word' id='word_1_256' title='bbox 980 1720 1078 1740; x_wconf 89' lang='lat' dir='ltr'><strong>mune-</strong></span> 
     </span>
    </p>
   </div>
   <div class='ocr_carea' id='block_1_39' title="bbox 285 1752 1078 1792">
    <p class='ocr_par' dir='ltr' id='par_1_39' title="bbox 285 1752 1078 1792">
     <span class='ocr_line' id='line_1_39' title="bbox 285 1752 1078 1792; baseline 0.008 -13"><span class='ocrx_word' id='word_1_257' title='bbox 285 1753 362 1780; x_wconf 81' lang='lat' dir='ltr'><strong>ribus</strong></span> <span class='ocrx_word' id='word_1_258' title='bbox 377 1753 484 1781; x_wconf 86' lang='lat' dir='ltr'><strong>nostris</strong></span> <span class='ocrx_word' id='word_1_259' title='bbox 511 1752 584 1782; x_wconf 86' lang='lat' dir='ltr'><strong>Deus</strong></span> <span class='ocrx_word' id='word_1_260' title='bbox 599 1753 675 1782; x_wconf 90' lang='lat' dir='ltr'><strong>vinci</strong></span> <span class='ocrx_word' id='word_1_261' title='bbox 708 1759 809 1790; x_wconf 83' lang='lat' dir='ltr'><strong>potest.</strong></span> <span class='ocrx_word' id='word_1_262' title='bbox 824 1755 920 1792; x_wconf 86' lang='lat' dir='ltr'><strong>Neque</strong></span> <span class='ocrx_word' id='word_1_263' title='bbox 945 1758 1020 1785; x_wconf 87' lang='lat' dir='ltr'><strong>enim</strong></span> <span class='ocrx_word' id='word_1_264' title='bbox 1051 1758 1078 1786; x_wconf 91' lang='lat' dir='ltr'><strong>ei</strong></span> 
     </span>
    </p>
   </div>
   <div class='ocr_carea' id='block_1_40' title="bbox 285 1797 1079 1836">
    <p class='ocr_par' dir='ltr' id='par_1_40' title="bbox 285 1797 1079 1836">
     <span class='ocr_line' id='line_1_40' title="bbox 285 1797 1079 1836; baseline 0.009 -12"><span class='ocrx_word' id='word_1_265' title='bbox 285 1797 438 1833; x_wconf 89' lang='lat' dir='ltr'><strong>quidquam</strong></span> <span class='ocrx_word' id='word_1_266' title='bbox 453 1797 552 1826; x_wconf 87' lang='lat' dir='ltr'><strong>damus</strong></span> <span class='ocrx_word' id='word_1_267' title='bbox 567 1799 642 1834; x_wconf 84' lang='lat' dir='ltr'><strong>quod</strong></span> <span class='ocrx_word' id='word_1_268' title='bbox 656 1803 733 1827; x_wconf 86' lang='lat' dir='ltr'><strong>extra</strong></span> <span class='ocrx_word' id='word_1_269' title='bbox 746 1800 818 1828; x_wconf 91' lang='lat' dir='ltr'><strong>bona</strong></span> <span class='ocrx_word' id='word_1_270' title='bbox 835 1801 924 1836; x_wconf 78' lang='lat' dir='ltr'><strong>ipsius</strong></span> <span class='ocrx_word' id='word_1_271' title='bbox 937 1802 985 1829; x_wconf 89' lang='lat' dir='ltr'><strong>sit.</strong></span> <span class='ocrx_word' id='word_1_272' title='bbox 998 1802 1079 1831; x_wconf 85' lang='lat' dir='ltr'><strong>Unde</strong></span> 
     </span>
    </p>
   </div>
   <div class='ocr_carea' id='block_1_41' title="bbox 286 1845 1079 1882">
    <p class='ocr_par' dir='ltr' id='par_1_41' title="bbox 286 1845 1079 1882">
     <span class='ocr_line' id='line_1_41' title="bbox 286 1845 1079 1882; baseline 0.006 -9"><span class='ocrx_word' id='word_1_273' title='bbox 286 1846 334 1873; x_wconf 86' lang='lat' dir='ltr'><strong>tibi</strong></span> <span class='ocrx_word' id='word_1_274' title='bbox 351 1845 447 1874; x_wconf 66' lang='lat' dir='ltr'><strong>islhaac</strong></span> <span class='ocrx_word' id='word_1_275' title='bbox 462 1846 565 1879; x_wconf 89' lang='lat' dir='ltr'><strong>omnia,</strong></span> <span class='ocrx_word' id='word_1_276' title='bbox 576 1852 602 1874; x_wconf 91' lang='lat' dir='ltr'><strong>et</strong></span> <span class='ocrx_word' id='word_1_277' title='bbox 615 1854 629 1874; x_wconf 90' lang='lat' dir='ltr'><strong>a</strong></span> <span class='ocrx_word' id='word_1_278' title='bbox 645 1847 783 1882; x_wconf 88' lang='lat' dir='ltr'><strong>quonam?</strong></span> <span class='ocrx_word' id='word_1_279' title='bbox 797 1848 865 1882; x_wconf 86' lang='lat' dir='ltr'><strong>Quis</strong></span> <span class='ocrx_word' id='word_1_280' title='bbox 877 1849 959 1878; x_wconf 85' lang='lat' dir='ltr'><strong>donis</strong></span> <span class='ocrx_word' id='word_1_281' title='bbox 967 1850 1079 1878; x_wconf 88' lang='lat' dir='ltr'><strong>vincere</strong></span> 
     </span>
    </p>
   </div>
   <div class='ocr_carea' id='block_1_42' title="bbox 287 1890 1078 1931">
    <p class='ocr_par' dir='ltr' id='par_1_42' title="bbox 287 1890 1078 1931">
     <span class='ocr_line' id='line_1_42' title="bbox 287 1890 1078 1931; baseline 0.009 -13"><span class='ocrx_word' id='word_1_282' title='bbox 287 1890 372 1919; x_wconf 89' lang='lat' dir='ltr'><strong>Deum</strong></span> <span class='ocrx_word' id='word_1_283' title='bbox 390 1892 575 1927; x_wconf 80' lang='lat' dir='ltr'><strong>queal?Quis</strong></span> <span class='ocrx_word' id='word_1_284' title='bbox 596 1893 647 1921; x_wconf 87' lang='lat' dir='ltr'><strong>tibi</strong></span> <span class='ocrx_word' id='word_1_285' title='bbox 667 1893 721 1922; x_wconf 89' lang='lat' dir='ltr'><strong>hoc</strong></span> <span class='ocrx_word' id='word_1_286' title='bbox 736 1893 825 1927; x_wconf 87' lang='lat' dir='ltr'><strong>dedit,</strong></span> <span class='ocrx_word' id='word_1_287' title='bbox 846 1895 920 1931; x_wconf 91' lang='lat' dir='ltr'><strong>quod</strong></span> <span class='ocrx_word' id='word_1_288' title='bbox 933 1896 997 1924; x_wconf 62' lang='lat' dir='ltr'><strong>coeli</strong></span> <span class='ocrx_word' id='word_1_289' title='bbox 1014 1897 1078 1931; x_wconf 90' lang='lat' dir='ltr'><strong>pul-</strong></span> 
     </span>
    </p>
   </div>
   <div class='ocr_carea' id='block_1_43' title="bbox 286 1936 1079 1977">
    <p class='ocr_par' dir='ltr' id='par_1_43' title="bbox 286 1936 1079 1977">
     <span class='ocr_line' id='line_1_43' title="bbox 286 1936 1079 1977; baseline 0.009 -14"><span class='ocrx_word' id='word_1_290' title='bbox 286 1936 473 1965; x_wconf 89' lang='lat' dir='ltr'><strong>chritudinem</strong></span> <span class='ocrx_word' id='word_1_291' title='bbox 487 1938 606 1966; x_wconf 80' lang='lat' dir='ltr'><strong>cernas?</strong></span> <span class='ocrx_word' id='word_1_292' title='bbox 617 1938 692 1973; x_wconf 90' lang='lat' dir='ltr'><strong>quod</strong></span> <span class='ocrx_word' id='word_1_293' title='bbox 707 1939 777 1968; x_wconf 89' lang='lat' dir='ltr'><strong>solis</strong></span> <span class='ocrx_word' id='word_1_294' title='bbox 787 1947 914 1975; x_wconf 89' lang='lat' dir='ltr'><strong>cursum,</strong></span> <span class='ocrx_word' id='word_1_295' title='bbox 932 1942 1006 1977; x_wconf 87' lang='lat' dir='ltr'><strong>quod</strong></span> <span class='ocrx_word' id='word_1_296' title='bbox 1023 1943 1079 1970; x_wconf 89' lang='lat' dir='ltr'><strong>cir-</strong></span> 
     </span>
    </p>
   </div>
   <div class='ocr_carea' id='block_1_44' title="bbox 288 1982 1079 2021">
    <p class='ocr_par' dir='ltr' id='par_1_44' title="bbox 288 1982 1079 2021">
     <span class='ocr_line' id='line_1_44' title="bbox 288 1982 1079 2021; baseline 0.009 -12"><span class='ocrx_word' id='word_1_297' title='bbox 288 1982 395 2010; x_wconf 92' lang='lat' dir='ltr'><strong>cuitum</strong></span> <span class='ocrx_word' id='word_1_298' title='bbox 421 1983 505 2017; x_wconf 83' lang='lat' dir='ltr'><strong>lunae,</strong></span> <span class='ocrx_word' id='word_1_299' title='bbox 525 1984 602 2019; x_wconf 91' lang='lat' dir='ltr'><strong>quod</strong></span> <span class='ocrx_word' id='word_1_300' title='bbox 630 1984 752 2012; x_wconf 91' lang='lat' dir='ltr'><strong>siderum</strong></span> <span class='ocrx_word' id='word_1_301' title='bbox 771 1986 989 2021; x_wconf 79' lang='lat' dir='ltr'><strong>multitudinem,</strong></span> <span class='ocrx_word' id='word_1_302' title='bbox 1002 1995 1079 2016; x_wconf 85' lang='lat' dir='ltr'><strong>eam-</strong></span> 
     </span>
    </p>
   </div>
   <div class='ocr_carea' id='block_1_45' title="bbox 286 2028 1077 2068">
    <p class='ocr_par' dir='ltr' id='par_1_45' title="bbox 286 2028 1077 2068">
     <span class='ocr_line' id='line_1_45' title="bbox 286 2028 1077 2068; baseline 0.011 -15"><span class='ocrx_word' id='word_1_303' title='bbox 286 2034 353 2062; x_wconf 91' lang='lat' dir='ltr'><strong>que,</strong></span> <span class='ocrx_word' id='word_1_304' title='bbox 382 2035 444 2062; x_wconf 80' lang='lat' dir='ltr'><strong>quae</strong></span> <span class='ocrx_word' id='word_1_305' title='bbox 475 2028 504 2056; x_wconf 90' lang='lat' dir='ltr'><strong>in</strong></span> <span class='ocrx_word' id='word_1_306' title='bbox 524 2029 570 2057; x_wconf 89' lang='lat' dir='ltr'><strong>bis</strong></span> <span class='ocrx_word' id='word_1_307' title='bbox 591 2030 722 2058; x_wconf 90' lang='lat' dir='ltr'><strong>omnibus</strong></span> <span class='ocrx_word' id='word_1_308' title='bbox 748 2031 825 2060; x_wconf 88' lang='lat' dir='ltr'><strong>velut</strong></span> <span class='ocrx_word' id='word_1_309' title='bbox 854 2033 882 2060; x_wconf 95' lang='lat' dir='ltr'><strong>in</strong></span> <span class='ocrx_word' id='word_1_310' title='bbox 898 2032 960 2068; x_wconf 86' lang='lat' dir='ltr'><strong>lyra</strong></span> <span class='ocrx_word' id='word_1_311' title='bbox 976 2033 1077 2068; x_wconf 85' lang='lat' dir='ltr'><strong>elucet,</strong></span> 
     </span>
    </p>
   </div>
   <div class='ocr_carea' id='block_1_46' title="bbox 234 2073 1078 2116">
    <p class='ocr_par' dir='ltr' id='par_1_46' title="bbox 234 2073 1078 2116">
     <span class='ocr_line' id='line_1_46' title="bbox 234 2073 1078 2116; baseline 0.008 -15"><span class='ocrx_word' id='word_1_312' title='bbox 234 2113 239 2116; x_wconf 86' lang='lat'><em>_</em></span> <span class='ocrx_word' id='word_1_313' title='bbox 287 2073 516 2108; x_wconf 79' lang='lat' dir='ltr'><strong>concinnitatem,</strong></span> <span class='ocrx_word' id='word_1_314' title='bbox 544 2079 626 2110; x_wconf 83' lang='lat' dir='ltr'><strong>atque</strong></span> <span class='ocrx_word' id='word_1_315' title='bbox 643 2076 770 2105; x_wconf 85' lang='lat' dir='ltr'><strong>ordinem</strong></span> <span class='ocrx_word' id='word_1_316' title='bbox 797 2085 907 2114; x_wconf 86' lang='lat' dir='ltr'><strong>semper</strong></span> <span class='ocrx_word' id='word_1_317' title='bbox 923 2087 953 2108; x_wconf 89' lang='lat' dir='ltr'><strong>se</strong></span> <span class='ocrx_word' id='word_1_318' title='bbox 981 2080 1078 2108; x_wconf 88' lang='lat' dir='ltr'><strong>eodem</strong></span> 
     </span>
    </p>
   </div>
   <div class='ocr_carea' id='block_1_47' title="bbox 287 2120 1080 2159">
    <p class='ocr_par' dir='ltr' id='par_1_47' title="bbox 287 2120 1080 2159">
     <span class='ocr_line' id='line_1_47' title="bbox 287 2120 1080 2159; baseline 0.008 -11"><span class='ocrx_word' id='word_1_319' title='bbox 287 2120 371 2148; x_wconf 89' lang='lat' dir='ltr'><strong>modo</strong></span> <span class='ocrx_word' id='word_1_320' title='bbox 389 2121 547 2154; x_wconf 84' lang='lat' dir='ltr'><strong>habentem,</strong></span> <span class='ocrx_word' id='word_1_321' title='bbox 562 2126 762 2159; x_wconf 84' lang='lat' dir='ltr'><strong>tempestatum</strong></span> <span class='ocrx_word' id='word_1_322' title='bbox 777 2124 1000 2159; x_wconf 87' lang='lat' dir='ltr'><strong>vicissitudines,</strong></span> <span class='ocrx_word' id='word_1_323' title='bbox 1010 2129 1080 2154; x_wconf 89' lang='lat' dir='ltr'><strong>tem-</strong></span> 
     </span>
    </p>
   </div>
   <div class='ocr_carea' id='block_1_48' title="bbox 287 2167 1079 2204">
    <p class='ocr_par' dir='ltr' id='par_1_48' title="bbox 287 2167 1079 2204">
     <span class='ocr_line' id='line_1_48' title="bbox 287 2167 1079 2204; baseline 0.009 -11"><span class='ocrx_word' id='word_1_324' title='bbox 287 2173 388 2201; x_wconf 89' lang='lat' dir='ltr'><strong>porum</strong></span> <span class='ocrx_word' id='word_1_325' title='bbox 421 2167 602 2200; x_wconf 82' lang='lat' dir='ltr'><strong>mutationes,</strong></span> <span class='ocrx_word' id='word_1_326' title='bbox 630 2170 831 2198; x_wconf 88' lang='lat' dir='ltr'><strong>conversiones</strong></span> <span class='ocrx_word' id='word_1_327' title='bbox 855 2178 1006 2204; x_wconf 86' lang='lat' dir='ltr'><strong>annorum,</strong></span> <span class='ocrx_word' id='word_1_328' title='bbox 1023 2171 1079 2200; x_wconf 88' lang='lat' dir='ltr'><strong>dici</strong></span> 
     </span>
    </p>
   </div>
   <div class='ocr_carea' id='block_1_49' title="bbox 1120 199 1921 236">
    <p class='ocr_par' dir='ltr' id='par_1_49' title="bbox 1120 199 1921 236">
     <span class='ocr_line' id='line_1_49' title="bbox 1120 199 1921 236; baseline -0.001 -9"><span class='ocrx_word' id='word_1_329' title='bbox 1120 199 1209 234; x_wconf 88' lang='grc' dir='ltr'>χήραν</span> <span class='ocrx_word' id='word_1_330' title='bbox 1224 199 1270 226; x_wconf 69' lang='grc' dir='ltr'>καὶ</span> <span class='ocrx_word' id='word_1_331' title='bbox 1284 199 1403 235; x_wconf 76' lang='grc' dir='ltr'>ὀρφανὸν</span> <span class='ocrx_word' id='word_1_332' title='bbox 1418 200 1576 236; x_wconf 77' lang='grc' dir='ltr'><strong>ἐλεήσωμεν</strong></span> <span class='ocrx_word' id='word_1_333' title='bbox 1586 208 1594 216; x_wconf 81' lang='grc'><em>’</em></span> <span class='ocrx_word' id='word_1_334' title='bbox 1609 199 1791 235; x_wconf 69' lang='grc' dir='ltr'>ἑκπριώμεθα</span> <span class='ocrx_word' id='word_1_335' title='bbox 1807 207 1921 226; x_wconf 80' lang='grc' dir='ltr'>κτεινο-</span> 
     </span>
    </p>
   </div>
   <div class='ocr_carea' id='block_1_50' title="bbox 1124 244 1921 282">
    <p class='ocr_par' dir='ltr' id='par_1_50' title="bbox 1124 244 1921 282">
     <span class='ocr_line' id='line_1_50' title="bbox 1124 244 1921 282; baseline 0.003 -11"><span class='ocrx_word' id='word_1_336' title='bbox 1124 244 1223 280; x_wconf 79' lang='grc' dir='ltr'><strong>μένους</strong></span> <span class='ocrx_word' id='word_1_337' title='bbox 1233 253 1240 261; x_wconf 85' lang='grc'>·</span> <span class='ocrx_word' id='word_1_338' title='bbox 1261 246 1298 281; x_wconf 83' lang='grc' dir='ltr'>μὴ</span> <span class='ocrx_word' id='word_1_339' title='bbox 1311 245 1471 282; x_wconf 76' lang='grc' dir='ltr'><strong>παρίδωμεν</strong></span> <span class='ocrx_word' id='word_1_340' title='bbox 1488 246 1534 273; x_wconf 77' lang='grc' dir='ltr'>τὸν</span> <span class='ocrx_word' id='word_1_341' title='bbox 1547 245 1676 282; x_wconf 86' lang='grc' dir='ltr'>δεόμενον</span> <span class='ocrx_word' id='word_1_342' title='bbox 1691 246 1770 281; x_wconf 82' lang='grc' dir='ltr'>ἡμῶν</span> <span class='ocrx_word' id='word_1_343' title='bbox 1781 254 1790 262; x_wconf 90' lang='grc'><strong>·</strong></span> <span class='ocrx_word' id='word_1_344' title='bbox 1808 245 1846 281; x_wconf 79' lang='grc' dir='ltr'>μὴ</span> <span class='ocrx_word' id='word_1_345' title='bbox 1863 255 1921 273; x_wconf 81' lang='grc' dir='ltr'>πα-</span> 
     </span>
    </p>
   </div>
   <div class='ocr_carea' id='block_1_51' title="bbox 1126 287 1920 326">
    <p class='ocr_par' dir='ltr' id='par_1_51' title="bbox 1126 287 1920 326">
     <span class='ocr_line' id='line_1_51' title="bbox 1126 287 1920 326; baseline 0.004 -12"><span class='ocrx_word' id='word_1_346' title='bbox 1126 287 1313 324; x_wconf 82' lang='grc' dir='ltr'>ραδράμωμεν</span> <span class='ocrx_word' id='word_1_347' title='bbox 1324 289 1370 316; x_wconf 80' lang='grc' dir='ltr'>τὸν</span> <span class='ocrx_word' id='word_1_348' title='bbox 1383 290 1544 325; x_wconf 75' lang='grc' dir='ltr'><strong>ἡλκωμένον</strong></span> <span class='ocrx_word' id='word_1_349' title='bbox 1553 298 1560 305; x_wconf 93' lang='grc'><strong>·</strong></span> <span class='ocrx_word' id='word_1_350' title='bbox 1579 290 1616 326; x_wconf 84' lang='grc' dir='ltr'>μὴ</span> <span class='ocrx_word' id='word_1_351' title='bbox 1628 291 1815 326; x_wconf 76' lang='grc' dir='ltr'>τρυφήσωμεν</span> <span class='ocrx_word' id='word_1_352' title='bbox 1826 291 1920 318; x_wconf 80' lang='grc' dir='ltr'>ἄλλων</span> 
     </span>
    </p>
   </div>
   <div class='ocr_carea' id='block_1_52' title="bbox 1123 333 1920 372">
    <p class='ocr_par' dir='ltr' id='par_1_52' title="bbox 1123 333 1920 372">
     <span class='ocr_line' id='line_1_52' title="bbox 1123 333 1920 372; baseline 0.005 -12"><span class='ocrx_word' id='word_1_353' title='bbox 1123 333 1371 362; x_wconf 78' lang='grc' dir='ltr'><strong>κακοπαθούντων·</strong></span> <span class='ocrx_word' id='word_1_354' title='bbox 1385 336 1423 371; x_wconf 79' lang='grc' dir='ltr'>μὴ</span> <span class='ocrx_word' id='word_1_355' title='bbox 1439 335 1630 371; x_wconf 79' lang='grc' dir='ltr'>βδελυεώμεθα</span> <span class='ocrx_word' id='word_1_356' title='bbox 1643 338 1691 364; x_wconf 77' lang='grc' dir='ltr'><strong>τδν</strong></span> <span class='ocrx_word' id='word_1_357' title='bbox 1703 337 1862 372; x_wconf 81' lang='grc' dir='ltr'>ὁμόδουλον·</span> <span class='ocrx_word' id='word_1_358' title='bbox 1877 337 1920 372; x_wconf 85' lang='grc' dir='ltr'>μὴ</span> 
     </span>
    </p>
   </div>
   <div class='ocr_carea' id='block_1_53' title="bbox 1124 377 1920 419">
    <p class='ocr_par' dir='ltr' id='par_1_53' title="bbox 1124 377 1920 419">
     <span class='ocr_line' id='line_1_53' title="bbox 1124 377 1920 419; baseline 0.004 -12"><span class='ocrx_word' id='word_1_359' title='bbox 1124 380 1197 414; x_wconf 81' lang='grc' dir='ltr'>φίλοι</span> <span class='ocrx_word' id='word_1_360' title='bbox 1212 381 1259 408; x_wconf 81' lang='grc' dir='ltr'>καὶ</span> <span class='ocrx_word' id='word_1_361' title='bbox 1276 377 1387 417; x_wconf 81' lang='grc' dir='ltr'>ἀδελφοὶ</span> <span class='ocrx_word' id='word_1_362' title='bbox 1401 382 1546 418; x_wconf 84' lang='grc' dir='ltr'>γενώμεθα</span> <span class='ocrx_word' id='word_1_363' title='bbox 1561 383 1613 418; x_wconf 85' lang='grc' dir='ltr'>τῆς</span> <span class='ocrx_word' id='word_1_364' title='bbox 1624 383 1672 410; x_wconf 84' lang='grc' dir='ltr'>τοῦ</span> <span class='ocrx_word' id='word_1_365' title='bbox 1689 383 1817 410; x_wconf 82' lang='grc' dir='ltr'><strong>πλουσίου</strong></span> <span class='ocrx_word' id='word_1_366' title='bbox 1836 383 1920 419; x_wconf 83' lang='grc' dir='ltr'>μερί-</span> 
     </span>
    </p>
   </div>
   <div class='ocr_carea' id='block_1_54' title="bbox 1123 426 1921 465">
    <p class='ocr_par' dir='ltr' id='par_1_54' title="bbox 1123 426 1921 465">
     <span class='ocr_line' id='line_1_54' title="bbox 1123 426 1921 465; baseline 0.004 -12"><span class='ocrx_word' id='word_1_367' title='bbox 1123 426 1178 459; x_wconf 80' lang='grc' dir='ltr'>δος,</span> <span class='ocrx_word' id='word_1_368' title='bbox 1196 427 1265 462; x_wconf 81' lang='grc' dir='ltr'>μηδὲ</span> <span class='ocrx_word' id='word_1_369' title='bbox 1276 427 1453 464; x_wconf 82' lang='grc' dir='ltr'>όδυνηθῶμεν</span> <span class='ocrx_word' id='word_1_370' title='bbox 1465 429 1494 456; x_wconf 76' lang='grc' dir='ltr'>ἐν</span> <span class='ocrx_word' id='word_1_371' title='bbox 1509 430 1542 465; x_wconf 82' lang='grc' dir='ltr'><strong>τῇ</strong></span> <span class='ocrx_word' id='word_1_372' title='bbox 1558 430 1655 465; x_wconf 70' lang='grc' dir='ltr'>φλογίθ</span> <span class='ocrx_word' id='word_1_373' title='bbox 1675 430 1744 465; x_wconf 73' lang='grc' dir='ltr'>μηδὲ</span> <span class='ocrx_word' id='word_1_374' title='bbox 1771 430 1810 465; x_wconf 84' lang='grc' dir='ltr'><strong>τῷ</strong></span> <span class='ocrx_word' id='word_1_375' title='bbox 1835 430 1921 465; x_wconf 83' lang='grc' dir='ltr'>χαρί-</span> 
     </span>
    </p>
   </div>
   <div class='ocr_carea' id='block_1_55' title="bbox 1125 472 1922 511">
    <p class='ocr_par' dir='ltr' id='par_1_55' title="bbox 1125 472 1922 511">
     <span class='ocr_line' id='line_1_55' title="bbox 1125 472 1922 511; baseline 0.005 -13"><span class='ocrx_word' id='word_1_376' title='bbox 1125 480 1211 507; x_wconf 86' lang='grc' dir='ltr'>σματι</span> <span class='ocrx_word' id='word_1_377' title='bbox 1226 472 1382 509; x_wconf 81' lang='grc' dir='ltr'><strong>διαστῶμεν</strong></span> <span class='ocrx_word' id='word_1_378' title='bbox 1409 474 1465 502; x_wconf 79' lang='grc' dir='ltr'>ἀπὸ</span> <span class='ocrx_word' id='word_1_379' title='bbox 1489 475 1545 502; x_wconf 85' lang='grc' dir='ltr'><strong>τῶν</strong></span> <span class='ocrx_word' id='word_1_380' title='bbox 1560 475 1660 502; x_wconf 83' lang='grc' dir='ltr'>ὁσίων·</span> <span class='ocrx_word' id='word_1_381' title='bbox 1683 475 1752 511; x_wconf 82' lang='grc' dir='ltr'>μηδὲ</span> <span class='ocrx_word' id='word_1_382' title='bbox 1775 475 1922 511; x_wconf 85' lang='grc' dir='ltr'>δεηθῶμεν</span> 
     </span>
    </p>
   </div>
   <div class='ocr_carea' id='block_1_56' title="bbox 1123 518 1923 557">
    <p class='ocr_par' dir='ltr' id='par_1_56' title="bbox 1123 518 1923 557">
     <span class='ocr_line' id='line_1_56' title="bbox 1123 518 1923 557; baseline 0.004 -12"><span class='ocrx_word' id='word_1_383' title='bbox 1123 518 1252 554; x_wconf 75' lang='grc' dir='ltr'>Λαζάρου</span> <span class='ocrx_word' id='word_1_384' title='bbox 1266 519 1314 546; x_wconf 81' lang='grc' dir='ltr'><strong>τοῦ</strong></span> <span class='ocrx_word' id='word_1_385' title='bbox 1330 519 1447 555; x_wconf 82' lang='grc' dir='ltr'><strong>πένητος</strong></span> <span class='ocrx_word' id='word_1_386' title='bbox 1457 519 1536 557; x_wconf 76' lang='grc' dir='ltr'>ἄκρῳ</span> <span class='ocrx_word' id='word_1_387' title='bbox 1551 521 1678 556; x_wconf 79' lang='grc' dir='ltr'><strong>δακτύλῳ</strong></span> <span class='ocrx_word' id='word_1_388' title='bbox 1694 520 1850 556; x_wconf 80' lang='grc' dir='ltr'>καταψύξαι</span> <span class='ocrx_word' id='word_1_389' title='bbox 1867 522 1923 556; x_wconf 81' lang='grc' dir='ltr'>τὴν</span> 
     </span>
    </p>
   </div>
   <div class='ocr_carea' id='block_1_57' title="bbox 1124 565 1921 603">
    <p class='ocr_par' dir='ltr' id='par_1_57' title="bbox 1124 565 1921 603">
     <span class='ocr_line' id='line_1_57' title="bbox 1124 565 1921 603; baseline 0.004 -12"><span class='ocrx_word' id='word_1_390' title='bbox 1124 565 1251 600; x_wconf 81' lang='grc' dir='ltr'>γλῶσσαν</span> <span class='ocrx_word' id='word_1_391' title='bbox 1265 565 1346 601; x_wconf 81' lang='grc' dir='ltr'>ἡμῶν</span> <span class='ocrx_word' id='word_1_392' title='bbox 1361 566 1544 602; x_wconf 81' lang='grc' dir='ltr'>φλεγομένην.</span> <span class='ocrx_word' id='word_1_393' title='bbox 1561 567 1709 603; x_wconf 83' lang='grc' dir='ltr'>Γενὼμεθα</span> <span class='ocrx_word' id='word_1_394' title='bbox 1724 568 1849 603; x_wconf 84' lang='grc' dir='ltr'>χρηστοὶ,</span> <span class='ocrx_word' id='word_1_395' title='bbox 1870 567 1921 594; x_wconf 74' lang='grc' dir='ltr'>εὕε-</span> 
     </span>
    </p>
   </div>
   <div class='ocr_carea' id='block_1_58' title="bbox 1125 611 1920 650">
    <p class='ocr_par' dir='ltr' id='par_1_58' title="bbox 1125 611 1920 650">
     <span class='ocr_line' id='line_1_58' title="bbox 1125 611 1920 650; baseline 0.005 -13"><span class='ocrx_word' id='word_1_396' title='bbox 1125 611 1287 647; x_wconf 90' lang='grc' dir='ltr'>σπλαγχνοι,</span> <span class='ocrx_word' id='word_1_397' title='bbox 1304 612 1471 648; x_wconf 85' lang='grc' dir='ltr'>συμπαθεῖς.</span> <span class='ocrx_word' id='word_1_398' title='bbox 1491 614 1688 650; x_wconf 75' lang='grc' dir='ltr'>Μιμησώμεθα</span> <span class='ocrx_word' id='word_1_399' title='bbox 1709 614 1757 641; x_wconf 86' lang='grc' dir='ltr'>τοῦ</span> <span class='ocrx_word' id='word_1_400' title='bbox 1777 614 1920 641; x_wconf 86' lang='grc' dir='ltr'>Δεσπότου</span> 
     </span>
    </p>
   </div>
   <div class='ocr_carea' id='block_1_59' title="bbox 1125 657 1921 696">
    <p class='ocr_par' dir='ltr' id='par_1_59' title="bbox 1125 657 1921 696">
     <span class='ocr_line' id='line_1_59' title="bbox 1125 657 1921 696; baseline 0.004 -12"><span class='ocrx_word' id='word_1_401' title='bbox 1125 657 1174 693; x_wconf 85' lang='grc' dir='ltr'>τὴν</span> <span class='ocrx_word' id='word_1_402' title='bbox 1188 658 1356 694; x_wconf 79' lang='grc' dir='ltr'>ἀγαθότητα,</span> <span class='ocrx_word' id='word_1_403' title='bbox 1375 658 1406 691; x_wconf 76' lang='grc' dir='ltr'>ὃς</span> <span class='ocrx_word' id='word_1_404' title='bbox 1422 659 1563 687; x_wconf 75' lang='grc' dir='ltr'><strong>ἀνατέλλει</strong></span> <span class='ocrx_word' id='word_1_405' title='bbox 1579 660 1626 687; x_wconf 74' lang='grc' dir='ltr'>τὸν</span> <span class='ocrx_word' id='word_1_406' title='bbox 1641 660 1718 696; x_wconf 79' lang='grc' dir='ltr'>ἥλιον</span> <span class='ocrx_word' id='word_1_407' title='bbox 1733 661 1847 695; x_wconf 83' lang='grc' dir='ltr'>ἀγαθοῖς</span> <span class='ocrx_word' id='word_1_408' title='bbox 1868 661 1921 688; x_wconf 71' lang='grc' dir='ltr'>καὶ</span> 
     </span>
    </p>
   </div>
   <div class='ocr_carea' id='block_1_60' title="bbox 1123 705 1838 743">
    <p class='ocr_par' dir='ltr' id='par_1_60' title="bbox 1123 705 1838 743">
     <span class='ocr_line' id='line_1_60' title="bbox 1123 705 1838 743; baseline 0.006 -12"><span class='ocrx_word' id='word_1_409' title='bbox 1123 705 1264 740; x_wconf 81' lang='grc' dir='ltr'>πονηροῖς,</span> <span class='ocrx_word' id='word_1_410' title='bbox 1283 705 1330 732; x_wconf 70' lang='grc' dir='ltr'>καὶ</span> <span class='ocrx_word' id='word_1_411' title='bbox 1345 706 1442 741; x_wconf 78' lang='grc' dir='ltr'><strong>τρέφει</strong></span> <span class='ocrx_word' id='word_1_412' title='bbox 1455 707 1491 742; x_wconf 81' lang='grc' dir='ltr'>τῇ</span> <span class='ocrx_word' id='word_1_413' title='bbox 1506 706 1591 743; x_wconf 80' lang='grc' dir='ltr'>βροχῇ</span> <span class='ocrx_word' id='word_1_414' title='bbox 1607 707 1712 739; x_wconf 80' lang='grc' dir='ltr'>πάντας</span> <span class='ocrx_word' id='word_1_415' title='bbox 1726 707 1838 743; x_wconf 84' lang='grc' dir='ltr'>ὁμοίως.</span> 
     </span>
    </p>
   </div>
   <div class='ocr_carea' id='block_1_61' title="bbox 1091 842 1925 918">
    <p class='ocr_par' dir='ltr' id='par_1_61' title="bbox 1091 842 1925 918">
     <span class='ocr_line' id='line_1_61' title="bbox 1091 842 1925 918; baseline -0.002 -8"><span class='ocrx_word' id='word_1_416' title='bbox 1091 842 1114 873; x_wconf 76' lang='grc' dir='ltr'><strong><em>Β</em></strong></span> <span class='ocrx_word' id='word_1_417' title='bbox 1163 883 1334 918; x_wconf 85' lang='grc' dir='ltr'>Ζητήσωμεν</span> <span class='ocrx_word' id='word_1_418' title='bbox 1347 881 1397 917; x_wconf 86' lang='grc' dir='ltr'>τὴν</span> <span class='ocrx_word' id='word_1_419' title='bbox 1412 881 1518 908; x_wconf 77' lang='grc' dir='ltr'>ἐκεῖθεν</span> <span class='ocrx_word' id='word_1_420' title='bbox 1537 881 1692 909; x_wconf 82' lang='grc' dir='ltr'>ἀνάπαυσιν</span> <span class='ocrx_word' id='word_1_421' title='bbox 1703 889 1711 897; x_wconf 88' lang='grc'><strong>·</strong></span> <span class='ocrx_word' id='word_1_422' title='bbox 1729 881 1854 917; x_wconf 81' lang='grc' dir='ltr'><strong>ῥίψωμεν</strong></span> <span class='ocrx_word' id='word_1_423' title='bbox 1872 882 1925 918; x_wconf 74' lang='grc' dir='ltr'>τὴν</span> 
     </span>
    </p>
   </div>
   <div class='ocr_carea' id='block_1_62' title="bbox 1128 927 1927 964">
    <p class='ocr_par' dir='ltr' id='par_1_62' title="bbox 1128 927 1927 964">
     <span class='ocr_line' id='line_1_62' title="bbox 1128 927 1927 964; baseline -0.004 -8"><span class='ocrx_word' id='word_1_424' title='bbox 1128 928 1253 956; x_wconf 74' lang='grc' dir='ltr'>ἐντεῦθεν</span> <span class='ocrx_word' id='word_1_425' title='bbox 1276 927 1457 964; x_wconf 83' lang='grc' dir='ltr'>περιουσίαν·</span> <span class='ocrx_word' id='word_1_426' title='bbox 1477 927 1493 954; x_wconf 86' lang='grc' dir='ltr'><strong>ὃ</strong></span> <span class='ocrx_word' id='word_1_427' title='bbox 1517 927 1600 955; x_wconf 88' lang='grc' dir='ltr'>καλόν</span> <span class='ocrx_word' id='word_1_428' title='bbox 1624 928 1683 953; x_wconf 76' lang='grc' dir='ltr'>ἐστι</span> <span class='ocrx_word' id='word_1_429' title='bbox 1706 928 1818 962; x_wconf 79' lang='grc' dir='ltr'><strong>ταύτης,</strong></span> <span class='ocrx_word' id='word_1_430' title='bbox 1842 927 1927 954; x_wconf 83' lang='grc' dir='ltr'>τοῦτο</span> 
     </span>
    </p>
   </div>
   <div class='ocr_carea' id='block_1_63' title="bbox 1131 973 1927 1011">
    <p class='ocr_par' dir='ltr' id='par_1_63' title="bbox 1131 973 1927 1011">
     <span class='ocr_line' id='line_1_63' title="bbox 1131 973 1927 1011; baseline -0.004 -8"><span class='ocrx_word' id='word_1_431' title='bbox 1131 976 1211 1011; x_wconf 85' lang='grc' dir='ltr'>μόνον</span> <span class='ocrx_word' id='word_1_432' title='bbox 1228 974 1422 1010; x_wconf 84' lang='grc' dir='ltr'>κερδάνωμεν’</span> <span class='ocrx_word' id='word_1_433' title='bbox 1443 973 1610 1009; x_wconf 83' lang='grc' dir='ltr'><strong>κτησώμεθα</strong></span> <span class='ocrx_word' id='word_1_434' title='bbox 1629 973 1679 1005; x_wconf 77' lang='grc' dir='ltr'><strong>τὰς</strong></span> <span class='ocrx_word' id='word_1_435' title='bbox 1701 973 1808 1001; x_wconf 79' lang='grc' dir='ltr'>ἑαυτῶν</span> <span class='ocrx_word' id='word_1_436' title='bbox 1832 973 1927 1008; x_wconf 79' lang='grc' dir='ltr'>ψυχὰς</span> 
     </span>
    </p>
   </div>
   <div class='ocr_carea' id='block_1_64' title="bbox 1129 1018 1927 1057">
    <p class='ocr_par' dir='ltr' id='par_1_64' title="bbox 1129 1018 1927 1057">
     <span class='ocr_line' id='line_1_64' title="bbox 1129 1018 1927 1057; baseline -0.004 -9"><span class='ocrx_word' id='word_1_437' title='bbox 1129 1023 1158 1048; x_wconf 81' lang='grc' dir='ltr'>ὲν</span> <span class='ocrx_word' id='word_1_438' title='bbox 1173 1020 1372 1057; x_wconf 73' lang='grc' dir='ltr'>ἐλεημοσύναις</span> <span class='ocrx_word' id='word_1_439' title='bbox 1383 1029 1390 1036; x_wconf 89' lang='grc'><strong>·</strong></span> <span class='ocrx_word' id='word_1_440' title='bbox 1411 1019 1572 1055; x_wconf 85' lang='grc' dir='ltr'>μεταδῶμεν</span> <span class='ocrx_word' id='word_1_441' title='bbox 1588 1018 1645 1053; x_wconf 67' lang='grc' dir='ltr'>ζτῶν</span> <span class='ocrx_word' id='word_1_442' title='bbox 1660 1019 1747 1046; x_wconf 76' lang='grc' dir='ltr'>ὄντων</span> <span class='ocrx_word' id='word_1_443' title='bbox 1764 1020 1820 1051; x_wconf 79' lang='grc' dir='ltr'>τοῖς</span> <span class='ocrx_word' id='word_1_444' title='bbox 1839 1019 1927 1055; x_wconf 86' lang='grc' dir='ltr'>πένη-</span> 
     </span>
    </p>
   </div>
   <div class='ocr_carea' id='block_1_65' title="bbox 1130 1064 1927 1102">
    <p class='ocr_par' dir='ltr' id='par_1_65' title="bbox 1130 1064 1927 1102">
     <span class='ocr_line' id='line_1_65' title="bbox 1130 1064 1927 1102; baseline -0.005 -7"><span class='ocrx_word' id='word_1_445' title='bbox 1130 1077 1183 1102; x_wconf 87' lang='grc' dir='ltr'>σιν,</span> <span class='ocrx_word' id='word_1_446' title='bbox 1205 1068 1248 1094; x_wconf 74' lang='grc' dir='ltr'><strong>ἵνα</strong></span> <span class='ocrx_word' id='word_1_447' title='bbox 1263 1067 1297 1094; x_wconf 86' lang='grc' dir='ltr'><strong>τά</strong></span> <span class='ocrx_word' id='word_1_448' title='bbox 1327 1065 1434 1093; x_wconf 67' lang='grc' dir='ltr'>ἐκεῖθεν</span> <span class='ocrx_word' id='word_1_449' title='bbox 1459 1065 1677 1100; x_wconf 68' lang='grc' dir='ltr'>πλουτήσωμεψ</span> <span class='ocrx_word' id='word_1_450' title='bbox 1694 1064 1739 1096; x_wconf 80' lang='grc' dir='ltr'>δὸς</span> <span class='ocrx_word' id='word_1_451' title='bbox 1761 1065 1858 1100; x_wconf 84' lang='grc' dir='ltr'>μερίδα</span> <span class='ocrx_word' id='word_1_452' title='bbox 1874 1066 1927 1092; x_wconf 84' lang='grc' dir='ltr'>καὶ</span> 
     </span>
    </p>
   </div>
   <div class='ocr_carea' id='block_1_66' title="bbox 1129 1110 1926 1150">
    <p class='ocr_par' dir='ltr' id='par_1_66' title="bbox 1129 1110 1926 1150">
     <span class='ocr_line' id='line_1_66' title="bbox 1129 1110 1926 1150; baseline -0.005 -9"><span class='ocrx_word' id='word_1_453' title='bbox 1129 1115 1162 1150; x_wconf 80' lang='grc' dir='ltr'><strong>τῇ</strong></span> <span class='ocrx_word' id='word_1_454' title='bbox 1177 1114 1262 1149; x_wconf 80' lang='grc' dir='ltr'>ψυχῇ,</span> <span class='ocrx_word' id='word_1_455' title='bbox 1285 1113 1324 1148; x_wconf 84' lang='grc' dir='ltr'>μὴ</span> <span class='ocrx_word' id='word_1_456' title='bbox 1344 1114 1378 1149; x_wconf 82' lang='grc' dir='ltr'><strong>τῇ</strong></span> <span class='ocrx_word' id='word_1_457' title='bbox 1405 1112 1490 1147; x_wconf 79' lang='grc' dir='ltr'>σαρκὶ</span> <span class='ocrx_word' id='word_1_458' title='bbox 1513 1110 1611 1146; x_wconf 88' lang='grc' dir='ltr'>μόνον·</span> <span class='ocrx_word' id='word_1_459' title='bbox 1626 1111 1671 1143; x_wconf 76' lang='grc' dir='ltr'>δὸς</span> <span class='ocrx_word' id='word_1_460' title='bbox 1700 1111 1799 1146; x_wconf 80' lang='grc' dir='ltr'>μερίδα</span> <span class='ocrx_word' id='word_1_461' title='bbox 1819 1111 1869 1137; x_wconf 80' lang='grc' dir='ltr'>καὶ</span> <span class='ocrx_word' id='word_1_462' title='bbox 1883 1111 1926 1146; x_wconf 81' lang='grc' dir='ltr'><strong>τῷ</strong></span> 
     </span>
    </p>
   </div>
   <div class='ocr_carea' id='block_1_67' title="bbox 1129 1157 1924 1196">
    <p class='ocr_par' dir='ltr' id='par_1_67' title="bbox 1129 1157 1924 1196">
     <span class='ocr_line' id='line_1_67' title="bbox 1129 1157 1924 1196; baseline -0.006 -8"><span class='ocrx_word' id='word_1_463' title='bbox 1129 1160 1201 1196; x_wconf 85' lang='grc' dir='ltr'><strong>Θεῷ,</strong></span> <span class='ocrx_word' id='word_1_464' title='bbox 1216 1161 1254 1196; x_wconf 79' lang='grc' dir='ltr'>μὴ</span> <span class='ocrx_word' id='word_1_465' title='bbox 1276 1159 1316 1195; x_wconf 86' lang='grc' dir='ltr'>τῷ</span> <span class='ocrx_word' id='word_1_466' title='bbox 1337 1159 1434 1195; x_wconf 81' lang='grc' dir='ltr'>κόσμῳ</span> <span class='ocrx_word' id='word_1_467' title='bbox 1459 1159 1540 1194; x_wconf 82' lang='grc' dir='ltr'>μόνον</span> <span class='ocrx_word' id='word_1_468' title='bbox 1551 1166 1558 1174; x_wconf 87' lang='grc'><strong>·</strong></span> <span class='ocrx_word' id='word_1_469' title='bbox 1575 1157 1659 1192; x_wconf 83' lang='grc' dir='ltr'>ὖφελέ</span> <span class='ocrx_word' id='word_1_470' title='bbox 1675 1166 1702 1184; x_wconf 93' lang='grc' dir='ltr'><strong>τι</strong></span> <span class='ocrx_word' id='word_1_471' title='bbox 1726 1157 1776 1193; x_wconf 78' lang='grc' dir='ltr'>τῆς</span> <span class='ocrx_word' id='word_1_472' title='bbox 1790 1157 1924 1192; x_wconf 80' lang='grc' dir='ltr'>γαστρὸς,</span> 
     </span>
    </p>
   </div>
   <div class='ocr_carea' id='block_1_68' title="bbox 1129 1203 1923 1242">
    <p class='ocr_par' dir='ltr' id='par_1_68' title="bbox 1129 1203 1923 1242">
     <span class='ocr_line' id='line_1_68' title="bbox 1129 1203 1923 1242; baseline -0.005 -8"><span class='ocrx_word' id='word_1_473' title='bbox 1129 1206 1168 1242; x_wconf 86' lang='grc' dir='ltr'>τῷ</span> <span class='ocrx_word' id='word_1_474' title='bbox 1183 1205 1321 1241; x_wconf 86' lang='grc' dir='ltr'>πνεύματι</span> <span class='ocrx_word' id='word_1_475' title='bbox 1344 1204 1514 1241; x_wconf 73' lang='grc' dir='ltr'><strong>καθιέρωσαν</strong></span> <span class='ocrx_word' id='word_1_476' title='bbox 1525 1213 1532 1220; x_wconf 95' lang='grc'><strong>·</strong></span> <span class='ocrx_word' id='word_1_477' title='bbox 1558 1203 1682 1239; x_wconf 79' lang='grc' dir='ltr'>ἆρπασόν</span> <span class='ocrx_word' id='word_1_478' title='bbox 1705 1212 1732 1231; x_wconf 87' lang='grc' dir='ltr'><strong>τι</strong></span> <span class='ocrx_word' id='word_1_479' title='bbox 1746 1203 1792 1231; x_wconf 87' lang='grc' dir='ltr'>τοῦ</span> <span class='ocrx_word' id='word_1_480' title='bbox 1813 1203 1923 1239; x_wconf 82' lang='grc' dir='ltr'>πυρός·</span> 
     </span>
    </p>
   </div>
   <div class='ocr_carea' id='block_1_69' title="bbox 1129 1249 1927 1287">
    <p class='ocr_par' dir='ltr' id='par_1_69' title="bbox 1129 1249 1927 1287">
     <span class='ocr_line' id='line_1_69' title="bbox 1129 1249 1927 1287; baseline -0.005 -7"><span class='ocrx_word' id='word_1_481' title='bbox 1129 1252 1232 1280; x_wconf 81' lang='grc' dir='ltr'>ἀπόθου</span> <span class='ocrx_word' id='word_1_482' title='bbox 1252 1251 1351 1287; x_wconf 77' lang='grc' dir='ltr'>μικρὸν</span> <span class='ocrx_word' id='word_1_483' title='bbox 1371 1251 1426 1278; x_wconf 82' lang='grc' dir='ltr'><strong>ἀπὺ</strong></span> <span class='ocrx_word' id='word_1_484' title='bbox 1436 1251 1487 1286; x_wconf 85' lang='grc' dir='ltr'>τῆς</span> <span class='ocrx_word' id='word_1_485' title='bbox 1498 1249 1654 1286; x_wconf 80' lang='grc' dir='ltr'>νεμομένης</span> <span class='ocrx_word' id='word_1_486' title='bbox 1669 1249 1784 1284; x_wconf 86' lang='grc' dir='ltr'>φλογός·</span> <span class='ocrx_word' id='word_1_487' title='bbox 1796 1249 1927 1286; x_wconf 77' lang='grc' dir='ltr'>ἅρπασον</span> 
     </span>
    </p>
   </div>
   <div class='ocr_carea' id='block_1_70' title="bbox 1129 1292 1927 1332">
    <p class='ocr_par' dir='ltr' id='par_1_70' title="bbox 1129 1292 1927 1332">
     <span class='ocr_line' id='line_1_70' title="bbox 1129 1292 1927 1332; baseline -0.005 -8"><span class='ocrx_word' id='word_1_488' title='bbox 1129 1296 1176 1324; x_wconf 86' lang='grc' dir='ltr'>τοῦ</span> <span class='ocrx_word' id='word_1_489' title='bbox 1188 1296 1338 1332; x_wconf 77' lang='grc' dir='ltr'>τυράννου,</span> <span class='ocrx_word' id='word_1_490' title='bbox 1350 1295 1398 1323; x_wconf 76' lang='grc' dir='ltr'>καὶ</span> <span class='ocrx_word' id='word_1_491' title='bbox 1411 1295 1559 1321; x_wconf 81' lang='grc' dir='ltr'>πίστευσον</span> <span class='ocrx_word' id='word_1_492' title='bbox 1570 1294 1610 1329; x_wconf 85' lang='grc' dir='ltr'>τῷ</span> <span class='ocrx_word' id='word_1_493' title='bbox 1623 1293 1757 1329; x_wconf 85' lang='grc' dir='ltr'>Δεσπότῃ.</span> <span class='ocrx_word' id='word_1_494' title='bbox 1772 1293 1821 1324; x_wconf 81' lang='grc' dir='ltr'><strong>Δὸς</strong></span> <span class='ocrx_word' id='word_1_495' title='bbox 1831 1292 1927 1325; x_wconf 80' lang='grc' dir='ltr'>ὀλίγον</span> 
     </span>
    </p>
   </div>
   <div class='ocr_carea' id='block_1_71' title="bbox 1131 1338 1927 1379">
    <p class='ocr_par' dir='ltr' id='par_1_71' title="bbox 1131 1338 1927 1379">
     <span class='ocr_line' id='line_1_71' title="bbox 1131 1338 1927 1379; baseline -0.008 -9"><span class='ocrx_word' id='word_1_496' title='bbox 1131 1343 1198 1379; x_wconf 80' lang='grc' dir='ltr'>παρ’</span> <span class='ocrx_word' id='word_1_497' title='bbox 1211 1339 1241 1370; x_wconf 73' lang='grc' dir='ltr'><strong>ού</strong></span> <span class='ocrx_word' id='word_1_498' title='bbox 1253 1341 1285 1369; x_wconf 84' lang='grc' dir='ltr'><strong>τδ</strong></span> <span class='ocrx_word' id='word_1_499' title='bbox 1311 1341 1393 1368; x_wconf 87' lang='grc' dir='ltr'>πλέον</span> <span class='ocrx_word' id='word_1_500' title='bbox 1419 1340 1492 1376; x_wconf 71' lang='grc' dir='ltr'>ἔχεις</span> <span class='ocrx_word' id='word_1_501' title='bbox 1502 1348 1510 1357; x_wconf 71' lang='grc' dir='ltr'><strong>ν</strong></span> <span class='ocrx_word' id='word_1_502' title='bbox 1526 1339 1570 1372; x_wconf 82' lang='grc' dir='ltr'>δὸς</span> <span class='ocrx_word' id='word_1_503' title='bbox 1593 1339 1640 1366; x_wconf 81' lang='grc' dir='ltr'>καὶ</span> <span class='ocrx_word' id='word_1_504' title='bbox 1658 1339 1690 1366; x_wconf 75' lang='grc' dir='ltr'>τὸ</span> <span class='ocrx_word' id='word_1_505' title='bbox 1706 1339 1763 1365; x_wconf 82' lang='grc' dir='ltr'>πᾶν</span> <span class='ocrx_word' id='word_1_506' title='bbox 1776 1338 1815 1374; x_wconf 82' lang='grc' dir='ltr'>τῷ</span> <span class='ocrx_word' id='word_1_507' title='bbox 1832 1338 1927 1365; x_wconf 55' lang='lat' dir='ltr'><strong>adv-ra</strong></span> 
     </span>
    </p>
   </div>
   <div class='ocr_carea' id='block_1_72' title="bbox 1130 1383 1926 1425">
    <p class='ocr_par' dir='ltr' id='par_1_72' title="bbox 1130 1383 1926 1425">
     <span class='ocr_line' id='line_1_72' title="bbox 1130 1383 1926 1425; baseline -0.006 -9"><span class='ocrx_word' id='word_1_508' title='bbox 1130 1387 1324 1425; x_wconf 83' lang='grc' dir='ltr'>χαρισαμένῳ.</span> <span class='ocrx_word' id='word_1_509' title='bbox 1334 1387 1473 1414; x_wconf 81' lang='grc' dir='ltr'>Οὐδέποτε</span> <span class='ocrx_word' id='word_1_510' title='bbox 1488 1386 1613 1422; x_wconf 88' lang='grc' dir='ltr'>νικήσεις</span> <span class='ocrx_word' id='word_1_511' title='bbox 1624 1385 1833 1421; x_wconf 87' lang='grc' dir='ltr'>μεγαλοδωρεάν</span> <span class='ocrx_word' id='word_1_512' title='bbox 1841 1383 1926 1417; x_wconf 77' lang='grc' dir='ltr'>Θεοῦ,</span> 
     </span>
    </p>
   </div>
   <div class='ocr_carea' id='block_1_73' title="bbox 1129 1428 1928 1468">
    <p class='ocr_par' dir='ltr' id='par_1_73' title="bbox 1129 1428 1928 1468">
     <span class='ocr_line' id='line_1_73' title="bbox 1129 1428 1928 1468; baseline -0.005 -7"><span class='ocrx_word' id='word_1_513' title='bbox 1129 1434 1193 1461; x_wconf 74' lang='grc' dir='ltr'>ὅσον</span> <span class='ocrx_word' id='word_1_514' title='bbox 1210 1433 1259 1460; x_wconf 78' lang='grc' dir='ltr'><strong>έάν</strong></span> <span class='ocrx_word' id='word_1_515' title='bbox 1274 1432 1444 1468; x_wconf 81' lang='grc' dir='ltr'>εἰσενέγκῃς,</span> <span class='ocrx_word' id='word_1_516' title='bbox 1464 1431 1557 1459; x_wconf 81' lang='grc' dir='ltr'>πλεῖον</span> <span class='ocrx_word' id='word_1_517' title='bbox 1572 1431 1616 1458; x_wconf 80' lang='grc' dir='ltr'>ἀεὶ</span> <span class='ocrx_word' id='word_1_518' title='bbox 1636 1430 1667 1457; x_wconf 81' lang='grc' dir='ltr'>τὸ</span> <span class='ocrx_word' id='word_1_519' title='bbox 1683 1428 1842 1465; x_wconf 72' lang='grc' dir='ltr'>λειπόμενον</span> <span class='ocrx_word' id='word_1_520' title='bbox 1852 1438 1860 1445; x_wconf 89' lang='grc'>·</span> <span class='ocrx_word' id='word_1_521' title='bbox 1877 1430 1928 1457; x_wconf 79' lang='grc' dir='ltr'><strong>καὶ</strong></span> 
     </span>
    </p>
   </div>
   <div class='ocr_carea' id='block_1_74' title="bbox 1131 1477 1928 1513">
    <p class='ocr_par' dir='ltr' id='par_1_74' title="bbox 1131 1477 1928 1513">
     <span class='ocr_line' id='line_1_74' title="bbox 1131 1477 1928 1513; baseline -0.005 -5"><span class='ocrx_word' id='word_1_522' title='bbox 1131 1481 1210 1508; x_wconf 79' lang='grc' dir='ltr'>οὐδὲν</span> <span class='ocrx_word' id='word_1_523' title='bbox 1233 1480 1331 1512; x_wconf 80' lang='grc' dir='ltr'>δώσεις</span> <span class='ocrx_word' id='word_1_524' title='bbox 1356 1479 1433 1512; x_wconf 81' lang='grc' dir='ltr'>ίδιον,</span> <span class='ocrx_word' id='word_1_525' title='bbox 1457 1479 1499 1506; x_wconf 81' lang='grc' dir='ltr'>ὅτι</span> <span class='ocrx_word' id='word_1_526' title='bbox 1515 1479 1551 1506; x_wconf 83' lang='grc' dir='ltr'>τὰ</span> <span class='ocrx_word' id='word_1_527' title='bbox 1571 1479 1662 1506; x_wconf 87' lang='grc' dir='ltr'>πάντα</span> <span class='ocrx_word' id='word_1_528' title='bbox 1676 1478 1752 1513; x_wconf 85' lang='grc' dir='ltr'>παρὰ</span> <span class='ocrx_word' id='word_1_529' title='bbox 1768 1477 1848 1505; x_wconf 83' lang='grc' dir='ltr'>Θεοῦ.</span> <span class='ocrx_word' id='word_1_530' title='bbox 1868 1478 1928 1504; x_wconf 70' lang='grc' dir='ltr'><strong>Καὶ</strong></span> 
     </span>
    </p>
   </div>
   <div class='ocr_carea' id='block_1_75' title="bbox 1093 1523 1926 1562">
    <p class='ocr_par' dir='ltr' id='par_1_75' title="bbox 1093 1523 1926 1562">
     <span class='ocr_line' id='line_1_75' title="bbox 1093 1523 1926 1562; baseline -0.005 -8"><span class='ocrx_word' id='word_1_531' title='bbox 1093 1526 1114 1556; x_wconf 90' lang='lat' dir='ltr'><strong>C</strong></span> <span class='ocrx_word' id='word_1_532' title='bbox 1131 1527 1228 1562; x_wconf 80' lang='grc' dir='ltr'>ὥσπερ</span> <span class='ocrx_word' id='word_1_533' title='bbox 1243 1526 1294 1553; x_wconf 82' lang='grc' dir='ltr'>οὐκ</span> <span class='ocrx_word' id='word_1_534' title='bbox 1310 1525 1386 1553; x_wconf 80' lang='grc' dir='ltr'>ἐστιν</span> <span class='ocrx_word' id='word_1_535' title='bbox 1406 1524 1560 1560; x_wconf 83' lang='grc' dir='ltr'>ὑπερϐῆναι</span> <span class='ocrx_word' id='word_1_536' title='bbox 1574 1524 1624 1560; x_wconf 82' lang='grc' dir='ltr'>τὴν</span> <span class='ocrx_word' id='word_1_537' title='bbox 1640 1523 1740 1551; x_wconf 76' lang='grc' dir='ltr'>ἑαυτοῦ</span> <span class='ocrx_word' id='word_1_538' title='bbox 1760 1523 1850 1556; x_wconf 73' lang='grc' dir='ltr'>σκιὰν,</span> <span class='ocrx_word' id='word_1_539' title='bbox 1862 1523 1926 1551; x_wconf 73' lang='grc' dir='ltr'>οὐδὲ</span> 
     </span>
    </p>
   </div>
   <div class='ocr_carea' id='block_1_76' title="bbox 1132 1568 1928 1608">
    <p class='ocr_par' dir='ltr' id='par_1_76' title="bbox 1132 1568 1928 1608">
     <span class='ocr_line' id='line_1_76' title="bbox 1132 1568 1928 1608; baseline -0.006 -8"><span class='ocrx_word' id='word_1_540' title='bbox 1132 1572 1204 1608; x_wconf 80' lang='grc' dir='ltr'>ὑπὲρ</span> <span class='ocrx_word' id='word_1_541' title='bbox 1218 1572 1268 1608; x_wconf 82' lang='grc' dir='ltr'>τὴν</span> <span class='ocrx_word' id='word_1_542' title='bbox 1281 1571 1404 1608; x_wconf 86' lang='grc' dir='ltr'>κεφαλὴν</span> <span class='ocrx_word' id='word_1_543' title='bbox 1415 1571 1546 1606; x_wconf 84' lang='grc' dir='ltr'>γενέσθαι</span> <span class='ocrx_word' id='word_1_544' title='bbox 1557 1570 1684 1606; x_wconf 84' lang='grc' dir='ltr'>σώματος</span> <span class='ocrx_word' id='word_1_545' title='bbox 1699 1569 1826 1606; x_wconf 85' lang='grc' dir='ltr'>μέγεθος,</span> <span class='ocrx_word' id='word_1_546' title='bbox 1836 1568 1928 1601; x_wconf 80' lang='grc' dir='ltr'>οὕτως</span> 
     </span>
    </p>
   </div>
   <div class='ocr_carea' id='block_1_77' title="bbox 1131 1615 1928 1654">
    <p class='ocr_par' dir='ltr' id='par_1_77' title="bbox 1131 1615 1928 1654">
     <span class='ocr_line' id='line_1_77' title="bbox 1131 1615 1928 1654; baseline -0.005 -8"><span class='ocrx_word' id='word_1_547' title='bbox 1131 1619 1193 1646; x_wconf 75' lang='grc' dir='ltr'>οὐδὲ</span> <span class='ocrx_word' id='word_1_548' title='bbox 1218 1616 1259 1651; x_wconf 75' lang='grc' dir='ltr'><strong>οἷς</strong></span> <span class='ocrx_word' id='word_1_549' title='bbox 1273 1619 1381 1654; x_wconf 86' lang='grc' dir='ltr'>δίδομεν</span> <span class='ocrx_word' id='word_1_550' title='bbox 1398 1617 1510 1653; x_wconf 84' lang='grc' dir='ltr'>νικῆσαι</span> <span class='ocrx_word' id='word_1_551' title='bbox 1524 1616 1602 1644; x_wconf 85' lang='grc' dir='ltr'>Θεόν.</span> <span class='ocrx_word' id='word_1_552' title='bbox 1619 1617 1657 1644; x_wconf 80' lang='grc' dir='ltr'><strong>Οὐ</strong></span> <span class='ocrx_word' id='word_1_553' title='bbox 1685 1617 1739 1652; x_wconf 82' lang='grc' dir='ltr'><strong>γὰρ</strong></span> <span class='ocrx_word' id='word_1_554' title='bbox 1753 1616 1806 1648; x_wconf 76' lang='grc' dir='ltr'><strong>ἔξω</strong></span> <span class='ocrx_word' id='word_1_555' title='bbox 1826 1624 1854 1642; x_wconf 90' lang='grc' dir='ltr'><strong>τι</strong></span> <span class='ocrx_word' id='word_1_556' title='bbox 1868 1615 1928 1642; x_wconf 86' lang='grc' dir='ltr'><strong>τῶν</strong></span> 
     </span>
    </p>
   </div>
   <div class='ocr_carea' id='block_1_78' title="bbox 1132 1660 1928 1699">
    <p class='ocr_par' dir='ltr' id='par_1_78' title="bbox 1132 1660 1928 1699">
     <span class='ocr_line' id='line_1_78' title="bbox 1132 1660 1928 1699; baseline -0.005 -8"><span class='ocrx_word' id='word_1_557' title='bbox 1132 1663 1215 1691; x_wconf 83' lang='grc' dir='ltr'>αὐτοῦ</span> <span class='ocrx_word' id='word_1_558' title='bbox 1231 1664 1359 1699; x_wconf 85' lang='grc' dir='ltr'>δίδωμεν.</span> <span class='ocrx_word' id='word_1_559' title='bbox 1383 1662 1471 1690; x_wconf 86' lang='grc' dir='ltr'>Πόθεν</span> <span class='ocrx_word' id='word_1_560' title='bbox 1490 1670 1532 1689; x_wconf 86' lang='grc' dir='ltr'><strong>σοι</strong></span> <span class='ocrx_word' id='word_1_561' title='bbox 1552 1661 1640 1689; x_wconf 82' lang='grc' dir='ltr'>ταῦτα</span> <span class='ocrx_word' id='word_1_562' title='bbox 1655 1661 1756 1694; x_wconf 87' lang='grc' dir='ltr'>πάντα,</span> <span class='ocrx_word' id='word_1_563' title='bbox 1772 1661 1821 1688; x_wconf 80' lang='grc' dir='ltr'>καὶ</span> <span class='ocrx_word' id='word_1_564' title='bbox 1847 1660 1928 1696; x_wconf 79' lang='grc' dir='ltr'>παρά</span> 
     </span>
    </p>
   </div>
   <div class='ocr_carea' id='block_1_79' title="bbox 1131 1707 1927 1743">
    <p class='ocr_par' dir='ltr' id='par_1_79' title="bbox 1131 1707 1927 1743">
     <span class='ocr_line' id='line_1_79' title="bbox 1131 1707 1927 1743; baseline -0.006 -5"><span class='ocrx_word' id='word_1_565' title='bbox 1131 1718 1224 1743; x_wconf 83' lang='grc' dir='ltr'>τινος;</span> <span class='ocrx_word' id='word_1_566' title='bbox 1240 1710 1289 1742; x_wconf 81' lang='grc' dir='ltr'>Τίς</span> <span class='ocrx_word' id='word_1_567' title='bbox 1305 1709 1417 1736; x_wconf 86' lang='grc' dir='ltr'>δύναται</span> <span class='ocrx_word' id='word_1_568' title='bbox 1432 1708 1546 1743; x_wconf 78' lang='grc' dir='ltr'>νικῆσαι</span> <span class='ocrx_word' id='word_1_569' title='bbox 1568 1707 1635 1735; x_wconf 80' lang='grc' dir='ltr'>Θεδν</span> <span class='ocrx_word' id='word_1_570' title='bbox 1649 1709 1708 1740; x_wconf 86' lang='grc' dir='ltr'>τοῖς</span> <span class='ocrx_word' id='word_1_571' title='bbox 1734 1707 1927 1743; x_wconf 86' lang='grc' dir='ltr'>χαρίσμασιν;</span> 
     </span>
    </p>
   </div>
   <div class='ocr_carea' id='block_1_80' title="bbox 1133 1753 1928 1791">
    <p class='ocr_par' dir='ltr' id='par_1_80' title="bbox 1133 1753 1928 1791">
     <span class='ocr_line' id='line_1_80' title="bbox 1133 1753 1928 1791; baseline -0.005 -7"><span class='ocrx_word' id='word_1_572' title='bbox 1133 1757 1181 1790; x_wconf 83' lang='grc' dir='ltr'>Τίς</span> <span class='ocrx_word' id='word_1_573' title='bbox 1195 1756 1296 1784; x_wconf 77' lang='grc' dir='ltr'>ἔδωκέν</span> <span class='ocrx_word' id='word_1_574' title='bbox 1313 1765 1355 1783; x_wconf 92' lang='grc' dir='ltr'><strong>σοι</strong></span> <span class='ocrx_word' id='word_1_575' title='bbox 1378 1755 1478 1787; x_wconf 87' lang='grc' dir='ltr'>κάλλος</span> <span class='ocrx_word' id='word_1_576' title='bbox 1497 1754 1614 1791; x_wconf 82' lang='grc' dir='ltr'>ούρανοῦ</span> <span class='ocrx_word' id='word_1_577' title='bbox 1631 1754 1752 1790; x_wconf 83' lang='grc' dir='ltr'>βλέπειν,</span> <span class='ocrx_word' id='word_1_578' title='bbox 1767 1753 1845 1789; x_wconf 83' lang='grc' dir='ltr'>ἡλίου</span> <span class='ocrx_word' id='word_1_579' title='bbox 1862 1753 1928 1788; x_wconf 82' lang='grc' dir='ltr'>δρό-</span> 
     </span>
    </p>
   </div>
   <div class='ocr_carea' id='block_1_81' title="bbox 1135 1798 1928 1839">
    <p class='ocr_par' dir='ltr' id='par_1_81' title="bbox 1135 1798 1928 1839">
     <span class='ocr_line' id='line_1_81' title="bbox 1135 1798 1928 1839; baseline -0.006 -10"><span class='ocrx_word' id='word_1_580' title='bbox 1135 1811 1195 1839; x_wconf 88' lang='grc' dir='ltr'>μον,</span> <span class='ocrx_word' id='word_1_581' title='bbox 1213 1802 1329 1838; x_wconf 85' lang='grc' dir='ltr'>σελήνης</span> <span class='ocrx_word' id='word_1_582' title='bbox 1346 1800 1456 1834; x_wconf 80' lang='grc' dir='ltr'>κύκλον,</span> <span class='ocrx_word' id='word_1_583' title='bbox 1474 1800 1599 1836; x_wconf 83' lang='grc' dir='ltr'>ἀστέρων</span> <span class='ocrx_word' id='word_1_584' title='bbox 1619 1799 1734 1835; x_wconf 84' lang='grc' dir='ltr'>πλῆθος,</span> <span class='ocrx_word' id='word_1_585' title='bbox 1750 1799 1799 1826; x_wconf 82' lang='grc' dir='ltr'>καὶ</span> <span class='ocrx_word' id='word_1_586' title='bbox 1816 1799 1844 1825; x_wconf 78' lang='grc' dir='ltr'>ὲν</span> <span class='ocrx_word' id='word_1_587' title='bbox 1862 1798 1928 1825; x_wconf 80' lang='grc' dir='ltr'>τού-</span> 
     </span>
    </p>
   </div>
   <div class='ocr_carea' id='block_1_82' title="bbox 1132 1844 1929 1882">
    <p class='ocr_par' dir='ltr' id='par_1_82' title="bbox 1132 1844 1929 1882">
     <span class='ocr_line' id='line_1_82' title="bbox 1132 1844 1929 1882; baseline -0.004 -7"><span class='ocrx_word' id='word_1_588' title='bbox 1132 1857 1190 1880; x_wconf 83' lang='grc' dir='ltr'>τοις</span> <span class='ocrx_word' id='word_1_589' title='bbox 1207 1848 1301 1880; x_wconf 80' lang='grc' dir='ltr'>πᾶσιν,</span> <span class='ocrx_word' id='word_1_590' title='bbox 1316 1846 1413 1882; x_wconf 86' lang='grc' dir='ltr'>ὥσπερ</span> <span class='ocrx_word' id='word_1_591' title='bbox 1433 1847 1462 1873; x_wconf 85' lang='grc' dir='ltr'>ὲν</span> <span class='ocrx_word' id='word_1_592' title='bbox 1477 1846 1559 1882; x_wconf 80' lang='grc' dir='ltr'>λύρᾳ,</span> <span class='ocrx_word' id='word_1_593' title='bbox 1581 1846 1768 1882; x_wconf 79' lang='grc' dir='ltr'>εὐαρμοστίαν</span> <span class='ocrx_word' id='word_1_594' title='bbox 1784 1845 1831 1872; x_wconf 78' lang='grc' dir='ltr'>καὶ</span> <span class='ocrx_word' id='word_1_595' title='bbox 1847 1844 1929 1878; x_wconf 78' lang='grc' dir='ltr'>τάξιν</span> 
     </span>
    </p>
   </div>
   <div class='ocr_carea' id='block_1_83' title="bbox 1132 1891 1929 1929">
    <p class='ocr_par' dir='ltr' id='par_1_83' title="bbox 1132 1891 1929 1929">
     <span class='ocr_line' id='line_1_83' title="bbox 1132 1891 1929 1929; baseline -0.004 -8"><span class='ocrx_word' id='word_1_596' title='bbox 1132 1893 1264 1926; x_wconf 80' lang='grc' dir='ltr'>ὡσαύτως</span> <span class='ocrx_word' id='word_1_597' title='bbox 1283 1894 1412 1929; x_wconf 69' lang='grc' dir='ltr'>ἔχουσαν,</span> <span class='ocrx_word' id='word_1_598' title='bbox 1432 1892 1513 1929; x_wconf 80' lang='grc' dir='ltr'>ὡρῶν</span> <span class='ocrx_word' id='word_1_599' title='bbox 1535 1892 1672 1927; x_wconf 81' lang='grc' dir='ltr'>ἀλλαγὰς,</span> <span class='ocrx_word' id='word_1_600' title='bbox 1688 1891 1842 1928; x_wconf 77' lang='grc' dir='ltr'>μεταϐολάς</span> <span class='ocrx_word' id='word_1_601' title='bbox 1864 1901 1929 1919; x_wconf 83' lang='grc' dir='ltr'>και-</span> 
     </span>
    </p>
   </div>
   <div class='ocr_carea' id='block_1_84' title="bbox 1134 1938 1928 1976">
    <p class='ocr_par' dir='ltr' id='par_1_84' title="bbox 1134 1938 1928 1976">
     <span class='ocr_line' id='line_1_84' title="bbox 1134 1938 1928 1976; baseline -0.003 -9"><span class='ocrx_word' id='word_1_602' title='bbox 1134 1940 1200 1976; x_wconf 85' lang='grc' dir='ltr'>ρῶν,</span> <span class='ocrx_word' id='word_1_603' title='bbox 1217 1939 1352 1967; x_wconf 76' lang='grc' dir='ltr'>ἐνιαυτῶν</span> <span class='ocrx_word' id='word_1_604' title='bbox 1367 1939 1527 1975; x_wconf 83' lang='grc' dir='ltr'>περιόδους,</span> <span class='ocrx_word' id='word_1_605' title='bbox 1548 1939 1656 1975; x_wconf 82' lang='grc' dir='ltr'>ἡμέρας</span> <span class='ocrx_word' id='word_1_606' title='bbox 1677 1939 1725 1966; x_wconf 85' lang='grc' dir='ltr'>καὶ</span> <span class='ocrx_word' id='word_1_607' title='bbox 1740 1938 1838 1969; x_wconf 75' lang='grc' dir='ltr'>νυκτὸς</span> <span class='ocrx_word' id='word_1_608' title='bbox 1867 1939 1928 1965; x_wconf 71' lang='lat' dir='ltr'><strong>loo-</strong></span> 
     </span>
    </p>
   </div>
   <div class='ocr_carea' id='block_1_85' title="bbox 1134 1983 1928 2022">
    <p class='ocr_par' dir='ltr' id='par_1_85' title="bbox 1134 1983 1928 2022">
     <span class='ocr_line' id='line_1_85' title="bbox 1134 1983 1928 2022; baseline -0.001 -10"><span class='ocrx_word' id='word_1_609' title='bbox 1134 1986 1255 2022; x_wconf 87' lang='grc' dir='ltr'>μοιρίαν,</span> <span class='ocrx_word' id='word_1_610' title='bbox 1269 1985 1322 2021; x_wconf 84' lang='grc' dir='ltr'>γῆς</span> <span class='ocrx_word' id='word_1_611' title='bbox 1334 1985 1475 2020; x_wconf 72' lang='grc' dir='ltr'>ἐκφύσεις,</span> <span class='ocrx_word' id='word_1_612' title='bbox 1486 1985 1567 2021; x_wconf 86' lang='grc' dir='ltr'>ἀέρος</span> <span class='ocrx_word' id='word_1_613' title='bbox 1583 1984 1674 2020; x_wconf 85' lang='grc' dir='ltr'>χύσιν,</span> <span class='ocrx_word' id='word_1_614' title='bbox 1685 1984 1775 2020; x_wconf 86' lang='grc' dir='ltr'>πλάτη</span> <span class='ocrx_word' id='word_1_615' title='bbox 1787 1983 1928 2020; x_wconf 82' lang='grc' dir='ltr'>θαλάσσης</span> 
     </span>
    </p>
   </div>
   <div class='ocr_carea' id='block_1_86' title="bbox 1132 2030 1929 2069">
    <p class='ocr_par' dir='ltr' id='par_1_86' title="bbox 1132 2030 1929 2069">
     <span class='ocr_line' id='line_1_86' title="bbox 1132 2030 1929 2069; baseline -0.003 -10"><span class='ocrx_word' id='word_1_616' title='bbox 1132 2033 1284 2069; x_wconf 81' lang='grc' dir='ltr'>λελυμένης</span> <span class='ocrx_word' id='word_1_617' title='bbox 1300 2033 1348 2060; x_wconf 72' lang='grc' dir='ltr'>καὶ</span> <span class='ocrx_word' id='word_1_618' title='bbox 1372 2032 1534 2068; x_wconf 76' lang='grc' dir='ltr'>ἱσταμένης,</span> <span class='ocrx_word' id='word_1_619' title='bbox 1556 2031 1626 2068; x_wconf 84' lang='grc' dir='ltr'>βάθη</span> <span class='ocrx_word' id='word_1_620' title='bbox 1641 2030 1788 2067; x_wconf 84' lang='grc' dir='ltr'>ποταμῶν,</span> <span class='ocrx_word' id='word_1_621' title='bbox 1816 2030 1929 2066; x_wconf 78' lang='grc' dir='ltr'>ἀνέμων</span> 
     </span>
    </p>
   </div>
   <div class='ocr_carea' id='block_1_87' title="bbox 1133 2075 1927 2114">
    <p class='ocr_par' dir='ltr' id='par_1_87' title="bbox 1133 2075 1927 2114">
     <span class='ocr_line' id='line_1_87' title="bbox 1133 2075 1927 2114; baseline -0.004 -10"><span class='ocrx_word' id='word_1_622' title='bbox 1133 2078 1275 2114; x_wconf 57' lang='lat' dir='ltr'><strong>deducta;</strong></span> <span class='ocrx_word' id='word_1_623' title='bbox 1304 2077 1352 2109; x_wconf 89' lang='grc' dir='ltr'><strong>Τίς</strong></span> <span class='ocrx_word' id='word_1_624' title='bbox 1377 2077 1483 2110; x_wconf 85' lang='grc' dir='ltr'>ὑετοὺς,</span> <span class='ocrx_word' id='word_1_625' title='bbox 1501 2077 1652 2112; x_wconf 82' lang='grc' dir='ltr'>γεωργίαν,</span> <span class='ocrx_word' id='word_1_626' title='bbox 1678 2076 1796 2112; x_wconf 77' lang='grc' dir='ltr'>τροφὰς,</span> <span class='ocrx_word' id='word_1_627' title='bbox 1813 2075 1927 2111; x_wconf 80' lang='grc' dir='ltr'>τέχνας,</span> 
     </span>
    </p>
   </div>
   <div class='ocr_carea' id='block_1_88' title="bbox 1132 2121 1928 2160">
    <p class='ocr_par' dir='ltr' id='par_1_88' title="bbox 1132 2121 1928 2160">
     <span class='ocr_line' id='line_1_88' title="bbox 1132 2121 1928 2160; baseline -0.004 -10"><span class='ocrx_word' id='word_1_628' title='bbox 1132 2124 1274 2160; x_wconf 70' lang='grc' dir='ltr'>οἰκήσεις,</span> <span class='ocrx_word' id='word_1_629' title='bbox 1292 2123 1376 2151; x_wconf 86' lang='grc' dir='ltr'>πόθεν</span> <span class='ocrx_word' id='word_1_630' title='bbox 1391 2132 1433 2151; x_wconf 90' lang='grc' dir='ltr'><strong>σοι</strong></span> <span class='ocrx_word' id='word_1_631' title='bbox 1456 2123 1512 2150; x_wconf 85' lang='grc' dir='ltr'><strong>τῶν</strong></span> <span class='ocrx_word' id='word_1_632' title='bbox 1535 2123 1624 2156; x_wconf 80' lang='grc' dir='ltr'>ζώων,</span> <span class='ocrx_word' id='word_1_633' title='bbox 1652 2122 1686 2150; x_wconf 87' lang='grc' dir='ltr'><strong>τὰ</strong></span> <span class='ocrx_word' id='word_1_634' title='bbox 1704 2122 1753 2158; x_wconf 81' lang='grc' dir='ltr'>μὲν</span> <span class='ocrx_word' id='word_1_635' title='bbox 1781 2121 1928 2158; x_wconf 80' lang='grc' dir='ltr'>ήμέρωται</span> 
     </span>
    </p>
   </div>
   <div class='ocr_carea' id='block_1_89' title="bbox 1133 2168 1928 2206">
    <p class='ocr_par' dir='ltr' id='par_1_89' title="bbox 1133 2168 1928 2206">
     <span class='ocr_line' id='line_1_89' title="bbox 1133 2168 1928 2206; baseline -0.004 -8"><span class='ocrx_word' id='word_1_636' title='bbox 1133 2172 1181 2198; x_wconf 71' lang='grc' dir='ltr'>καὶ</span> <span class='ocrx_word' id='word_1_637' title='bbox 1200 2170 1380 2205; x_wconf 80' lang='grc' dir='ltr'>ὐπέζευκται,</span> <span class='ocrx_word' id='word_1_638' title='bbox 1395 2171 1431 2198; x_wconf 84' lang='grc' dir='ltr'><strong>τὰ</strong></span> <span class='ocrx_word' id='word_1_639' title='bbox 1458 2170 1486 2198; x_wconf 82' lang='grc' dir='ltr'>δὲ</span> <span class='ocrx_word' id='word_1_640' title='bbox 1510 2170 1599 2206; x_wconf 82' lang='grc' dir='ltr'>τροφὴ</span> <span class='ocrx_word' id='word_1_641' title='bbox 1615 2169 1810 2206; x_wconf 75' lang='grc' dir='ltr'>παραδίδοταις</span> <span class='ocrx_word' id='word_1_642' title='bbox 1828 2168 1878 2200; x_wconf 84' lang='grc' dir='ltr'>Τίς</span> <span class='ocrx_word' id='word_1_643' title='bbox 1896 2176 1928 2194; x_wconf 84' lang='grc' dir='ltr'><strong>σε</strong></span> 
     </span>
    </p>
   </div>
   <div class='ocr_carea' id='block_1_90' title="bbox 287 2212 1074 2253">
    <p class='ocr_par' dir='ltr' id='par_1_90' title="bbox 287 2212 1074 2252">
     <span class='ocr_line' id='line_1_90' title="bbox 287 2212 1074 2252; baseline 0.009 -13"><span class='ocrx_word' id='word_1_644' title='bbox 287 2212 436 2248; x_wconf 88' lang='lat' dir='ltr'><strong>noctisque</strong></span> <span class='ocrx_word' id='word_1_645' title='bbox 452 2214 573 2249; x_wconf 63' lang='lat' dir='ltr'><strong>aquales</strong></span> <span class='ocrx_word' id='word_1_646' title='bbox 582 2215 763 2250; x_wconf 87' lang='lat' dir='ltr'><strong>partitiones.</strong></span> <span class='ocrx_word' id='word_1_647' title='bbox 775 2220 857 2244; x_wconf 65' lang='lat' dir='ltr'><strong>terra:</strong></span> <span class='ocrx_word' id='word_1_648' title='bbox 868 2216 1074 2252; x_wconf 75' lang='lat' dir='ltr'><strong>productiones,</strong></span> 
     </span>
    </p>
   </div>
   <div class='ocr_carea' id='block_1_91' title="bbox 1126 2212 1926 2253">
    <p class='ocr_par' dir='ltr' id='par_1_91' title="bbox 1130 2214 1926 2253">
     <span class='ocr_line' id='line_1_91' title="bbox 1130 2214 1926 2253; baseline -0.004 -8"><span class='ocrx_word' id='word_1_649' title='bbox 1130 2218 1234 2253; x_wconf 85' lang='grc' dir='ltr'>Κύριον</span> <span class='ocrx_word' id='word_1_650' title='bbox 1244 2218 1292 2245; x_wconf 75' lang='grc' dir='ltr'>καὶ</span> <span class='ocrx_word' id='word_1_651' title='bbox 1306 2217 1420 2253; x_wconf 84' lang='grc' dir='ltr'>βασιλέα</span> <span class='ocrx_word' id='word_1_652' title='bbox 1433 2217 1542 2245; x_wconf 90' lang='grc' dir='ltr'>πάντων</span> <span class='ocrx_word' id='word_1_653' title='bbox 1551 2215 1722 2252; x_wconf 85' lang='grc' dir='ltr'>κατέστησεν</span> <span class='ocrx_word' id='word_1_654' title='bbox 1734 2216 1780 2242; x_wconf 70' lang='grc' dir='ltr'>ἐπὶ</span> <span class='ocrx_word' id='word_1_655' title='bbox 1793 2214 1844 2250; x_wconf 81' lang='grc' dir='ltr'>τῆς</span> <span class='ocrx_word' id='word_1_656' title='bbox 1855 2214 1926 2250; x_wconf 82' lang='grc' dir='ltr'><strong>γῆς;</strong></span> 
     </span>
    </p>
   </div>
   <div class='ocr_carea' id='block_1_92' title="bbox 288 2259 1074 2299">
    <p class='ocr_par' dir='ltr' id='par_1_92' title="bbox 288 2259 1074 2296">
     <span class='ocr_line' id='line_1_92' title="bbox 288 2259 1074 2296; baseline 0.008 -11"><span class='ocrx_word' id='word_1_657' title='bbox 288 2259 490 2294; x_wconf 88' lang='lat' dir='ltr'><strong>expansionem</strong></span> <span class='ocrx_word' id='word_1_658' title='bbox 519 2260 603 2293; x_wconf 85' lang='lat' dir='ltr'><strong>aeris,</strong></span> <span class='ocrx_word' id='word_1_659' title='bbox 622 2261 823 2296; x_wconf 88' lang='lat' dir='ltr'><strong>amplitudines</strong></span> <span class='ocrx_word' id='word_1_660' title='bbox 850 2263 939 2291; x_wconf 87' lang='lat' dir='ltr'><strong>maris</strong></span> <span class='ocrx_word' id='word_1_661' title='bbox 951 2262 1017 2291; x_wconf 90' lang='lat' dir='ltr'><strong>ﬂuxi</strong></span> <span class='ocrx_word' id='word_1_662' title='bbox 1037 2264 1074 2292; x_wconf 85' lang='lat' dir='ltr'><strong>si-</strong></span> 
     </span>
    </p>
   </div>
   <div class='ocr_carea' id='block_1_93' title="bbox 1126 2259 1928 2299">
    <p class='ocr_par' dir='ltr' id='par_1_93' title="bbox 1133 2260 1928 2299">
     <span class='ocr_line' id='line_1_93' title="bbox 1133 2260 1928 2299; baseline -0.006 -8"><span class='ocrx_word' id='word_1_663' title='bbox 1133 2261 1193 2291; x_wconf 81' lang='grc' dir='ltr'>εῒτα</span> <span class='ocrx_word' id='word_1_664' title='bbox 1209 2263 1260 2291; x_wconf 85' lang='grc' dir='ltr'>οὐκ</span> <span class='ocrx_word' id='word_1_665' title='bbox 1287 2263 1475 2299; x_wconf 80' lang='grc' dir='ltr'>αἰσχυνόμεθα</span> <span class='ocrx_word' id='word_1_666' title='bbox 1499 2264 1524 2290; x_wconf 84' lang='grc' dir='ltr'>ει</span> <span class='ocrx_word' id='word_1_667' title='bbox 1542 2262 1665 2291; x_wconf 82' lang='grc' dir='ltr'>τοσαῦτα</span> <span class='ocrx_word' id='word_1_668' title='bbox 1685 2263 1752 2298; x_wconf 80' lang='grc' dir='ltr'>παρ’</span> <span class='ocrx_word' id='word_1_669' title='bbox 1773 2260 1869 2293; x_wconf 79' lang='grc' dir='ltr'>αὐτοῦ,</span> <span class='ocrx_word' id='word_1_670' title='bbox 1892 2260 1928 2287; x_wconf 72' lang='grc' dir='ltr'><strong>τὰ</strong></span> 
     </span>
    </p>
   </div>
   <div class='ocr_carea' id='block_1_94' title="bbox 289 2305 1074 2346">
    <p class='ocr_par' dir='ltr' id='par_1_94' title="bbox 289 2305 1074 2346">
     <span class='ocr_line' id='line_1_94' title="bbox 289 2305 1074 2346; baseline 0.008 -14"><span class='ocrx_word' id='word_1_671' title='bbox 289 2305 346 2333; x_wconf 94' lang='lat' dir='ltr'><strong>mul</strong></span> <span class='ocrx_word' id='word_1_672' title='bbox 361 2309 389 2333; x_wconf 88' lang='lat' dir='ltr'><strong>et</strong></span> <span class='ocrx_word' id='word_1_673' title='bbox 400 2305 521 2340; x_wconf 84' lang='lat' dir='ltr'><strong>stabilis,</strong></span> <span class='ocrx_word' id='word_1_674' title='bbox 537 2306 694 2341; x_wconf 90' lang='lat' dir='ltr'><strong>profundos</strong></span> <span class='ocrx_word' id='word_1_675' title='bbox 708 2308 854 2336; x_wconf 90' lang='lat' dir='ltr'><strong>ﬂuminum</strong></span> <span class='ocrx_word' id='word_1_676' title='bbox 867 2309 1001 2346; x_wconf 75' lang='lat' dir='ltr'><strong>gurgites,</strong></span> <span class='ocrx_word' id='word_1_677' title='bbox 1014 2317 1074 2338; x_wconf 87' lang='lat' dir='ltr'><strong>ven-</strong></span> 
     </span>
    </p>
   </div>
   <div class='ocr_carea' id='block_1_95' title="bbox 1126 2305 1927 2346">
    <p class='ocr_par' dir='ltr' id='par_1_95' title="bbox 1134 2307 1927 2345">
     <span class='ocr_line' id='line_1_95' title="bbox 1134 2307 1927 2345; baseline -0.005 -8"><span class='ocrx_word' id='word_1_678' title='bbox 1134 2309 1184 2345; x_wconf 79' lang='grc' dir='ltr'>μὲν</span> <span class='ocrx_word' id='word_1_679' title='bbox 1198 2309 1338 2342; x_wconf 86' lang='grc' dir='ltr'>λαϐόντες,</span> <span class='ocrx_word' id='word_1_680' title='bbox 1352 2309 1388 2336; x_wconf 81' lang='grc' dir='ltr'>τὰ</span> <span class='ocrx_word' id='word_1_681' title='bbox 1401 2309 1431 2336; x_wconf 81' lang='grc' dir='ltr'>δὲ</span> <span class='ocrx_word' id='word_1_682' title='bbox 1444 2308 1613 2341; x_wconf 73' lang='grc' dir='ltr'>ἐλπίζοντες,</span> <span class='ocrx_word' id='word_1_683' title='bbox 1631 2308 1700 2345; x_wconf 79' lang='grc' dir='ltr'>μηδὲ</span> <span class='ocrx_word' id='word_1_684' title='bbox 1720 2308 1750 2335; x_wconf 80' lang='grc' dir='ltr'>ἓν</span> <span class='ocrx_word' id='word_1_685' title='bbox 1769 2307 1850 2334; x_wconf 83' lang='grc' dir='ltr'>τοῦτο</span> <span class='ocrx_word' id='word_1_686' title='bbox 1868 2307 1927 2333; x_wconf 85' lang='grc' dir='ltr'>είσ-</span> 
     </span>
    </p>
   </div>
   <div class='ocr_carea' id='block_1_96' title="bbox 287 2352 1074 2392">
    <p class='ocr_par' dir='ltr' id='par_1_96' title="bbox 287 2352 1074 2391">
     <span class='ocr_line' id='line_1_96' title="bbox 287 2352 1074 2391; baseline 0.006 -12"><span class='ocrx_word' id='word_1_687' title='bbox 287 2355 347 2379; x_wconf 86' lang='lat' dir='ltr'><strong>tum</strong></span> <span class='ocrx_word' id='word_1_688' title='bbox 363 2352 492 2388; x_wconf 88' lang='lat' dir='ltr'><strong>impetus.</strong></span> <span class='ocrx_word' id='word_1_689' title='bbox 515 2353 585 2387; x_wconf 87' lang='lat' dir='ltr'><strong>Quis</strong></span> <span class='ocrx_word' id='word_1_690' title='bbox 600 2353 710 2388; x_wconf 85' lang='lat' dir='ltr'><strong>pluvias</strong></span> <span class='ocrx_word' id='word_1_691' title='bbox 737 2355 859 2390; x_wconf 78' lang='lat' dir='ltr'><strong>praebet?</strong></span> <span class='ocrx_word' id='word_1_692' title='bbox 873 2363 1004 2391; x_wconf 72' lang='lat' dir='ltr'><strong>agrorum</strong></span> <span class='ocrx_word' id='word_1_693' title='bbox 1015 2357 1074 2384; x_wconf 88' lang='lat' dir='ltr'><strong>cul-</strong></span> 
     </span>
    </p>
   </div>
   <div class='ocr_carea' id='block_1_97' title="bbox 1126 2352 1718 2392">
    <p class='ocr_par' dir='ltr' id='par_1_97' title="bbox 1130 2354 1718 2392">
     <span class='ocr_line' id='line_1_97' title="bbox 1130 2354 1718 2392; baseline -0.002 -10"><span class='ocrx_word' id='word_1_694' title='bbox 1130 2355 1242 2389; x_wconf 84' lang='grc' dir='ltr'>οίσομεν</span> <span class='ocrx_word' id='word_1_695' title='bbox 1255 2354 1294 2391; x_wconf 88' lang='grc' dir='ltr'>τῷ</span> <span class='ocrx_word' id='word_1_696' title='bbox 1310 2355 1446 2392; x_wconf 80' lang='grc' dir='ltr'>Δεσπότῃ,</span> <span class='ocrx_word' id='word_1_697' title='bbox 1461 2354 1493 2382; x_wconf 85' lang='grc' dir='ltr'><strong>τδ</strong></span> <span class='ocrx_word' id='word_1_698' title='bbox 1506 2354 1698 2391; x_wconf 86' lang='grc' dir='ltr'>φιλάνθρωπον</span> <span class='ocrx_word' id='word_1_699' title='bbox 1710 2363 1718 2388; x_wconf 89' lang='lat'><strong>;</strong></span> 
     </span>
    </p>
   </div>
   <div class='ocr_carea' id='block_1_98' title="bbox 288 2400 1928 2439">
    <p class='ocr_par' dir='ltr' id='par_1_98' title="bbox 288 2400 1928 2439">
     <span class='ocr_line' id='line_1_98' title="bbox 288 2400 1928 2439; baseline 0.002 -14"><span class='ocrx_word' id='word_1_700' title='bbox 288 2401 390 2433; x_wconf 88' lang='lat' dir='ltr'><strong>turam,</strong></span> <span class='ocrx_word' id='word_1_701' title='bbox 418 2407 508 2433; x_wconf 82' lang='lat' dir='ltr'><strong>escas,</strong></span> <span class='ocrx_word' id='word_1_702' title='bbox 539 2403 625 2434; x_wconf 89' lang='lat' dir='ltr'><strong>artes,</strong></span> <span class='ocrx_word' id='word_1_703' title='bbox 651 2400 772 2430; x_wconf 85' lang='lat' dir='ltr'><strong>domos?</strong></span> <span class='ocrx_word' id='word_1_704' title='bbox 787 2401 860 2430; x_wconf 91' lang='lat' dir='ltr'><strong>unde</strong></span> <span class='ocrx_word' id='word_1_705' title='bbox 889 2402 975 2431; x_wconf 89' lang='lat' dir='ltr'><strong>habes</strong></span> <span class='ocrx_word' id='word_1_706' title='bbox 1005 2403 1079 2439; x_wconf 91' lang='lat' dir='ltr'><strong>quod</strong></span> <span class='ocrx_word' id='word_1_707' title='bbox 1099 2403 1252 2431; x_wconf 86' lang='lat' dir='ltr'><strong>animantia</strong></span> <span class='ocrx_word' id='word_1_708' title='bbox 1270 2402 1371 2438; x_wconf 87' lang='lat' dir='ltr'><strong>partim</strong></span> <span class='ocrx_word' id='word_1_709' title='bbox 1398 2402 1449 2430; x_wconf 89' lang='lat' dir='ltr'><strong>tibi</strong></span> <span class='ocrx_word' id='word_1_710' title='bbox 1485 2401 1620 2435; x_wconf 86' lang='lat' dir='ltr'><strong>cicurata,</strong></span> <span class='ocrx_word' id='word_1_711' title='bbox 1640 2402 1824 2437; x_wconf 73' lang='lat' dir='ltr'><strong>subiectaque</strong></span> <span class='ocrx_word' id='word_1_712' title='bbox 1848 2403 1928 2433; x_wconf 75' lang='lat' dir='ltr'><strong>sunt,</strong></span> 
     </span>
    </p>
   </div>
   <div class='ocr_carea' id='block_1_99' title="bbox 288 2446 1928 2487">
    <p class='ocr_par' dir='ltr' id='par_1_99' title="bbox 288 2446 1928 2487">
     <span class='ocr_line' id='line_1_99' title="bbox 288 2446 1928 2487; baseline 0.002 -15"><span class='ocrx_word' id='word_1_713' title='bbox 288 2446 388 2480; x_wconf 89' lang='lat' dir='ltr'><strong>partim</strong></span> <span class='ocrx_word' id='word_1_714' title='bbox 401 2447 428 2474; x_wconf 95' lang='lat' dir='ltr'><strong>in</strong></span> <span class='ocrx_word' id='word_1_715' title='bbox 440 2447 602 2476; x_wconf 84' lang='lat' dir='ltr'><strong>alimentum</strong></span> <span class='ocrx_word' id='word_1_716' title='bbox 620 2448 741 2477; x_wconf 76' lang='lat' dir='ltr'><strong>cedunt?</strong></span> <span class='ocrx_word' id='word_1_717' title='bbox 755 2449 823 2483; x_wconf 87' lang='lat' dir='ltr'><strong>Quis</strong></span> <span class='ocrx_word' id='word_1_718' title='bbox 840 2454 867 2478; x_wconf 87' lang='lat' dir='ltr'><strong>te</strong></span> <span class='ocrx_word' id='word_1_719' title='bbox 881 2450 1024 2480; x_wconf 89' lang='lat' dir='ltr'><strong>dominum</strong></span> <span class='ocrx_word' id='word_1_720' title='bbox 1051 2455 1079 2480; x_wconf 88' lang='lat' dir='ltr'><strong>et</strong></span> <span class='ocrx_word' id='word_1_721' title='bbox 1111 2458 1202 2487; x_wconf 76' lang='lat' dir='ltr'><strong>regem</strong></span> <span class='ocrx_word' id='word_1_722' title='bbox 1228 2450 1353 2479; x_wconf 91' lang='lat' dir='ltr'><strong>omnium</strong></span> <span class='ocrx_word' id='word_1_723' title='bbox 1382 2449 1412 2478; x_wconf 88' lang='lat' dir='ltr'><strong>in</strong></span> <span class='ocrx_word' id='word_1_724' title='bbox 1438 2453 1514 2478; x_wconf 85' lang='lat' dir='ltr'><strong>terra</strong></span> <span class='ocrx_word' id='word_1_725' title='bbox 1538 2449 1706 2478; x_wconf 76' lang='lat' dir='ltr'><strong>constituit?</strong></span> <span class='ocrx_word' id='word_1_726' title='bbox 1722 2449 1763 2476; x_wconf 81' lang='lat' dir='ltr'><strong>An</strong></span> <span class='ocrx_word' id='word_1_727' title='bbox 1780 2456 1835 2476; x_wconf 91' lang='lat' dir='ltr'><strong>non</strong></span> <span class='ocrx_word' id='word_1_728' title='bbox 1860 2455 1928 2475; x_wconf 88' lang='lat' dir='ltr'><strong>vero</strong></span> 
     </span>
    </p>
   </div>
   <div class='ocr_carea' id='block_1_100' title="bbox 288 2494 1927 2545">
    <p class='ocr_par' dir='ltr' id='par_1_100' title="bbox 288 2494 1927 2545">
     <span class='ocr_line' id='line_1_100' title="bbox 288 2494 1927 2545; baseline 0.002 -26"><span class='ocrx_word' id='word_1_729' title='bbox 288 2500 339 2520; x_wconf 87' lang='lat' dir='ltr'><strong>nos</strong></span> <span class='ocrx_word' id='word_1_730' title='bbox 353 2494 477 2528; x_wconf 86' lang='lat' dir='ltr'><strong>pudebit,</strong></span> <span class='ocrx_word' id='word_1_731' title='bbox 492 2502 555 2522; x_wconf 87' lang='lat' dir='ltr'><strong>cum</strong></span> <span class='ocrx_word' id='word_1_732' title='bbox 573 2498 615 2523; x_wconf 87' lang='lat' dir='ltr'><strong>tot</strong></span> <span class='ocrx_word' id='word_1_733' title='bbox 640 2503 673 2524; x_wconf 90' lang='lat' dir='ltr'><strong>ac</strong></span> <span class='ocrx_word' id='word_1_734' title='bbox 700 2500 775 2524; x_wconf 87' lang='lat' dir='ltr'><strong>tanta</strong></span> <span class='ocrx_word' id='word_1_735' title='bbox 803 2497 839 2525; x_wconf 91' lang='lat' dir='ltr'><strong>ab</strong></span> <span class='ocrx_word' id='word_1_736' title='bbox 871 2506 904 2526; x_wconf 88' lang='lat' dir='ltr'><strong>eo</strong></span> <span class='ocrx_word' id='word_1_737' title='bbox 931 2500 1033 2534; x_wconf 91' lang='lat' dir='ltr'><strong>partim</strong></span> <span class='ocrx_word' id='word_1_738' title='bbox 1062 2498 1394 2539; x_wconf 82' lang='lat' dir='ltr'><strong>acceperimus,_p_artitn</strong></span> <span class='ocrx_word' id='word_1_739' title='bbox 1426 2505 1592 2534; x_wconf 85' lang='lat' dir='ltr'><strong>speremus,</strong></span> <span class='ocrx_word' id='word_1_740' title='bbox 1617 2497 1653 2533; x_wconf 34' lang='lat' dir='ltr'><strong>si.</strong></span> <span class='ocrx_word' id='word_1_741' title='bbox 1672 2505 1707 2526; x_wconf 85' lang='lat' dir='ltr'><strong>ne</strong></span> <span class='ocrx_word' id='word_1_742' title='bbox 1723 2497 1787 2545; x_wconf 20' lang='lat' dir='ltr'><strong>‘b’oc</strong></span> <span class='ocrx_word' id='word_1_743' title='bbox 1813 2496 1927 2535; x_wconf 81' lang='lat' dir='ltr'><strong>quidem</strong></span> 
     </span>
    </p>
   </div>
   <div class='ocr_carea' id='block_1_101' title="bbox 290 2540 1222 2578">
    <p class='ocr_par' dir='ltr' id='par_1_101' title="bbox 290 2540 1222 2578">
     <span class='ocr_line' id='line_1_101' title="bbox 290 2540 1222 2578; baseline 0.006 -11"><span class='ocrx_word' id='word_1_744' title='bbox 290 2548 376 2568; x_wconf 92' lang='lat' dir='ltr'><strong>unum</strong></span> <span class='ocrx_word' id='word_1_745' title='bbox 421 2540 477 2569; x_wconf 85' lang='lat' dir='ltr'><strong>Deo</strong></span> <span class='ocrx_word' id='word_1_746' title='bbox 505 2541 624 2570; x_wconf 86' lang='lat' dir='ltr'><strong>Domino</strong></span> <span class='ocrx_word' id='word_1_747' title='bbox 658 2543 847 2578; x_wconf 80' lang='lat' dir='ltr'><strong>conferamus,</strong></span> <span class='ocrx_word' id='word_1_748' title='bbox 879 2545 1079 2575; x_wconf 83' lang='lat' dir='ltr'><strong>humanitatem</strong></span> <span class='ocrx_word' id='word_1_749' title='bbox 1095 2545 1222 2575; x_wconf 81' lang='lat' dir='ltr'><strong>scilicet?</strong></span> 
     </span>
    </p>
   </div>
   <div class='ocr_carea' id='block_1_102' title="bbox 325 2617 1074 2661">
    <p class='ocr_par' dir='ltr' id='par_1_102' title="bbox 325 2617 1074 2659">
     <span class='ocr_line' id='line_1_102' title="bbox 325 2617 1074 2659; baseline 0.009 -13"><span class='ocrx_word' id='word_1_750' title='bbox 325 2617 397 2648; x_wconf 82' lang='lat' dir='ltr'><strong>Ibid.</strong></span> <span class='ocrx_word' id='word_1_751' title='bbox 413 2635 448 2640; x_wconf 98' lang='lat'>—</span> <span class='ocrx_word' id='word_1_752' title='bbox 461 2619 540 2653; x_wconf 85' lang='lat' dir='ltr'><strong>Quod</strong></span> <span class='ocrx_word' id='word_1_753' title='bbox 559 2620 581 2648; x_wconf 87' lang='lat' dir='ltr'><strong>si</strong></span> <span class='ocrx_word' id='word_1_754' title='bbox 599 2621 624 2649; x_wconf 85' lang='lat' dir='ltr'><strong>is</strong></span> <span class='ocrx_word' id='word_1_755' title='bbox 633 2629 782 2657; x_wconf 87' lang='lat' dir='ltr'><strong>pauperem</strong></span> <span class='ocrx_word' id='word_1_756' title='bbox 793 2623 896 2659; x_wconf 89' lang='lat' dir='ltr'><strong>probro</strong></span> <span class='ocrx_word' id='word_1_757' title='bbox 909 2624 1003 2659; x_wconf 80' lang='lat' dir='ltr'><strong>afﬁcit,</strong></span> <span class='ocrx_word' id='word_1_758' title='bbox 1015 2632 1074 2653; x_wconf 89' lang='lat' dir='ltr'><strong>eum</strong></span> 
     </span>
    </p>
   </div>
   <div class='ocr_carea' id='block_1_103' title="bbox 1126 2617 1926 2661">
    <p class='ocr_par' dir='ltr' id='par_1_103' title="bbox 1168 2618 1926 2661">
     <span class='ocr_line' id='line_1_103' title="bbox 1168 2618 1926 2661; baseline -0.003 -9"><span class='ocrx_word' id='word_1_759' title='bbox 1168 2625 1202 2652; x_wconf 79' lang='lat' dir='ltr'><strong>Et</strong></span> <span class='ocrx_word' id='word_1_760' title='bbox 1216 2625 1230 2653; x_wconf 72' lang='grc' dir='ltr'><strong><em>ὁ</em></strong></span> <span class='ocrx_word' id='word_1_761' title='bbox 1248 2624 1391 2661; x_wconf 83' lang='grc' dir='ltr'>ἀτιμάζων</span> <span class='ocrx_word' id='word_1_762' title='bbox 1415 2624 1530 2661; x_wconf 85' lang='grc' dir='ltr'>πένητα,</span> <span class='ocrx_word' id='word_1_763' title='bbox 1546 2619 1697 2661; x_wconf 76' lang='grc' dir='ltr'>παροξύνει</span> <span class='ocrx_word' id='word_1_764' title='bbox 1709 2618 1756 2651; x_wconf 78' lang='grc' dir='ltr'>τὸν</span> <span class='ocrx_word' id='word_1_765' title='bbox 1772 2622 1926 2659; x_wconf 83' lang='grc' dir='ltr'>ποιήσαντα</span> 
     </span>
    </p>
   </div>
   <div class='ocr_carea' id='block_1_104' title="bbox 289 2665 1074 2707">
    <p class='ocr_par' dir='ltr' id='par_1_104' title="bbox 289 2665 1074 2706">
     <span class='ocr_line' id='line_1_104' title="bbox 289 2665 1074 2706; baseline 0.009 -14"><span class='ocrx_word' id='word_1_766' title='bbox 289 2665 336 2699; x_wconf 92' lang='lat' dir='ltr'><strong>qui</strong></span> <span class='ocrx_word' id='word_1_767' title='bbox 365 2665 443 2693; x_wconf 91' lang='lat' dir='ltr'><strong>illum</strong></span> <span class='ocrx_word' id='word_1_768' title='bbox 469 2666 593 2694; x_wconf 89' lang='lat' dir='ltr'><strong>condidit</strong></span> <span class='ocrx_word' id='word_1_769' title='bbox 610 2667 644 2695; x_wconf 91' lang='lat' dir='ltr'><strong>ad</strong></span> <span class='ocrx_word' id='word_1_770' title='bbox 672 2668 847 2697; x_wconf 88' lang='lat' dir='ltr'><strong>iracundiam</strong></span> <span class='ocrx_word' id='word_1_771' title='bbox 872 2674 1014 2706; x_wconf 82' lang='lat' dir='ltr'><strong>provocat,</strong></span> <span class='ocrx_word' id='word_1_772' title='bbox 1034 2671 1074 2699; x_wconf 76' lang='lat' dir='ltr'><strong>ill&lt;</strong></span> 
     </span>
    </p>
   </div>
   <div class='ocr_carea' id='block_1_105' title="bbox 1126 2665 1926 2707">
    <p class='ocr_par' dir='ltr' id='par_1_105' title="bbox 1133 2670 1926 2707">
     <span class='ocr_line' id='line_1_105' title="bbox 1133 2670 1926 2707; baseline -0.004 -8"><span class='ocrx_word' id='word_1_773' title='bbox 1133 2671 1226 2704; x_wconf 81' lang='grc' dir='ltr'>αὐτὸν,</span> <span class='ocrx_word' id='word_1_774' title='bbox 1244 2672 1313 2707; x_wconf 82' lang='grc' dir='ltr'>τιμᾷ</span> <span class='ocrx_word' id='word_1_775' title='bbox 1328 2671 1375 2699; x_wconf 71' lang='grc' dir='ltr'>τὸν</span> <span class='ocrx_word' id='word_1_776' title='bbox 1389 2671 1504 2706; x_wconf 80' lang='grc' dir='ltr'>ποιητὴν</span> <span class='ocrx_word' id='word_1_777' title='bbox 1521 2672 1535 2698; x_wconf 86' lang='grc' dir='ltr'><strong>ό</strong></span> <span class='ocrx_word' id='word_1_778' title='bbox 1548 2671 1688 2707; x_wconf 81' lang='grc' dir='ltr'>περιέπων</span> <span class='ocrx_word' id='word_1_779' title='bbox 1702 2670 1733 2697; x_wconf 85' lang='grc' dir='ltr'><strong>τδ</strong></span> <span class='ocrx_word' id='word_1_780' title='bbox 1745 2670 1853 2705; x_wconf 77' lang='grc' dir='ltr'>ποίημα</span> <span class='ocrx_word' id='word_1_781' title='bbox 1863 2678 1870 2685; x_wconf 82' lang='grc'><em>”</em></span> <span class='ocrx_word' id='word_1_782' title='bbox 1893 2670 1926 2696; x_wconf 84' lang='lat'><strong>&#39;0</strong></span> 
     </span>
    </p>
   </div>
   <div class='ocr_carea' id='block_1_106' title="bbox 291 2709 1074 2753">
    <p class='ocr_par' dir='ltr' id='par_1_106' title="bbox 291 2709 1074 2752">
     <span class='ocr_line' id='line_1_106' title="bbox 291 2709 1074 2752; baseline 0.009 -16"><span class='ocrx_word' id='word_1_783' title='bbox 291 2709 414 2743; x_wconf 83' lang='lat' dir='ltr'><strong>profecto</strong></span> <span class='ocrx_word' id='word_1_784' title='bbox 431 2711 566 2741; x_wconf 85' lang='lat' dir='ltr'><strong>factorem</strong></span> <span class='ocrx_word' id='word_1_785' title='bbox 581 2713 713 2748; x_wconf 85' lang='lat' dir='ltr'><strong>honorat,</strong></span> <span class='ocrx_word' id='word_1_786' title='bbox 736 2715 783 2750; x_wconf 85' lang='lat' dir='ltr'><strong>qui</strong></span> <span class='ocrx_word' id='word_1_787' title='bbox 801 2723 871 2751; x_wconf 92' lang='lat' dir='ltr'><strong>opus</strong></span> <span class='ocrx_word' id='word_1_788' title='bbox 884 2716 975 2752; x_wconf 91' lang='lat' dir='ltr'><strong>ipsius</strong></span> <span class='ocrx_word' id='word_1_789' title='bbox 993 2717 1074 2745; x_wconf 85' lang='lat' dir='ltr'><strong>fovet.</strong></span> 
     </span>
    </p>
   </div>
   <div class='ocr_carea' id='block_1_107' title="bbox 1126 2709 1926 2753">
    <p class='ocr_par' dir='ltr' id='par_1_107' title="bbox 1133 2715 1926 2753">
     <span class='ocr_line' id='line_1_107' title="bbox 1133 2715 1926 2753; baseline -0.005 -8"><span class='ocrx_word' id='word_1_790' title='bbox 1133 2717 1228 2745; x_wconf 77' lang='grc' dir='ltr'>ἐλεῶν</span> <span class='ocrx_word' id='word_1_791' title='bbox 1241 2718 1373 2752; x_wconf 80' lang='grc' dir='ltr'>πτωχὸν,</span> <span class='ocrx_word' id='word_1_792' title='bbox 1391 2717 1453 2750; x_wconf 85' lang='grc' dir='ltr'><strong>Θεῷ</strong></span> <span class='ocrx_word' id='word_1_793' title='bbox 1471 2716 1608 2750; x_wconf 76' lang='grc' dir='ltr'>δανείζει,</span> <span class='ocrx_word' id='word_1_794' title='bbox 1628 2716 1720 2753; x_wconf 84' lang='grc' dir='ltr'>φησιν.</span> <span class='ocrx_word' id='word_1_795' title='bbox 1741 2715 1790 2747; x_wconf 85' lang='grc' dir='ltr'>Τίς</span> <span class='ocrx_word' id='word_1_796' title='bbox 1803 2716 1834 2742; x_wconf 82' lang='grc' dir='ltr'><strong>ού</strong></span> <span class='ocrx_word' id='word_1_797' title='bbox 1849 2715 1926 2750; x_wconf 78' lang='grc' dir='ltr'>δέχε-</span> 
     </span>
    </p>
   </div>
   <div class='ocr_carea' id='block_1_108' title="bbox 293 2753 1074 2800">
    <p class='ocr_par' dir='ltr' id='par_1_108' title="bbox 293 2753 1074 2798">
     <span class='ocr_line' id='line_1_108' title="bbox 293 2753 1074 2798; baseline 0.012 -17"><span class='ocrx_word' id='word_1_798' title='bbox 293 2753 406 2783; x_wconf 81' lang='lat' dir='ltr'><strong>Fenerat</strong></span> <span class='ocrx_word' id='word_1_799' title='bbox 438 2757 552 2786; x_wconf 83' lang='lat' dir='ltr'><strong>Domino</strong></span> <span class='ocrx_word' id='word_1_800' title='bbox 577 2760 623 2793; x_wconf 85' lang='lat' dir='ltr'><strong>qui</strong></span> <span class='ocrx_word' id='word_1_801' title='bbox 652 2760 793 2788; x_wconf 76' lang='lat' dir='ltr'><strong>miseretur</strong></span> <span class='ocrx_word' id='word_1_802' title='bbox 822 2762 944 2796; x_wconf 75' lang='lat' dir='ltr'><strong>pauperis</strong></span> <span class='ocrx_word' id='word_1_803' title='bbox 960 2782 968 2796; x_wconf 87' lang='lat'><strong>,</strong></span> <span class='ocrx_word' id='word_1_804' title='bbox 990 2762 1074 2798; x_wconf 85' lang='lat' dir='ltr'><strong>inquit</strong></span> 
     </span>
    </p>
   </div>
   <div class='ocr_carea' id='block_1_109' title="bbox 1126 2753 1927 2800">
    <p class='ocr_par' dir='ltr' id='par_1_109' title="bbox 1133 2762 1927 2800">
     <span class='ocr_line' id='line_1_109' title="bbox 1133 2762 1927 2800; baseline -0.004 -9"><span class='ocrx_word' id='word_1_805' title='bbox 1133 2772 1178 2791; x_wconf 86' lang='grc' dir='ltr'><strong>ται</strong></span> <span class='ocrx_word' id='word_1_806' title='bbox 1197 2764 1340 2800; x_wconf 83' lang='grc' dir='ltr'>χρεώστην</span> <span class='ocrx_word' id='word_1_807' title='bbox 1361 2764 1538 2792; x_wconf 70' lang='grc' dir='ltr'>ἀποδώσοντα</span> <span class='ocrx_word' id='word_1_808' title='bbox 1554 2764 1583 2791; x_wconf 71' lang='grc' dir='ltr'>ἐν</span> <span class='ocrx_word' id='word_1_809' title='bbox 1599 2763 1689 2799; x_wconf 87' lang='grc' dir='ltr'>καιρῷ</span> <span class='ocrx_word' id='word_1_810' title='bbox 1706 2763 1777 2799; x_wconf 82' lang='grc' dir='ltr'><strong>μετά</strong></span> <span class='ocrx_word' id='word_1_811' title='bbox 1799 2762 1849 2797; x_wconf 81' lang='grc' dir='ltr'>τῆς</span> <span class='ocrx_word' id='word_1_812' title='bbox 1865 2763 1927 2788; x_wconf 71' lang='grc' dir='ltr'>ἑπι-</span> 
     </span>
    </p>
   </div>
   <div class='ocr_carea' id='block_1_110' title="bbox 292 2797 1074 2845">
    <p class='ocr_par' dir='ltr' id='par_1_110' title="bbox 292 2797 1074 2840">
     <span class='ocr_line' id='line_1_110' title="bbox 292 2797 1074 2840; baseline 0.014 -14"><span class='ocrx_word' id='word_1_813' title='bbox 292 2797 434 2834; x_wconf 84' lang='lat' dir='ltr'><strong>Scriptura</strong></span> <span class='ocrx_word' id='word_1_814' title='bbox 456 2801 558 2837; x_wconf 77' lang='lat' dir='ltr'><strong>(Prov.</strong></span> <span class='ocrx_word' id='word_1_815' title='bbox 590 2811 644 2838; x_wconf 67' lang='grc' dir='ltr'>χιχ,</span> <span class='ocrx_word' id='word_1_816' title='bbox 675 2804 707 2832; x_wconf 88' lang='grc'><strong>17</strong></span> <span class='ocrx_word' id='word_1_817' title='bbox 720 2804 738 2840; x_wconf 92' lang='grc'><strong>).</strong></span> <span class='ocrx_word' id='word_1_818' title='bbox 755 2804 823 2839; x_wconf 86' lang='lat' dir='ltr'><strong>Quis</strong></span> <span class='ocrx_word' id='word_1_819' title='bbox 853 2805 1005 2837; x_wconf 76' lang='lat' dir='ltr'><strong>debitorem</strong></span> <span class='ocrx_word' id='word_1_820' title='bbox 1031 2797 1074 2837; x_wconf 12' lang='lat' dir='ltr'><strong>irc-</strong></span> 
     </span>
    </p>
   </div>
   <div class='ocr_carea' id='block_1_111' title="bbox 1126 2797 1927 2845">
    <p class='ocr_par' dir='ltr' id='par_1_111' title="bbox 1138 2797 1927 2845">
     <span class='ocr_line' id='line_1_111' title="bbox 1138 2797 1927 2845; baseline -0.005 -7"><span class='ocrx_word' id='word_1_821' title='bbox 1138 2797 1260 2843; x_wconf 69' lang='grc' dir='ltr'>καρπίας</span> <span class='ocrx_word' id='word_1_822' title='bbox 1286 2797 1323 2837; x_wconf 39' lang='grc' dir='ltr'>τὺ·</span> <span class='ocrx_word' id='word_1_823' title='bbox 1339 2809 1452 2839; x_wconf 76' lang='grc' dir='ltr'>δάνειον.</span> <span class='ocrx_word' id='word_1_824' title='bbox 1482 2808 1696 2845; x_wconf 71' lang='grc' dir='ltr'>Ἐλεημοσύναις</span> <span class='ocrx_word' id='word_1_825' title='bbox 1722 2807 1770 2836; x_wconf 71' lang='grc' dir='ltr'>καὶ</span> <span class='ocrx_word' id='word_1_826' title='bbox 1799 2807 1927 2835; x_wconf 81' lang='grc' dir='ltr'>πίστεσιν</span> 
     </span>
    </p>
   </div>
  </div>
