2056 3113
175 161 241 193 1473

805 156 925 188 SACRA
941 155 1178 187 PARALLELA.‘

1740 160 1806 192 1474

173 215 406 252 ἀποκαθαίρονται
431 213 576 250 ἁμαρτίαι.
600 212 793 249 Καθαρθῶμεν
814 210 861 240 οὖν
886 212 964 248 ἐλεή-

1020 210 1124 245 pudiet,
1153 210 1286 239 creditam
1304 203 1458 247 ‘pe‘cq‘niam
1483 220 1535 241 suo
1549 217 1673 249 tempore
1687 215 1810 244 redditu-

175 271 282 295 σαντες.

210 399 326 431 Δυνατὺς
347 395 382 434 ἦν
407 399 422 425 6
450 398 545 434 Πατὴρ
570 397 684 433 ποιῆσαι
714 396 817 432 μηδένα
839 395 963 430 πένητα·

173 447 231 474 ἀλλ’
247 447 271 474 ει
284 447 314 473 τὸ
332 446 454 472 εὐποιεῖν
475 445 648 480 περιῃρεῖτο,
671 445 846 479 συμπάσχειν
874 442 963 473 οὐδεὶς

174 493 251 528 ἠξίου
269 492 317 520 νῦν
331 492 455 527 άλλήλων
467 491 560 518 ἕνεκα.
577 491 633 518 Καὶ
643 489 828 525 εὐποροῦμεν,
843 489 889 516 καὶ
901 489 965 516 ἀπο-

175 538 288 574 ροῦμεν,
307 537 351 565 ἵνα
363 537 447 569 τόπος
459 535 605 572 γενώμεθα
619 537 652 572 τῇ
668 535 788 571 εὐποιῖᾳ.

210 673 262 700 Τὺν
277 671 399 699 ἐναντίον
413 671 470 702 τοῖς
482 669 574 701 ἄλλοις
584 668 740 705 ἀνθρώποις
756 667 863 703 σεαυτῷ
878 666 966 694 κατά-

175 718 252 751 λεξον
267 717 393 753 στρατὸν,
411 716 521 749 ἄοπλον,
537 716 688 750 ἀπόλεμον,
703 714 884 748 ἀναίμακτον,
900 712 964 748 ἀόρ-

176 773 272 800 γητον,
285 764 416 798 ἀμίαντον
425 771 432 778 ·
447 762 580 798 γέροντας
597 760 746 793 θεοσεϐεῖς,
758 760 895 795 ὀρφανοὺς
908 758 966 786 θεο-

178 810 277 846 φιλεῖς,
293 810 382 846 χήρας
397 808 533 845 πραότητι
550 807 740 842 ὡπλισμένας,
755 806 856 841 ἄνδρας
870 805 967 842 ἀγάπῃ

176 856 413 892 κεκοσμημένους.
439 854 583 886 Τοιούτους
604 854 704 889 κτῆσαι
731 852 770 889 τῷ
786 851 825 887 σῷ
846 851 965 886 πλούτῳ,

176 904 224 930 καὶ
238 902 277 938 τῷ
297 902 416 938 σώματι,
432 901 480 929 καὶ
495 902 528 937 τῇ
543 900 617 936 ψυχῇ
631 899 810 935 δορυφόρους,
827 895 864 926 ὧν
881 906 966 934 στρα-

175 949 256 986 τηγεῖ
268 948 283 975 6
299 948 378 980 Θεός.

218 1050 386 1086 Ἐλεήμονας
404 1045 476 1076 εῖναι
500 1048 636 1084 βούλεται,
658 1048 689 1075 οὐ
712 1047 793 1083 μόνον
815 1047 879 1079 τοὺς
894 1046 968 1073 ἔλεον

177 1096 335 1129 ποιοῦντας,
349 1094 420 1123 ἀλλὰ
435 1094 483 1121 καὶ
497 1094 562 1126 τοὺς
575 1094 704 1125 Θέλοντας
719 1093 850 1126 εὐποιεῖν,
863 1092 915 1120 κᾶν
931 1091 969 1128 μὴ

176 1143 321 1174 δύνωνται,
334 1139 375 1173 οἷς
395 1141 467 1169 κατὰ
481 1140 643 1177 προαίρεσιν
658 1139 689 1166 τὸ
704 1140 826 1175 ἐνεργεῖν
840 1138 968 1173 πάρεστι.

177 1190 235 1225 Τῆς
256 1189 342 1224 αὐτῆς
363 1185 409 1214 οὖν
434 1187 576 1223 μεθέξουσι
599 1187 684 1222 τιμῆς
697 1187 754 1218 τοῖς
775 1186 929 1221 δυνηθεῖσιν
943 1185 968 1212 ot

178 1236 348 1271 βουλόμενοι,
365 1232 402 1262 ὧν
419 1236 436 1270 ὴ
453 1234 615 1270 προαίρεσις
630 1234 686 1269 ῐση,
703 1233 755 1260 κᾶν
769 1231 970 1260 πλεονεκτῶσιν

177 1282 267 1318 ἕτεροι
283 1283 316 1317 τῇ
337 1281 493 1317 περιουσίᾳ.
509 1296 544 1301 —-
565 1279 769 1314 Ἐλεημοσύνας
784 1279 826 1306 δεῖ
841 1279 939 1310 ποιεῖν,
955 1279 969 1304 6

177 1328 258 1361 λόγος
275 1327 369 1363 φησὶν,
387 1327 458 1354 ἀλλὰ
478 1326 548 1361 μετὰ
570 1326 700 1362 κρίσεως,
722 1325 771 1352 καὶ
788 1325 846 1356 τοῖς
869 1323 968 1356 ἀξίοις.

177 1373 234 1400 Καὶ
248 1372 344 1408 ὥσπερ
361 1373 375 1399 ό
398 1372 521 1408 γεωργὸς
544 1371 653 1408 σπείρει
677 1371 728 1398 οὐκ
750 1371 791 1402 είς
804 1370 899 1402 ἁπλῶς
919 1370 969 1406 τὴν

177 1419 240 1454 γῆν,
256 1419 316 1446 ἀλλ’
341 1419 381 1451 είς
401 1418 521 1454 ἀγαθὴν,
539 1418 584 1446 ἵνα
604 1417 678 1453 αὑτῷ
702 1417 828 1453 καρποὺς
854 1416 968 1452 κομίσῃ,

177 1463 250 1491 οὕτω
261 1464 302 1491 δεῖ
313 1464 437 1500 σπείρειν
450 1465 501 1500 τὴν
520 1464 646 1491 εὐποιίαν
659 1463 700 1494 είς
714 1463 815 1498 χήρας,
832 1462 873 1494 είς
885 1462 969 1497 ὀρφα-

178 1511 251 1543 νοὺς,
279 1511 320 1543 εἰς
345 1510 409 1542 τοὺς
435 1510 647 1545 ἀπεριστάτους,
667 1509 712 1536 ἵνα
737 1509 787 1543 τῆς
810 1508 857 1535 ἀπ’
877 1508 969 1535 αὐτῶν

179 1555 333 1590 εὐκαρπίας
347 1554 393 1581 διὰ
407 1554 464 1582 τῶν
479 1555 566 1589 εὐχῶν
583 1554 735 1594 ἐπιτύχῃς..

1016 256 1099 282 rum?
1115 255 1308 292 Eleemosynis
1335 262 1363 285 et
1378 258 1432 286 ﬁde
1445 264 1600 295 purgantur
1614 265 1740 296 peccata.
1757 262 1809 291 De-

1016 308 1079 329 mus
1104 301 1191 337 igitur
1228 310 1342 338 operam
1371 307 1402 331 ut
1430 305 1623 335 misericordia
1651 313 1809 338 contractas

1015 346 1094 375 labes
1117 348 1256 376 eluamus.

1051 393 1081 421 S.
1096 393 1180 423 Clem.
1198 394 1277 422 Alex.
1295 396 1453 425 —Poterat
1475 397 1587 433 quidem
1613 408 1741 429 summus
1763 401 1809 430 ille

1016 438 1123 468 Parens
1138 440 1231 469 facere
1248 445 1280 469 ut
1292 450 1374 470 nemo
1387 451 1493 479 pauper
1507 449 1582 473 esset
1597 454 1603 473 :
1617 451 1645 474 at
1660 448 1683 475 si
1693 448 1809 483 praecisa

1015 490 1090 513 esset
1116 486 1273 521 opitulandi
1306 488 1438 522 facultas,
1470 491 1568 520 nullus
1592 500 1668 520 nunc
1691 494 1809 521 alterius

1015 532 1174 561 calamitate
1192 537 1364 569 tangeretur.
1392 535 1529 569 Quocirca
1551 538 1654 573 partim
1671 539 1810 567 aﬁluimus

1015 578 1127 613 opibus,
1154 580 1257 614 partim
1274 579 1431 617 indigentes
1445 590 1554 616 sumus,
1576 588 1607 611 ut
1622 584 1810 614 beneﬁcentia:

1016 625 1099 653 locus‘
1113 625 1161 653 sit.

1052 670 1136 705 Ejud.
1163 671 1230 705 Quis
1245 671 1318 699 dives
1345 673 1414 700 satv.
1426 688 1462 693 —
1476 673 1532 701 Fac
1544 679 1643 702 contra
1659 679 1743 712 atque
1761 677 1808 704 alii

1017 718 1135 752 soleant,
1164 719 1320 747 exercitum
1341 720 1391 747 tibi
1411 720 1471 755 ipse
1485 722 1647 754 contrahas,
1673 723 1809 751 inermem

1017 765 1141 798 scilicet,
1172 766 1324 799 imbellem,
1351 766 1540 801 incruentum,
1569 768 1604 795 ab
1622 768 1664 796 ira
1680 769 1811 801 alienum,

1016 816 1157 846 expertem
1191 812 1337 845 sordium;
1372 820 1455 841 senes
1487 813 1560 848 pios,
1591 815 1734 850 orphanos
1763 815 1811 843 Dei

1018 861 1157 890 amantes,
1185 858 1284 886 viduas
1299 858 1422 886 lenitatis
1438 860 1525 887 armis
1551 861 1717 894 instructas,
1736 861 1812 889 viros

1019 904 1155 932 charitate
1175 904 1335 933 adornatos.
1367 905 1435 939 Hos,
1455 906 1584 942 inquam,
1614 907 1716 942 opibus
1742 908 1800 936 tuis

1021 955 1079 978 tum
1112 951 1249 986 corporis,
1266 955 1323 979 tum
1341 952 1425 980 animi
1445 953 1580 982 satellites
1603 954 1726 990 acquire,
1742 962 1812 990 quo-

1019 1002 1081 1022 rum
1098 994 1153 1022 dux
1170 999 1197 1022 et
1217 995 1369 1031 imperator
1388 996 1461 1026 Deus
1479 1002 1533 1025 est.

1051 1051 1150 1086 Ejusd.
1180 1052 1226 1080 lib.
1259 1061 1288 1081 ιν
1316 1046 1495 1082 Struma:
1517 1053 1714 1085 Misericordes
1746 1065 1811 1086 esse

1018 1097 1091 1126 Deus
1111 1098 1182 1132 vult,
1198 1106 1254 1126 non
1271 1107 1321 1127 eos
1340 1103 1449 1128 tantum
1472 1101 1520 1136 qui
1537 1102 1737 1131 misericordiae
1752 1111 1813 1131 mn-

1019 1143 1134 1171 neribus
1163 1143 1330 1179 fungantur,
1349 1145 1398 1173 sed
1426 1153 1473 1174 eos
1500 1146 1583 1174 etiam
1608 1147 1656 1181 qui
1676 1148 1748 1176 bene
1779 1149 1813 1177 de

1019 1189 1081 1216 aliis
1112 1190 1213 1217 mereri
1245 1191 1386 1224 studeant,
1413 1192 1522 1220 tametsi
1552 1192 1581 1220 id
1604 1197 1738 1228 prastare
1764 1202 1814 1223 nc-

1019 1239 1137 1270 queant;
1153 1237 1199 1272 qui
1211 1237 1320 1271 saltem,
1336 1241 1468 1273 quantum
1481 1239 1515 1266 ad
1526 1239 1713 1268 inductionem
1728 1241 1814 1268 animi

1019 1282 1128 1315 attinet,
1147 1283 1238 1318 ipsum
1258 1291 1330 1319 opus
1346 1289 1543 1320 exsequantur.
1567 1285 1699 1321 Ejusdem
1717 1287 1814 1323 itaque

1019 1328 1134 1356 honoris
1161 1329 1211 1364 qui
1228 1330 1368 1357 voluerint
1391 1331 1543 1366 participes
1569 1336 1662 1364 erunt.
1680 1340 1734 1368 quo
1767 1334 1815 1369 qui

1019 1375 1159 1409 potuerint
1173 1383 1180 1409 ;
1198 1375 1250 1408 illi,
1266 1376 1392 1411 inquam,
1409 1383 1528 1411 quorum
1546 1384 1596 1412 par
1612 1378 1742 1406 voluntas
1754 1378 1816 1407 fue-

1019 1420 1066 1453 rit,
1083 1421 1135 1448 etsi
1153 1421 1255 1456 opibus
1268 1421 1315 1448 alii
1341 1421 1501 1457 superiores
1518 1427 1594 1450 sunt.
1609 1422 1816 1459 ——Eleemosy-

1019 1473 1070 1493 nas
1100 1466 1210 1501 quidem
1236 1466 1378 1494 faciendas
1397 1475 1460 1495 esse
1487 1466 1631 1503 Scriptura
1648 1469 1740 1502 docet,
1766 1470 1816 1498 sed

1020 1518 1083 1538 cum
1106 1511 1221 1545 judicio,
1238 1516 1322 1546 atque
1341 1512 1375 1539 iis
1391 1512 1439 1547 qui
1455 1513 1532 1547 digni
1544 1513 1656 1540 fuerint.
1673 1513 1706 1541 Et
1719 1523 1817 1550 quem-

985 1554 1007 1583 C
1026 1555 1174 1584 admodum
1203 1557 1327 1591 agricola
1351 1564 1408 1584 non
1424 1564 1534 1586 omnem
1547 1559 1708 1594 promiscue
1720 1567 1816 1596 agrum

178 1597 277 1634 serit,-
290 1601 338 1630 sed
364 1601 468 1629 bonum
490 1605 518 1628 et
538 1600 667 1634 feracem,
688 1603 719 1627 ut
744 1607 779 1628 ex
797 1607 831 1627 eo
857 1599 968 1629 fruetus
983 1601 1119 1637 percipiat
1134 1609 1141 1628 :
1156 1600 1253 1628 eodem
1285 1600 1367 1627 modo
1396 1602 1544 1629 serendum
1576 1602 1740 1630 beneficium
1775 1609 1818 1632 est

179 1649 207 1676 in
223 1647 333 1680 viduas,
349 1647 376 1674 in
395 1646 526 1682 pupillos,
541 1646 569 1674 in
590 1646 787 1680 calamitosos;
806 1649 837 1674 ut
848 1654 896 1682 per
910 1654 1007 1675 eorum
1020 1648 1163 1675 orationes
1183 1647 1304 1675 fructum
1330 1647 1443 1675 uberem
1466 1655 1499 1676 ex
1517 1648 1586 1684 ipsis
1602 1656 1816 1685 consequamur.

221 1705 266 1733 Ἐν
281 1703 304 1740 ᾧ
318 1706 351 1733 άν
365 1714 407 1738 τις
423 1705 535 1732 δύναται
553 1705 675 1732 εὐποιεῖν
686 1704 726 1740 τῷ
740 1704 865 1740 πλησίον,
882 1705 916 1740 ἢν
932 1705 969 1742 μὴ

181 1754 257 1788 ποιῇ,
276 1752 418 1787 ἀλλότριος
434 1751 484 1787 τῆς
508 1751 621 1787 ἀγάπης
645 1751 693 1778 τοῦ
712 1751 818 1786 Κυρίου
840 1750 972 1787 νομισθή-

181 1808 271 1826 σεται.

215 1845 269 1872 Τοῦ
294 1844 380 1872 ὲλεεῖν
404 1844 452 1872 καὶ
473 1844 639 1880 εὐεργετεῖν,
659 1844 722 1871 οὔτε
749 1843 969 1880 προτιμώτερον,

181 1891 243 1919 οὔτε
271 1890 528 1926 φιλανθρωπότερὼ
545 1891 620 1918 ἐστιν
638 1891 705 1926 ἡμῖν
730 1899 757 1917 τι
785 1890 891 1926 ἕτερον,
907 1890 970 1917 ἐπεὶ

183 1938 251 1973 μηδὲ
263 1937 303 1973 τῷ
317 1937 388 1973 Θεῷ.

217 1984 361 2019 Μακάριόν
389 1985 464 2010 ἐστιν
478 1983 598 2019 ἀληθῶς,
622 1984 663 2015 είς
687 1983 778 2010 πάντα
798 1983 907 2019 πτωχὸν
924 1983 972 2011 καὶ

182 2031 286 2066 πένητα
300 2029 430 2062 συνιέναι,
447 2030 492 2056 ἵνα
508 2038 551 2062 τις
565 2030 637 2057 κατὰ
661 2029 770 2057 σύνεσιν
789 2029 824 2057 τά
841 2031 892 2065 τῆς
914 2038 972 2056 κοι-

182 2077 281 2109 νωνίας
297 2076 398 2112 πτωχῷ
413 2077 462 2104 καὶ
482 2077 580 2112 πένητι
603 2077 765 2112 ποιήσηται,
792 2076 904 2112 μείζονα
924 2076 973 2103 καὶ

184 2123 393 2158 σπουδαιότερον
414 2123 465 2158 τὴν
490 2123 652 2158 ἐπιμέλειαν
669 2122 835 2158 ποιούμενος
852 2123 894 2154 εἰς
908 2122 972 2154 τοὺς

1061 1705 1091 1732 S.
1109 1704 1219 1737 Irenwi,
1237 1712 1270 1731 ex
1300 1704 1423 1739 Epistola
1437 1704 1473 1732 ad
1491 1704 1559 1733 Vict.
1571 1721 1603 1728 —-
1618 1706 1648 1734 ln
1665 1714 1722 1742 quo
1737 1708 1816 1742 quis-

1024 1752 1097 1786 piam
1126 1751 1196 1779 bene
1225 1750 1259 1778 de
1271 1751 1399 1785 proximo
1426 1751 1554 1779 misereri
1576 1756 1680 1787 potest,
1713 1754 1768 1782 nisi
1790 1755 1818 1782 id

1024 1801 1145 1832 praestet,
1164 1796 1272 1824 alienus
1288 1804 1303 1823 a
1317 1796 1364 1824 Dei
1376 1796 1524 1824 dilectione
1537 1798 1707 1825 censebitur;

1059 1843 1089 1870 S.
1118 1842 1232 1878 Dianys.
1249 1843 1325 1870 Alex.
1342 1858 1377 1863 —
1389 1841 1462 1870 Nihil
1476 1844 1655 1878 praestantius
1680 1849 1734 1877 est,
1747 1845 1817 1873 nihil

1023 1880 1184 1922 humanius,
1201 1896 1284 1924 quam
1301 1888 1428 1917 misereri
1443 1892 1470 1916 et
1488 1889 1652 1927 benefacere
1669 1898 1675 1917 :
1691 1891 1818 1926 quando-

1020 1935 1132 1971 quidem
1148 1942 1199 1962 nec
1212 1935 1364 1970 quidquam
1384 1934 1438 1962 Deo
1447 1941 1479 1962 ea
1498 1943 1529 1963 re
1547 1936 1639 1970 potius
1656 1940 1709 1964 est.

1054 1981 1135 2017 5.81
1151 1980 1272 2015 Didymi.
1287 1995 1323 2000 —
1335 1981 1447 2008 Beatum
1466 1988 1534 2009 sane
1548 1986 1590 2009 est
1604 1990 1688 2017 super
1705 1990 1817 2011 omnem

1019 2034 1136 2063 egenum
1149 2030 1177 2054 et
1191 2033 1340 2061 pauperem
1354 2027 1510 2062 intelligere
1521 2047 1528 2059 ,
1544 2035 1600 2062 quo
1616 2028 1680 2063 quis
1693 2028 1818 2064 pruden-

1021 2079 1063 2102 ter
1080 2081 1167 2109 egeno
1182 2077 1210 2101 et
1231 2073 1337 2109 pupillo
1358 2073 1476 2107 tribuat,
1503 2074 1610 2109 majore
1636 2074 1766 2103 videlicet
1792 2080 1820 2103 et

1021 2120 1191 2156 diligentiori
1208 2127 1277 2147 cura
1298 2119 1353 2147 illis
1373 2119 1548 2155 prospiciens
1579 2121 1627 2155 qui
1643 2120 1754 2149 virtutis
1772 2127 1821 2149 aut

182 2169 216 2196 δι’
241 2169 343 2205 ἀρετὴν
364 2168 381 2204 ἦ
402 2169 559 2196 θεοσέϐειαν
575 2168 790 2204 πτωχεὺσαντας
814 2168 831 2204 ἢ
855 2168 970 2204 πενομέ-

1026 2166 1171 2201 religionis
1190 2173 1274 2194 causa
1287 2165 1315 2192 in
1334 2169 1528 2201 paupertatem
1545 2167 1726 2201 penuriamve
1751 2167 1820 2195 inei-

184 2223 246 2247 vou;
256 2223 262 2232 '
279 2215 366 2247 ἄλλως
377 2215 417 2247 εἰς
429 2216 491 2247 τοὺς
507 2216 539 2241 ὲκ
551 2215 636 2242 νόσων
649 2215 665 2251 ἢ
679 2215 892 2250 συμπτωμάτων
905 2215 974 2241 ἀπο-

186 2260 311 2296 ροῦντας,
322 2261 398 2296 παρὰ
411 2261 474 2292 τοὺς
488 2261 520 2288 ἐκ
533 2260 726 2296 κακοπραγίας
737 2260 753 2296 ἢ
769 2260 887 2292 ἀσωτίας
902 2268 975 2286 πτω-

185 2315 346 2342 χευσαντας.

221 2353 302 2385 Ξένος
318 2353 367 2379 καὶ
386 2352 470 2388 πένης
492 2352 560 2379 Θεοῦ
583 2351 745 2388 κωλλύριον.
767 2352 796 2378 '0
826 2351 974 2387 δεξάμενος

187 2399 296 2432 αὐτοὺς,
312 2399 421 2434 ταχέως
446 2397 603 2433 ἀναϐλέψει.
619 2414 654 2418 -
673 2399 739 2425 Λεία
754 2399 813 2430 ὁδὸς
829 2398 881 2425 ὑπὸ
896 2399 975 2434 ὲλεη-

189 2446 310 2480 μοσύνης
321 2445 439 2479 γίνεται.

222 2534 284 2563 Οἵδε
299 2535 450 2571 τρέφεσθαι
463 2537 477 2562 ό
490 2535 628 2571 Δεσπότης
641 2535 696 2562 τῶν
717 2534 785 2562 ὅλων
800 2535 845 2562 διὰ
861 2530 976 2570 μεταδόὲ

189 2591 259 2614 σεως
272 2582 323 2618 τῆς
338 2582 407 2617 πρὸς
416 2582 480 2614 τοὺς
495 2577 717 2617 εὐποιουμένους.
726 2581 875 2617 -Ἶὶνπερ
889 2583 976 2614 ποιεῖς

189 2627 350 2663 εὐεργεσίαν
363 2627 606 2663 ὲλεημοσύνηςείς
627 2627 730 2660 πάντας
741 2628 805 2660 τοὺς
820 2627 975 2663 δεομένους,

188 2674 203 2700 ό
216 2673 335 2708 Χριστὸς
350 2674 550 2709 σφετερίζεται.
565 2674 736 2701 Πεπείνακα
748 2674 813 2709 γὰρ,
829 2674 908 2709 φησὶ,
926 2674 976 2702 καὶ

189 2718 338 2747 δεδώκατέ
348 2728 400 2754 μοι
425 2720 548 2754 φαγεῖν-⁸
564 2719 708 2755 ἐδίψησα,
726 2719 778 2747 καὶ
796 2719 978 2747 πεποτίκατέ

186 2775 235 2801 με.
840 2794 843 2795 ,

226 2813 347 2840 Πλούτου
362 2812 392 2840 τὺ
409 2812 508 2844 κάλλος
528 2813 579 2840 οὑκ
595 2813 625 2839 ὲν
638 2811 802 2854 βαλαντίοις,
823 2812 881 2840 ἀλλ’
901 2813 930 2840 ὲν
943 2814 976 2849 τῇ

190 2869 244 2889 των
264 2860 421 2897 χρῃζόντιον
440 2860 595 2896 ἐπικουρίᾳ.

1027 2211 1146 2243 derunt.
1166 2214 1213 2238 aut
1229 2211 1311 2238 etiam
1328 2210 1357 2237 in
1383 2217 1431 2238 eos
1458 2218 1530 2245 quos
1560 2211 1649 2238 morbi
1671 2211 1716 2239 vel
1738 2218 1821 2240 casus

1028 2257 1114 2292 aliqui
1136 2257 1163 2284 in
1179 2261 1331 2292 egestatem
1348 2255 1545 2291 conjecerunt,
1565 2264 1647 2292 quam
1663 2257 1692 2284 in
1709 2264 1758 2285 eos
1773 2259 1821 2293 qui

1028 2304 1064 2332 ob
1082 2303 1185 2339 ﬂagitia
1198 2303 1242 2330 vel
1259 2302 1392 2338 profusos
1408 2307 1535 2338 sumptus
1549 2304 1628 2338 egeni
1644 2303 1708 2331 facti
1725 2307 1802 2331 sunt.

1064 2349 1229 2386 Evagrii.—
1239 2348 1344 2384 Hospes
1359 2353 1386 2376 et
1401 2357 1505 2384 egenus
1521 2349 1666 2385 collyrium
1682 2349 1729 2377 Dei
1744 2353 1819 2377 sunt.

1029 2394 1080 2428 Qui
1096 2402 1145 2422 eos
1163 2395 1321 2430 exceperit,
1337 2394 1483 2422 oculorum
1503 2395 1650 2423 confestim
1672 2402 1753 2423 usum
1778 2402 1820 2423 re—

1029 2441 1185 2477 cuperabit.
1201 2455 1238 2461 -α
1250 2439 1364 2468 Plenam
1379 2444 1406 2468 et
1424 2439 1534 2468 facilem
1551 2439 1624 2467 viam
1642 2441 1732 2467 munit
1747 2440 1820 2468 elec-

1029 2495 1156 2524 mosyna.

1066 2534 1096 2562 S.
1116 2532 1342 2561 Nat—lterum
1359 2532 1482 2560 omnium
1500 2531 1635 2560 Dominus
1652 2531 1689 2559 ita
1709 2531 1819 2559 demum

1031 2588 1045 2607 a
1061 2584 1088 2607 te
1103 2580 1198 2611 alitur,
1212 2586 1275 2607 cum
1290 2578 1396 2614 aliquid
1414 2578 1442 2605 in
1459 2584 1595 2613 pauperes
1610 2576 1722 2605 confers
1737 2577 1818 2604 bene-

1031 2626 1097 2653 tlcii.
1110 2625 1292 2660 —Quidquid
1308 2624 1435 2652 beneﬁcii
1451 2628 1478 2652 et
1493 2624 1676 2659 eleemosynae
1690 2623 1820 2658 pauperi-

1030 2671 1082 2699 bus
1107 2671 1251 2707 impertis,
1270 2670 1297 2698 id
1324 2670 1455 2699 Christus
1478 2670 1531 2697 sibi
1558 2670 1691 2699 vindieat.
1714 2668 1820 2696 Esurivi

1030 2718 1105 2745 enim
1121 2738 1128 2750 ,
1147 2717 1254 2752 inquit.
1273 2722 1297 2744 et
1316 2717 1426 2744 dedistis
1444 2716 1509 2744 mihi
1526 2716 1688 2744 manducare
1706 2723 1716 2743 :
1730 2715 1818 2748 silici,

1030 2769 1055 2792 et
1073 2764 1185 2792 dedistis
1202 2764 1267 2791 mihi
1283 2763 1369 2791 bibere
1385 2762 1505 2798 (Matth.
1526 2771 1592 2796 xxv,
1610 2763 1645 2791 '55
1657 2763 1678 2797 ).

1068 2809 1205 2837 Philonis.
1226 2823 1263 2830 --
1292 2809 1453 2837 Divitiarum
1483 2808 1680 2844 pulchritudo,
1710 2815 1764 2835 non
1792 2807 1820 2835 in

1032 2855 1192 2889 crumenis,
1217 2854 1264 2883 sed
1290 2855 1317 2883 in
1331 2854 1500 2883 sublevanda
1523 2861 1676 2890 pauperum
1700 2857 1822 2889 egestate

1033 2901 1088 2930 sita
1104 2905 1156 2930 est.
