2056 3113
295 143 363 176 1475

888 145 918 174 S.
938 145 1098 175 JOANNIS
1128 146 1345 176 DAMASCENI

1863 142 1942 174 “76

292 203 362 230 'l'l'l‘.
385 202 430 228 IX.
444 216 477 222 —-
490 201 527 228 De
540 202 574 228 iis
587 202 632 236 qui
645 202 828 237 eloemosytms
844 204 951 230 minime
964 204 1068 238 faciunt

1139 205 1231 232 TITA.
1253 205 1290 231 Θ.
1310 219 1343 224 —
1357 203 1426 237 Περὶ
1442 203 1500 230 τῶν
1517 202 1730 237 ἐλεημοσύνην
1749 201 1791 235 μὴ
1808 203 1943 238 ποιούν-

329 237 374 264 sed
398 238 559 268 tenuitate,
584 242 608 263 et
629 237 766 271 avaritia,
788 244 813 266 et
835 240 954 273 pacuniw
969 248 1000 266 ac
1017 240 1086 266 divi-

331 274 429 300 tiarum
446 272 593 306 cupiditate
605 273 740 300 laborant.

326 341 376 369 Job
393 350 440 373 III,
458 342 501 369 16.
515 357 549 362 -
564 351 572 366 ι
589 342 688 377 lnjusti
706 350 737 370 os
755 343 934 370 obstructunt
948 349 1000 371 est.
1018 343 1085 377 Quae

290 389 330 416 illi
346 393 543 420 messuerunt,
567 388 637 423 justi
666 389 830 417 comedent:
860 389 914 425 ipsi
937 394 1028 418 autent
1052 398 1084 418 ex

288 434 372 461 malis
386 441 441 461 ιιοιι
457 433 620 469 eripientur.
635 443 644 460 ι

324 479 375 508 Job
389 488 465 512 xxtv,
481 481 498 506 Ξ
509 500 515 512 ,
535 481 562 507 5.
578 495 613 501 --
628 489 637 506 ι
653 480 730 515 lmpii
746 481 895 508 terminum
914 482 1086 516 transgressi

290 530 369 552 sunt.
389 525 507 561 Gregelu
528 533 591 553 cum
612 529 726 561 pastore
743 526 906 561 diripientes
928 527 1060 554 abierunt
1077 536 1083 553 ε

289 572 444 606 iumentum
465 573 636 607 pupillorum
658 572 812 608 abegerunt
824 593 830 604 ,
846 577 873 600 et
888 573 984 600 bovem
998 573 1087 600 viduae

290 617 563 652 oppigneraverunt.
579 618 750 645 Averterunt
765 618 932 653 impotentes
949 625 963 644 a
981 612 1024 646 via
1040 618 1086 653 ju-

290 668 343 691 sta.
359 662 530 690 Uuanimiter
541 663 787 692 circumdederunt
799 670 961 692 mansuetos
974 668 1083 692 terrae.»

326 708 378 735 Job
397 716 433 742 Iv,
449 709 476 736 8.
492 724 528 728 —
544 719 553 735 ι
569 709 622 742 Qui
641 717 703 737 cum
725 710 846 744 pessima
867 711 1083 743 setninaverint,

289 754 400 782 dolores
425 759 528 782 metent
554 756 626 789 sibi,
651 756 784 783 mandato
810 757 859 783 Dei
885 757 1038 791 peribunt,
1058 760 1085 784 et

291 801 394 835 spiritu
413 800 460 827 ine
475 801 538 835 ejus
553 801 824 829 exterminabuntur.
842 812 851 827 ι

321 845 372 873 Job
390 855 435 879 xI,
452 847 495 874 Η.
508 863 544 868 -
559 856 569 873 ‹
586 848 647 882 Ipse
673 849 748 875 novit
773 855 857 883 opera
873 848 1021 883 impiorum
1033 869 1040 880 ,
1058 853 1085 876 et

289 891 385 920 videns
403 893 559 920 indecentia
572 913 579 924 ,
597 901 651 920 non
670 893 868 921 dissimulabit.
889 903 899 919 ι

322 938 374 966 Job
392 946 486 971 xxxiv,
504 940 550 966 22.
563 955 597 959 ——
612 949 621 965 ι
635 939 696 967 Νοιι
712 944 754 967 est
769 940 846 969 locus
862 945 892 968 ut
908 940 1084 969 abscondan-

289 988 336 1011 tur
355 983 488 1011 facientes
504 984 610 1019 iniqua.
631 993 641 1010 ι

321 1029 373 1057 Job
389 1038 441 1062 xx.
461 1030 554 1057 18-20.
573 1044 602 1049 -
618 1039 627 1056 ι
645 1030 674 1058 1η
692 1039 761 1058 vana
783 1036 810 1058 et
830 1032 923 1059 inania
943 1032 1081 1060 laboravit

288 1075 419 1108 divitias,
435 1075 470 1103 de
482 1076 584 1110 quibus
600 1083 654 1103 non
673 1077 973 1112 gustabit,Mnltorum
993 1078 1083 1114 impo-

289 1126 394 1149 tentum
412 1122 511 1149 domos
526 1122 674 1157 confregit.
697 1122 892 1151 liabitaeulum
914 1125 1084 1159 pupillorum

288 1168 397 1203 rapuit,
415 1176 465 1196 nec
483 1169 662 1196 instauravit.
676 1169 736 1197 Non
752 1174 795 1197 est
812 1171 889 1198 salus
906 1171 1084 1199 facultatibus

286 1214 367 1248 ejus:
389 1214 415 1241 in
432 1214 574 1242 desiderio
593 1223 644 1242 suo
664 1223 719 1243 non
739 1217 904 1244 salvabitur.
921 1216 982 1245 Noti
1000 1217 1082 1246 ﬂore-

288 1260 354 1287 bunt
373 1261 435 1295 ejus
452 1260 533 1288 bona.
553 1261 622 1289 Cum
641 1262 782 1296 putaverit
799 1269 829 1290 se
846 1263 981 1297 repletum
1002 1271 1082 1296 esse,

287 1307 497 1343 rxstinguetur.
512 1306 610 1335 Omnis
623 1312 714 1335 autem
728 1309 881 1336 necessitas
895 1317 979 1344 super
991 1310 1081 1345 ipsum

287 1352 388 1380 veniet.
405 1362 414 1378 ι
432 1367 467 1371 ——
486 1362 495 1378 ι
512 1353 584 1380 Cave
600 1361 633 1380 ne
649 1353 735 1382 facias
751 1354 863 1389 injusta.
879 1364 889 1380 ι

321 1397 372 1425 Job
388 1405 466 1430 xxII,
484 1398 517 1431 6,
536 1398 564 1425 7.
577 1407 635 1424 -‹
655 1398 759 1434 Pignus
777 1401 865 1428 tulisti
884 1400 1002 1428 fratrum
1022 1406 1082 1429 tuo-

287 1451 348 1470 rum
373 1444 433 1471 sine
459 1451 567 1470 causa:
592 1444 788 1472 vestimentum
815 1450 910 1473 autem
940 1447 1081 1474 nudorum

287 1490 435 1517 abstulisti.
454 1489 550 1524 Neque
567 1497 638 1524 aqua
654 1491 785 1520 sitientes
802 1493 906 1528 potasti
925 1501 931 1520 ι
951 1493 998 1521 sed
1015 1502 1081 1522 esu-

291 1536 424 1563 rientium
442 1535 608 1564 subtraxisti
630 1537 749 1565 frustum
770 1539 860 1572 panis.
877 1538 981 1567 Viduas
1002 1540 1082 1567 dimi-

285 1581 346 1616 sisti
370 1589 473 1615 vanas,
501 1583 621 1617 pupillos
649 1587 741 1610 autem
763 1583 899 1612 amixisti.
919 1585 1006 1619 Igitur
1024 1585 1080 1613 cir-

285 1629 485 1656 cumdederunt
500 1632 526 1655 te
539 1628 649 1662 laquei,
666 1633 694 1656 et
709 1630 779 1656 nrsit
795 1634 822 1658 te
835 1630 938 1658 bellum
952 1631 1076 1667 ingens.)

319 1673 370 1700 Job
395 1681 472 1705 sxw.
496 1673 529 1705 9,
554 1673 648 1700 iO.—
664 1682 673 1699 ι
690 1672 854 1709 Rapuerunt
883 1675 1018 1710 pupillum
1045 1676 1080 1704 ab

286 1720 371 1746 ubere
388 1729 394 1746 :
411 1727 472 1746 eum
492 1723 582 1746 autem
600 1719 647 1754 qui
667 1720 828 1752 ceciderat,
849 1721 1078 1750 lmmiliaverunt.

285 1766 318 1793 Et
334 1766 422 1793 nudos
451 1765 595 1800 cjecerunt
616 1765 722 1800 injuste
743 1775 750 1793 :
776 1767 961 1794 esurientium
987 1772 1078 1795 autem

285 1813 403 1839 frustum
421 1812 501 1846 panis
517 1812 706 1839 abstulerunt.
725 1811 800 1839 Viam
817 1812 936 1848 iustitiae
949 1821 1004 1840 nou
1021 1821 1080 1840 am-

285 1859 470 1891 bulaverunt.
488 1865 539 1886 nec
567 1858 596 1885 in
615 1858 725 1886 semitis
750 1858 811 1895 ejus
834 1858 975 1893 progressi
1003 1865 1078 1895 sunt.

284 1904 352 1930 Cum
379 1904 510 1940 cognovit
537 1912 621 1940 opera
649 1912 764 1938 eorum,
791 1905 905 1933 tradidit
927 1913 976 1934 eos
992 1906 1018 1933 in
1037 1910 1079 1934 te-

284 1950 395 1977 nebras.
417 1959 425 1976 I

317 1994 368 2022 Job
386 2004 465 2028 xm,
484 1996 510 2023 5.
525 2011 560 2016 -
579 2006 587 2022 ι
607 1995 653 2024 Vae
670 1999 697 2024 et
713 1996 831 2032 perditio
849 1996 965 2031 injusto.
985 2006 995 2022 ι

316 2041 368 2068 Job
397 2049 471 2074 μιν,
499 2041 544 2068 20.
561 2056 599 2064 -—
617 2050 626 2067 α
643 2042 811 2069 Conteratur
841 2043 932 2070 omnis
959 2038 1075 2077 iniqulfs

282 2093 414 2123 tanquam
428 2087 533 2123 lignum
554 2088 719 2116 insanabile.
737 2097 747 2114 ι

316 2134 398 2170 482
417 2134 467 2161 Job
485 2142 518 2161 xx
530 2154 537 2167 ,
553 2133 579 2161 5.
595 2149 629 2154 —-
644 2143 653 2160 ι
671 2133 777 2161 Divitiae
794 2134 888 2169 inique
902 2138 1078 2169 congregata;

280 2186 426 2208 evoulentu
432 2189 454 2208 Γ.
472 2190 481 2206 ι

1094 1565 1115 1594 C

1177 249 1246 273 των,
1263 239 1345 267 ἀλ.ιὰ
1365 239 1647 269 πλεονεκτούντων,
1669 237 1719 263 καὶ
1738 238 1803 273 περὶ
1823 237 1942 272 φειδώ-

1175 278 1238 302 λων
1251 275 1542 310 φιλοπλουτούντων
1559 273 1606 300 καὶ
1620 272 1821 307 φιλαργύρων.

1179 352 1188 368 ι
1211 342 1317 369 Ἀδίκου
1342 342 1430 377 στόμα
1446 341 1582 377 ὲφράχοη.
1609 341 1643 366 Ἀ
1670 340 1769 366 ἐκεῖνοι
1791 339 1939 374 ἐθέρισαν,

1139 390 1240 417 δίκαιοι
1264 390 1384 416 ἔδονται·
1401 389 1478 415 αὐτοὶ
1498 388 1526 414 δὲ
1552 388 1585 414 ἐκ
1606 386 1699 413 κακῶν
1713 385 1764 412 οὐκ
1787 385 1941 420 ἐξαιρεθή-

1141 444 1220 463 σοντα
1224 445 1232 462 ι
1236 456 1243 462 .
1265 445 1274 461 ι

1179 491 1188 507 ι
1209 481 1334 512 Ἀσεϐεῖς
1351 480 1425 515 opm
1448 478 1636 514 ὑπερέϐησαν,
1654 478 1780 513 ποίμνιον
1798 479 1846 504 σὺν
1871 486 1942 504 ποι-

1142 528 1203 563 μένι
1219 527 1395 562 ἁρπάσαντες
1405 526 1537 561 ἀπῆλθον,
1556 524 1706 558 ὑποζύγιον
1732 524 1860 559 open.va
1875 525 1940 551 ἁπ-

1140 574 1256 608 ήγαγον,
1275 572 1339 607 βοῦν
1349 572 1435 607 χήρας
1451 570 1640 606 ὲνεχυρίασαν.
1655 570 1809 603 Ἐξέκλιναν
1823 570 1852 596 δὲ
1864 570 1940 596 ἀδυ-

1140 619 1236 650 νάτους
1258 619 1287 652 ἐξ
1310 618 1370 645 ὁδοῦ
1386 618 1505 650 δικαίας,
1528 616 1702 652 ὁμοθυμαδὸν
1724 616 1753 643 δὲ
1769 617 1940 643 ἐκύκλωσαν

1140 666 1239 701 πραεῖς
1259 665 1320 699 γῆς.
1340 674 1348 690 ι

1178 718 1186 735 ι
1202 709 1233 735 0!
1253 709 1413 744 σπείροντες
1427 708 1461 734 τὰ
1479 708 1578 739 ἄτοπα,
1595 706 1692 739 ὀδύνας
1714 708 1850 742 θεριοῦσιν
1864 708 1939 734 ἑαυ-

1138 756 1205 789 τοῖς,
1224 755 1279 782 ἀπὺ
1296 755 1509 793 προστάγματος
1525 754 1628 790 Κυρίου
1644 753 1821 786 ἀπολοῦνται,
1833 754 1888 781 ἀπὸ
1906 755 1938 781 δὲ

1139 802 1296 838 πνεύματος
1311 801 1397 838 ὀργῆς
1414 800 1498 828 αὐτοῦ
1515 799 1760 836 ἀφανισθήσονται.
1776 810 1786 827 ι

1178 858 1187 874 ι
1206 848 1293 880 Αὐτὸς·
1317 846 1389 874 οἶδεν
1412 846 1481 884 ἔργα
1507 848 1635 882 ἀνόμων·
1652 845 1714 872 ἰδὼν
1739 846 1768 872 δὲ
1790 846 1878 873 ἄτοπα
1900 847 1936 872 οὺ

1103 891 1123 918 Β
1138 893 1303 930 παρόψεται.
1322 903 1331 919 ›

1176 950 1186 966 ε
1203 941 1260 966 Οὐκ
1271 939 1330 966 ἔστι
1344 939 1428 972 τόπος
1441 939 1489 966 τοῦ
1504 938 1641 974 κρυϐῆναι
1659 938 1724 970 τοὺς
1738 937 1884 969 ποιοῦντας
1896 938 1937 965 τὰ

1136 987 1236 1022 ἄνομα.

1154 1052 1157 1053 ν
1174 1044 1183 1060 ‹
1202 1034 1250 1065 Εἰς
1265 1033 1333 1060 κενὰ
1348 1032 1395 1059 καὶ
1410 1031 1514 1065 μάταια
1524 1031 1654 1058 ἐκοπίασε
1667 1030 1792 1063 πλοῦτον,
1809 1030 1840 1063 ἐξ
1852 1026 1882 1057 οῦ
1897 1031 1932 1058 οὐ

1137 1081 1277 1116 γεύσεται.
1291 1078 1402 1106 Πολλῶν
1421 1077 1476 1113 γὰρ
1494 1077 1636 1105 ἀδυνάτων
1651 1077 1743 1109 οἴκους
1760 1077 1867 1104 ἔθλασε.
1884 1078 1935 1103 Δί-

1135 1135 1214 1153 αιταν
1228 1126 1256 1160 δὲ
1284 1124 1411 1161 ὀρφανῶν
1429 1123 1550 1158 ἥρπασε,
1578 1123 1627 1150 καὶ
1647 1124 1698 1150 οὐκ
1721 1123 1846 1159 ἔστησεν.
1870 1123 1933 1150 Οὐκ

1135 1172 1210 1199 ἔστιν
1223 1170 1306 1198 αὑτοῦ
1327 1171 1449 1206 σωτηρία
1468 1173 1524 1203 τοῖς
1541 1171 1728 1206 ὑπάρχουσινο
1745 1171 1774 1196 ὲν
1793 1169 1932 1205 ἐπιθυμίᾳ.

1135 1218 1218 1246 αὑτοῦ
1234 1219 1263 1245 οὺ
1280 1217 1446 1253 σωθήσεται.
1466 1218 1524 1244 Οὐκ
1539 1217 1651 1253 ἀνθήσει
1664 1216 1747 1244 αὑτοῦ
1765 1216 1800 1243 τὰ
1824 1215 1930 1250 ἀγαθά.

1136 1265 1222 1292 Ὅταν
1236 1264 1302 1300 δοκῇ
1326 1264 1376 1300 ἤδη
1407 1263 1619 1300 πεπληρῶσθαι,
1638 1262 1832 1298 σϐεσοήσεται,
1852 1263 1931 1289 πᾶσα

1133 1312 1162 1338 δὲ
1183 1311 1291 1346 ἀνάγκη
1307 1311 1351 1338 ἐπ’
1367 1311 1451 1338 αὑτὸν
1467 1310 1657 1338 ἐπελεύσεται.
1678 1319 1688 1336 ι
1703 1325 1738 1330 --
1763 1318 1772 1336 ι
1789 1309 1930 1336 Φυλάττου

1136 1358 1174 1393 μὴ
1189 1358 1294 1392 πρᾶξαι
1309 1357 1401 1385 ἄδικα.
1421 1367 1430 1384 ›

1172 1414 1181 1430 ‹
1200 1403 1390 1440 Ὲνεχυρίαζες
1405 1404 1469 1435 τοὺς
1490 1403 1625 1438 ἀδελφούς
1649 1412 1697 1430 σου
1715 1403 1854 1437 διακενῆς,
1869 1404 1931 1437 ἀμ-

1134 1451 1227 1485 φίασιν
1241 1451 1270 1478 δὲ
1284 1451 1400 1485 γυμνῶν
1418 1451 1530 1486 ὰφέλου.
1548 1451 1617 1477 Οὐδὲ
1632 1450 1705 1485 ὕδωρ
1718 1451 1855 1484 διψῶντας
1869 1451 1931 1477 ὲπόυ

1133 1505 1222 1528 τισας,
1243 1497 1312 1525 ἀλλὰ
1332 1496 1490 1524 πεινώντων
1506 1496 1660 1532 ἐστέρησας
1669 1496 1776 1531 ψωμόν.
1791 1496 1886 1531 Χήρας
1896 1495 1929 1522 δὲ

1134 1543 1326 1576 ἐξαπέστειλας
1341 1543 1433 1575 κενὰς,
1453 1543 1590 1579 ὀρφανοὺς
1600 1543 1628 1569 δὲ
1640 1543 1793 1574 ἑκάκωσας.
1808 1543 1929 1576 Τοιγαρ-

1132 1590 1180 1616 οῦν
1199 1590 1363 1617 ἐκύκλωσαν
1382 1599 1413 1616 σε
1437 1590 1562 1624 παγιδες,
1579 1590 1627 1617 καὶ
1652 1588 1804 1616 ἐσπούδασέ
1822 1597 1851 1615 σε
1876 1589 1928 1615 πό-

1134 1637 1218 1672 λεμος
1234 1636 1364 1670 ἐξαίσιος.
1384 1646 1393 1662 ι

1173 1692 1182 1709 ι
1200 1684 1353 1720 ἺΙρπασαν
1372 1683 1490 1720 ὀρφανὸν
1500 1684 1554 1711 ἀπὸ
1575 1683 1692 1719 μαστοῦ,
1711 1683 1878 1711 πεπτωκότα
1897 1683 1928 1710 δὲ

1133 1729 1338 1762 ἐταπείνωσαν,
1355 1731 1402 1757 καὶ
1421 1730 1544 1764 γυμνοὺς
1561 1729 1688 1762 ἐξέϐαλον
1712 1730 1831 1762 ἀδίκως,
1863 1738 1926 1756 πει-

1132 1776 1241 1802 νώντων
1257 1775 1285 1801 δὲ
1300 1776 1346 1802 τὸν
1368 1775 1466 1811 ψωμὸν
1481 1775 1636 1809 ἀφείλαντο.
1656 1775 1729 1802 Ὀδὸν
1749 1774 1926 1811 δικαιοσύνης

1133 1822 1181 1856 οὐχ
1202 1821 1340 1853 ὥδευσαν,
1357 1822 1418 1849 οὐδὲ
1443 1822 1585 1858 ἀτραποὺς
1611 1822 1697 1856 αὐτῆς
1720 1821 1925 1857 ἐπορεύθησαν.

1133 1869 1217 1900 Γνοὺς
1242 1868 1271 1896 δὲ
1299 1868 1390 1896 αὐτῶν
1415 1868 1450 1895 τὰ
1473 1868 1554 1904 ἔργα,
1579 1868 1738 1904 παρέδωκεν
1762 1868 1862 1900 αὐτοὺς
1886 1869 1928 1900 εἷς

1134 1914 1240 1946 σκότος.
1259 1924 1268 1940 υ

1170 2013 1179 2030 ε
1194 2003 1262 2031 Οὐαὶ
1276 2003 1323 2030 καὶ
1336 2002 1461 2029 ἀπώλεια
1477 2001 1515 2037 τῷ
1529 2002 1623 2038 ἀδίκῳ.
1639 2011 1648 2028 ι

1172 2057 1180 2074 ι
1200 2048 1363 2083 Συντριὸείη
1382 2048 1437 2080 πᾶς
1453 2048 1545 2079 ἄδικος
1561 2048 1607 2074 ἴσα
1621 2047 1692 2082 ξύλῳ
1711 2046 1824 2082 ἁνιάτῳ.
1843 2056 1852 2072 ι

1170 2146 1179 2162 ι
1200 2135 1316 2168 Πλοῦτος
1328 2135 1428 2168 ἀδίκως
1444 2136 1630 2172 συναγόμενος
1653 2135 1865 2172 ὲξεμεθήσεται.
1879 2146 1886 2161 ν

315 2226 366 2253 Job
388 2234 480 2258 xxvn,
502 2226 553 2259 l6,
574 2213 669 2253 Πξ-
689 2235 698 2252 ‹
717 2225 747 2253 Si
768 2225 978 2260 congregaverit
999 2225 1074 2253 sicut

1170 2236 1179 2252 ι
1203 2226 1266 2253 Ἐὰν
1295 2227 1436 2262 συναγάγῃ
1460 2226 1555 2263 ὥσπερ
1578 2227 1630 2261 γῆν
1649 2227 1793 2262 ἀργύριον,
1822 2226 1868 2253 ἴσα
1899 2227 1929 2253 δὲ

281 2274 395 2301 Ιιιιιιιιιιιι
423 2279 584 2308 argentum,
614 2282 646 2302 ac
671 2275 744 2302 sicut
767 2273 855 2301 lutum
876 2281 975 2301 aurum
1007 2281 1077 2309 pra:-

278 2318 427 2353 paraverit.
445 2317 507 2346 Haec
522 2318 614 2346 omnia
632 2318 701 2353 justi
722 2318 925 2352 vindicabunt;
946 2323 973 2345 at
993 2327 1075 2354 pecu-

279 2365 341 2391 nias
357 2364 416 2399 cjus
433 2371 550 2392 veraces
568 2364 722 2392 habebunt.
744 2363 827 2391 Facta
849 2369 892 2392 est
912 2369 1004 2392 autem
1026 2365 1076 2392 do-

279 2418 341 2438 nius
354 2410 414 2445 ejus
426 2411 498 2438 sicut
511 2410 595 2443 tinea,
608 2414 635 2438 et
649 2411 721 2438 sicut
735 2419 836 2438 aranea
850 2410 955 2437 divitiae
967 2410 1072 2438 illius”

319 2455 396 2483 Ρδιιι.
416 2464 500 2483 xxxIn
514 2476 520 2487 ,
539 2456 581 2482 l7.
599 2471 634 2476 —
651 2466 660 2482 ‹
678 2455 778 2484 Vultus
795 2459 887 2483 autem
905 2456 1011 2484 Domini
1030 2464 1076 2484 su-

277 2512 327 2540 per
344 2503 476 2531 faeientes
493 2503 565 2530 mala
576 2524 584 2536 ,
600 2507 630 2530 ut
647 2502 754 2538 perdat,
773 2512 782 2528 ›
800 2508 853 2530 etc.

315 2548 392 2576 l’sal.
411 2556 492 2576 XLVIII
504 2568 512 2580 ,
534 2548 576 2575 l7.
591 2563 625 2568 —
639 2557 648 2573 ‹
663 2547 703 2576 Ne
717 2548 845 2575 timueris
859 2555 922 2574 cum
942 2547 1018 2576 dives
1035 2548 1074 2575 fa-

277 2601 338 2624 ctus
351 2595 433 2622 fuerit
447 2595 539 2626 homo,
553 2598 675 2622 autcum
693 2594 873 2630 multiplicata
887 2593 983 2626 fuerit,
998 2604 1006 2620 ι
1017 2599 1071 2622 etc.

315 2642 388 2669 l’sal.
405 2649 506 2669 cxxxtx
518 2663 525 2674 ,
546 2641 589 2668 l2.
603 2656 638 2661 —
654 2651 662 2666 ι
678 2640 774 2668 Virum
790 2640 924 2676 injustunt
941 2641 1011 2668 mala
1027 2649 1073 2669 ca-

277 2688 352 2722 pient
369 2688 395 2714 in
411 2687 537 2715 interitu.
551 2697 560 2712 ι

313 2731 355 2760 ιν
376 2733 438 2768 Reg.
456 2742 481 2765 ν,
500 2733 643 2760 “lii-27.—
661 2743 671 2760 ι
690 2733 765 2760 Dixit
789 2733 898 2761 Eliseus
919 2733 952 2760 ad
972 2732 1070 2760 Giezi:

278 2777 356 2805 Unde
372 2779 470 2806 Giezi?
486 2778 518 2806 Et
534 2779 572 2806 ait
588 2779 682 2807 Giczi:
700 2779 759 2807 Non
782 2779 831 2806 ivit
848 2786 990 2814 quoquam
1011 2787 1070 2807 ser-

277 2830 328 2848 vus
350 2827 426 2851 tuus.
444 2826 476 2851 Et
492 2826 561 2852 dixit
579 2827 687 2854 liliseus
712 2826 744 2853 ad
772 2826 848 2853 illum
871 2835 877 2853 :
902 2825 999 2854 Nonne
1023 2833 1071 2853 eor

281 2875 372 2894 meum
399 2869 448 2896 irit
474 2875 583 2906 locum,
609 2872 731 2910 quando
747 2879 876 2901 reversus
900 2877 942 2901 est
958 2873 1067 2911 ainde

1132 2272 1211 2308 πηλῷ
1229 2272 1340 2308 χρυσίον
1358 2273 1490 2308 ἑτοιμάσῃ
1501 2294 1507 2306 ,
1524 2272 1611 2300 ταῦτα
1628 2273 1718 2300 πάντα
1743 2273 1924 2309 περιποιηοή-

1132 2326 1236 2350 σονται,
1251 2317 1286 2343 τὰ
1300 2317 1327 2344 δὲ
1343 2318 1472 2353 χρήματα
1496 2316 1580 2344 αὑτοῦ
1608 2317 1732 2353 ἀληθινοὶ
1749 2317 1925 2348 καθέξουσιν.

1135 2364 1237 2400 Ἀπέὁη
1263 2363 1292 2390 δὲ
1314 2364 1327 2389 ὁ
1356 2361 1433 2395 οἶκος
1460 2363 1544 2390 αὑτοῦ
1575 2364 1670 2399 ὥσπερ
1688 2363 1780 2398 σῆτες,
1808 2366 1856 2390 καὶ
1887 2364 1928 2395 ὡς

1128 2411 1234 2446 ἀράχνη
1250 2412 1264 2437 ὁ
1281 2410 1396 2442 πλοῦτος
1412 2410 1506 2443 αὑτοῦ,
1523 2420 1530 2435 ι

1166 2467 1175 2483 ‹
1191 2457 1342 2492 Πρόσωπον
1358 2457 1461 2492 Κυρίου
1478 2457 1524 2483 ἐπὶ
1541 2456 1687 2488 ποιοῦντας
1700 2456 1784 2487 κακὰ,
1802 2456 1850 2483 τοῦ
1866 2456 1927 2489 ἐξο-

1127 2503 1272 2538 λοορεῦσαι
1291 2512 1300 2528 ι
1315 2502 1410 2529 καὶτὰ
1426 2502 1519 2529 λοιπά.

1166 2559 1174 2574 ι
1189 2549 1234 2584 Μὴ
1248 2548 1334 2583 φοόοῦ
1346 2549 1410 2575 ὅταν
1425 2549 1566 2583 πλουτήσῃ
1581 2547 1732 2584 ἄνθρωπος,
1745 2547 1761 2583 ἤ
1779 2548 1844 2575 ὅταν
1859 2547 1923 2583 πλη-

1128 2593 1304 2630 Ουνοήσεται.
1322 2604 1330 2620 ι

1165 2651 1173 2667 ι
1192 2641 1294 2676 Ἄνδρα
1307 2641 1400 2668 ἄδικον
1417 2641 1490 2668 κακὰ
1501 2631 1630 2676 οῆρεύσει
1646 2641 1686 2672 εἰς
1701 2639 1862 2676 διαφθοράν.
1874 2650 1883 2665 ι

1163 2739 1171 2754 α
1189 2728 1272 2757 Εἶπεν
1291 2730 1428 2758 Ἐλισσαιὲ
1443 2731 1511 2767 πρὸς
1532 2731 1610 2763 mea
1622 2740 1628 2747 '
1649 2732 1735 2758 Πόθεν
1755 2732 1849 2763 Γιεζές
1866 2731 1923 2758 Καὶ

1125 2774 1202 2802 εἶπεν
1221 2777 1311 2808 Γιεζέ’
1329 2777 1366 2803 Οὐ
1379 2776 1547 2812 πεπόρευται
1561 2779 1574 2803 ὸ
1589 2777 1683 2808 δοῦλός
1704 2786 1761 2804 σου.
1775 2777 1830 2803 Καὶ
1843 2775 1924 2804 εἶπεν

1133 2821 1270 2849 Ὶίλισσαιὲ
1286 2822 1354 2858 πρὸς
1370 2823 1450 2848 αὐτόν
1462 2831 1468 2837 ·
1482 2823 1538 2858 Οὐχ
1553 2824 1568 2858 ἡ
1596 2823 1694 2858 καρδία
1712 2832 1762 2858 μου
1783 2823 1854 2858 μετὰ
1874 2823 1924 2850 σοῦ

1125 2868 1273 2904 ἐπορεύθη,
1288 2869 1332 2896 Ετε
1356 2869 1524 2905 ἐπέστρεψεν
1539 2870 1552 2896 ό
1566 2870 1637 2906 ἀνὴρ
1656 2870 1709 2897 ἀπὸ
1731 2869 1778 2896 τοῦ
1794 2869 1925 2905 ἅρματος
