2056 3113
200 159 249 191 477

810 158 929 187 SACRA
946 156 1177 187 PARALLELA.

1747 156 1759 187 1
1766 156 1814 188 178

180 218 219 249 εἰς
237 215 399 250 συνάντησίν
417 223 463 241 σου
476 224 483 248 ;
498 215 552 241 Καὶ
563 213 611 241 νῦν
622 213 716 245 ἔλαϐες
733 213 761 240 τὸ
774 213 904 250 ἀργύριον
918 213 966 239 καὶ

1019 218 1102 238 curru
1120 219 1170 238 suo
1191 212 1218 238 in
1237 218 1386 238 occursum
1408 215 1485 238 tuum
1502 211 1513 238 ?
1533 216 1560 238 ct
1581 218 1657 238 nunc
1679 212 1812 247 accepisti

178 265 212 289 τὰ
230 261 335 297 ἱμάτια,
352 262 399 288 καὶ
414 261 463 289 νῦν
476 261 551 296 λήψῃ
568 260 658 295 ἐαυτῷ
676 260 790 295 κήπους,
807 260 854 286 καὶ
871 259 967 286 ελαιιῖμ

178 317 235 340 νοις1
251 308 298 335 καὶ
316 307 493 343 ἀμπελῶνας,
511 306 558 333 καὶ
575 306 712 342 πρόΰατα,
730 306 777 332 καὶ
795 305 903 337 παῖδας.
920 306 967 332 καὶ

178 354 333 386 παιδίσκας.
353 354 406 381 Καὶ
428 354 444 388 ἡ
464 353 553 388 λέπρα.
573 352 682 386 Νεεμάν
697 351 893 387 κολληθήσεται
912 360 966 384 σοι,

178 400 276 432 καὶτῷ
291 399 431 435 σπέρματί
445 407 491 426 σου
508 399 547 430 είς
562 399 625 430 τοὺς
642 397 754 429 αἰῶνας.
773 407 782 423 ›

216 455 225 472 ι
239 446 340 481 Δώρων
354 446 368 472 ὁ
382 444 552 480 φειδόμενος,
564 444 650 478 θυμὸν
661 444 762 480 ὲγείρει
780 443 899 479 ἰσχυρόν.
910 452 919 469 ι
933 457 967 462 ~—

180 501 189 518 ι
209 491 327 523 Πλοῦτος
342 491 507 527 προστίθησι
525 491 622 525 φίλους
637 490 763 521 πολλούς.
781 499 790 515 ι
804 505 838 510 --
857 499 865 515 ι
882 489 967 516 Πλού-

177 546 229 564 σιοι
243 537 358 572 πτωχῶν
372 536 497 571 ἄρξουσι.
511 546 521 562 ι
533 552 568 558 —
581 536 685 570 «Σοφὸς
699 535 764 571 παρ’
778 534 868 570 ἑαυτῴ
883 535 966 561 πλού-

177 592 245 615 σιος.
262 592 271 609 ι
292 598 328 604 --
345 593 354 609 ι
367 583 510 618 ’Υπαρξις
534 582 792 617 ὲπισπουδαζομένη
816 582 884 616 μετὰ
905 581 968 608 ἀνο-

178 630 252 665 μίας,
269 629 392 656 ἐλάσσων
412 629 528 663 γίνεται.
546 637 555 654 ι
573 644 608 649 -
626 638 635 654 ‹
653 629 710 654 Οὐκ
730 628 901 664 ὠφελήσουσι
919 627 968 663 Θη-

178 675 273 710 σαυροὶ
288 675 416 710 ἀνόμους.
431 684 440 700 ι
455 689 489 694 -—
504 683 513 700 ι
531 675 579 706 Ὃς
593 673 761 709 ἀποστρέψει
771 674 801 700 τὸ
820 673 967 709 πρόσωπον

176 720 261 748 αὑτοῦ
285 721 339 747 ἀπὺ
364 720 494 756 πτωχοῦ,
519 721 548 747 ὲν
565 720 649 755 πολλῇ
676 719 780 755 ἀπορίᾳ
805 719 892 746 ἔσται.
911 729 968 745 )—

179 777 188 793 ι
207 767 342 801 Ἐξολλύει
359 768 389 794 τὸ
405 766 501 793 ἑαυτοῦ
519 766 600 801 σῶμα
612 766 626 792 ὁ
643 765 812 801 ἀνελεήμων.
827 775 836 791 ι
853 780 886 785 ——
902 775 910 791 ι
927 766 967 793 Τὰ

176 813 320 848 σπλάγχνα
334 812 389 840 τῶν
405 812 512 840 ἀσεϐῶν
527 811 710 847 ἀνελεήμονα,
727 821 737 837 ι

213 958 222 974 ι
247 949 277 975 '0
300 947 416 982 ἀγαπῶν
439 947 584 983 ἀργύριον,
610 947 640 973 οὐ
668 946 856 983 πλησθήσεται
879 946 967 981 ἀργυ-

178 995 246 1030 ρίου.
265 1003 274 1020 ι
543 996 547 1001 ”

213 1049 223 1064 ι
241 1038 296 1065 Τοῦ
316 1038 450 1074 ἀργυρίου
474 1038 662 1065 ὑπακούσεται
677 1037 712 1066 τὰ
725 1037 886 1074 σύμπαντα.
908 1048 916 1063 ι
932 1054 966 1058 -

179 1095 187 1111 ι
204 1085 282 1111 Ἔστι
311 1085 429 1120 πονηρία
444 1085 477 1120 ἣν
498 1081 568 1111 εἶδον
584 1084 636 1111 ὑπὸ
657 1084 704 1112 τὸν
728 1084 826 1120 ἥλιον·
852 1084 921 1120 ἀνὴρ
945 1081 967 1119 ᾧ

174 1130 256 1156 δώσει
274 1130 349 1165 αὐτῷ
376 1131 389 1156 ὁ
408 1130 475 1161 Θεὸς
504 1130 637 1163 πλοῦτον,
655 1130 703 1157 καὶ
725 1130 892 1166 ὑπάρχοντα,
919 1131 966 1158 καὶ

175 1175 265 1208 δόξαν,
283 1176 331 1202 καὶ
357 1176 408 1202 οὐκ
429 1175 502 1202 ἔστιν
518 1175 640 1211 ὑστερῶν
654 1177 688 1211 τῇ
712 1176 784 1211 ψυχῇ
806 1175 889 1203 αὑτοῦ
912 1175 967 1202 ἀπὸ

175 1222 284 1248 πάντων
299 1217 336 1249 ὧν
355 1221 499 1256 ἐπιθυμεῖ·
523 1221 570 1248 καὶ
591 1222 633 1248 ὅτι
659 1221 730 1257 ἀνὴρ
744 1221 820 1255 ξένος
848 1222 966 1257 φάγεται

175 1267 267 1294 αὐτόν.
290 1277 300 1294 ›

211 1321 220 1338 ι
236 1313 359 1345 Χαναὰν,
377 1314 406 1340 ἐν
420 1313 515 1349 χερσὶν
533 1313 618 1340 αὐτοῦ
635 1313 717 1348 ζυγὸς
734 1313 843 1346 ἀδικίας
855 1321 862 1328 ·
881 1321 967 1341 κατα-

174 1357 346 1385 δυναστεύειν
359 1359 512 1394 ἠγάπησεν.
532 1369 541 1385 ι

211 1413 220 1429 ι
240 1404 310 1430 Οὐαὶ
334 1405 348 1431 ὁ
363 1405 510 1441 πληθύνων
535 1405 626 1441 ἑαυτῷ
639 1406 674 1432 τὰ
693 1405 745 1432 οὐκ
771 1405 838 1432 ὄντα
856 1405 966 1437 ἑαυτοῦ,

174 1451 222 1476 καὶ
240 1449 364 1485 βαρύνων
374 1451 420 1477 τὺν
443 1450 533 1477 κλοιὸν
554 1450 638 1478 αὐτοῦ
664 1450 814 1486 στιϐαρῶς,
835 1451 876 1477 ὅτι
891 1450 967 1483 ἐξαί-

174 1505 242 1531 φνης
252 1497 451 1530 ἀναστήσονται
466 1497 612 1528 δάκνοντες
622 1497 716 1529 αὑτὸν,
728 1497 776 1522 καὶ
791 1496 966 1531 ὲκνήψουσιν.

180 1539 208 1565 '0
219 1539 389 1566 πλεονεκτῶν
400 1540 559 1573 πλεονεξίαν
575 1540 664 1576 κακὴν
676 1540 715 1575 τῷ
731 1539 797 1575 οἴκῳ
813 1540 907 1573 αὑτοῦ,
921 1541 967 1567 καὶ

172 1584 220 1610 τοῦ
236 1584 315 1617 τάξαι
328 1585 437 1611 νοσσιὰν
453 1585 545 1612 αὐτοῦ.
565 1594 574 1611 ι

212 1639 220 1654 ι
238 1630 306 1657 0ὺαὶ
322 1630 348 1656 οἱ
377 1630 559 1663 συνάπτοντες
585 1630 676 1658 οἰκίαν
704 1631 773 1666 πρὸς
791 1631 897 1664 οἰκίαν,
919 1631 966 1658 καὶ

173 1675 256 1711 ἀγρὸν
272 1676 339 1711 πρὸς
354 1676 439 1711 ἀγρὸν
454 1675 619 1711 ἐγγίζοντες,
636 1677 680 1703 ἴνα
704 1676 751 1703 τοῦ
771 1677 884 1711 πλησίον
911 1677 963 1710 ἀφ-

174 1721 286 1749 έλωνται
298 1730 334 1749 τι.
351 1731 361 1748 ι

211 1788 220 1804 ‹
244 1779 277 1805 Ἠ
289 1777 403 1815 ἁρπαγὴ
417 1778 464 1805 τοῦ
482 1777 592 1814 πτωχοῦ
609 1778 638 1805 ὲν
655 1779 712 1810 τοῖς
725 1778 811 1811 οἴκοις
826 1779 840 1804 ὑ
846 1779 914 1814 μῶν.
932 1779 966 1806 Τί
980 1769 983 1771 ⁸

174 1824 253 1859 ὑμεῖς
272 1825 394 1851 ἀδικεῖτε
409 1824 456 1851 τὸν
472 1824 537 1852 λαόν
556 1834 618 1860 μου,
641 1824 732 1851 καὶτὸ
748 1825 896 1861 πρόσωπον
911 1825 966 1852 τῶν

174 1870 290 1906 πτωχῶν
314 1871 525 1906 καταισχύνετε.
547 1871 616 1907 φησὶ
641 1871 763 1906 Κύριος;
780 1881 789 1897 ι
808 1887 844 1893 -
866 1881 876 1898 ι
896 1871 966 1906 Ἐγὼ

174 1915 262 1943 ἔδωκα
276 1917 316 1949 είς
332 1917 382 1952 τὴν
397 1917 476 1953 χεῖρά
500 1924 564 1944 σου·
584 1918 616 1944 σὺ
633 1918 662 1944 δὲ
677 1918 706 1944 οὐ
728 1918 848 1949 δέδωκας
872 1919 966 1951 αὐτοῖς

174 1963 257 1995 ἔλεος.
271 1972 280 1988 ι
297 1979 332 1984 --
345 1972 354 1989 ι
369 1964 453 1990 Ὅταν
468 1963 608 1999 ὲκτείνητε
626 1960 675 1995 τὰς
687 1965 784 2000 χεῖρας
797 1964 884 2000 ὑμῶν,
900 1966 967 1992 ἁπο-

175 2009 282 2045 στρέψω
296 2009 360 2041 τοὺς
372 2009 530 2045 ὀφθαλμούς
549 2018 600 2044 μου
617 2010 664 2044 ἀφ’
680 2009 768 2044 ὑμῶν.
785 2010 818 2036 Ai
836 2010 891 2045 γὰρ
914 2012 968 2046 χεῖ-

176 2063 220 2090 ρες
235 2055 312 2091 ὑμῶν
328 2055 444 2091 αἵματος
457 2055 583 2091 πλήρεις.
598 2065 607 2080 ι
622 2070 657 2074 -
674 2065 683 2081 ι
699 2055 739 2082 Δι’
754 2056 827 2091 ὑμᾶς
838 2056 868 2082 τὸ
880 2056 967 2091 ὄνομά

176 2110 226 2136 μου
243 2101 448 2136 βλασφημεῖται
464 2102 492 2127 ὲν
508 2102 565 2133 τοῖς
582 2100 698 2128 ἔθνεσιν.
718 2111 727 2127 ›
749 2117 784 2122 -
805 2112 814 2128 ι
830 2103 861 2129 Οἱ
877 2102 967 2130 ἄδικοι

173 2148 212 2180 ὡς
237 2147 360 2174 θάλασσα
382 2147 624 2182 ἀναϐρασσομένη,
638 2147 724 2179 οὓτως
739 2147 968 2180 κλυδωνισθήσονο

173 2202 229 2227 ται,
247 2194 294 2220 καὶ
308 2193 517 2221 ἀναπαύσασθαι
532 2194 561 2220 οὐ
575 2193 612 2229 μὴ
622 2193 762 2222 δύνανται.
780 2204 789 2220 ι
805 2209 840 2214 ~—
859 2204 868 2220 ι
899 2195 966 2221 Ἀπ-

1019 261 1161 292 argentum
1188 261 1215 285 et
1243 258 1431 285 vestimenta:
1456 263 1482 285 ct
1508 258 1589 285 modo
1616 258 1739 293 accipies
1764 259 1813 286 tibi

1020 303 1125 336 hortos,
1141 307 1168 331 et
1184 303 1293 334 oliveta,
1310 307 1338 330 et
1355 303 1461 337 vineas,
1479 309 1505 332 et
1519 312 1595 336 oves,
1613 309 1640 332 et
1655 313 1770 339 servos,
1785 309 1813 332 et

1018 349 1146 376 ancillas.
1165 347 1198 376 Et
1219 350 1294 384 lepra
1312 349 1436 377 Naaman
1456 350 1607 378 adhaerebit
1628 351 1694 384 tibi,
1715 355 1742 378 et
1767 360 1812 379 sc-

1018 395 1085 422 rnini
1103 399 1152 422 tuo
1167 395 1194 423 in
1211 400 1358 423 alternum.
1375 406 1385 422 ›

1053 439 1133 467 Prov.
1152 441 1330 482 xxr,r2k—
1347 450 1356 467 ε
1375 440 1427 474 Qui
1453 448 1555 476 parcus
1586 447 1627 470 est
1656 442 1684 469 in
1713 442 1812 473 donis,

1018 485 1086 512 iram
1103 486 1216 513 multam
1232 486 1343 514 excitat.
1362 496 1371 512 ι
1386 502 1422 507 --
1435 487 1497 522 χιιι,
1515 487 1542 514 4.
1558 496 1567 513 ι
1583 487 1690 514 Divitiae
1707 487 1813 514 addunt

1018 531 1123 558 amicos
1149 531 1260 559 mullos.
1278 541 1288 557 ι
1304 547 1339 551 -
1350 539 1406 560 xxn
1418 552 1425 564 ,
1441 532 1468 559 7.
1491 542 1500 558 ι
1516 533 1619 560 Divites
1646 533 1812 568 pauperibus

1018 576 1202 611 imperabunt.
1219 586 1229 602 ι
1249 585 1377 616 τιιινιιι
1391 598 1399 611 ,
1419 578 1461 604 Η.
1478 588 1487 604 ι
1505 577 1622 612 Sapiens
1636 579 1688 606 sibi
1705 579 1813 606 videtur

1016 621 1060 648 vir
1074 622 1162 650 dives.
1178 632 1188 648 ι
1201 631 1314 655 -ῐΙΙΙ,
1333 623 1375 650 ll.
1393 632 1402 648 ι
1419 623 1582 651 Substantia
1599 624 1727 652 festinata
1747 633 1810 652 cum

1017 668 1164 703 iniquitate
1188 669 1332 696 minuitur.
1352 678 1362 695 ›
1385 685 1420 690 -
1440 678 1474 703 x,
1497 671 1524 697 2.
1552 680 1560 696 ι
1579 670 1639 698 Non
1661 672 1813 706 proderunt

1019 714 1141 742 thesauri
1166 715 1281 750 iniquis.
1299 724 1308 741 ι
1331 729 1367 735 -—
1385 723 1491 749 ιιι-ιιι,
1510 717 1556 744 27.
1587 726 1597 742 ι
1613 717 1665 750 Qui
1682 719 1813 745 averterit

1019 760 1116 788 faciem
1133 768 1210 788 suam
1228 769 1242 787 a
1259 769 1398 796 paupere,
1415 762 1441 789 in
1458 763 1575 797 penuria
1592 771 1690 799 magna
1717 765 1781 791 erit.
1799 773 1809 791 ι

1019 823 1052 828 -
1065 816 1091 835 ιιι
1104 829 1111 841 ,
1126 808 1169 836 17.
1187 818 1195 834 ι
1214 809 1334 836 Exitium
1359 809 1439 836 aliert
1459 811 1571 844 corpori
1594 818 1643 838 suo
1657 811 1705 846 qui
1722 811 1813 838 immi-

1019 855 1139 882 sericors
1154 859 1206 882 est.
1222 864 1231 879 ι
1245 869 1280 873 ——
1295 862 1332 881 χιι
1346 874 1352 886 ,
1371 854 1413 881 l0.
1430 864 1439 880 ι
1454 854 1568 883 Viscera
1584 855 1732 891 impiorum
1749 864 1812 883 cru-

984 888 1006 916 Β
1020 901 1104 937 delia.
1121 910 1131 927 ι

1053 945 1139 973 Eccle.
1156 953 1183 977 v.
1200 945 1227 974 9.
1240 960 1275 965 —
1289 955 1298 972 ι
1313 946 1420 974 Avarus
1435 953 1490 974 non
1505 946 1637 982 impletur
1653 948 1781 982 pecunia.
1799 957 1809 973 ι

1017 1048 1051 1053 -
1064 1041 1079 1060 x
1092 1053 1099 1066 ,
1114 1033 1158 1060 l9.
1175 1043 1184 1059 ι
1199 1034 1326 1062 Pecunia:
1340 1034 1472 1062 obedient
1492 1035 1597 1062 omnia.
1614 1045 1624 1061 ι
1641 1048 1676 1056 -—
1687 1043 1712 1062 vi
1723 1055 1730 1068 ,
1745 1035 1810 1068 1,2.

1021 1089 1030 1106 ι
1050 1079 1097 1106 Est
1113 1079 1215 1107 malum
1232 1080 1306 1115 quod
1323 1080 1379 1107 vidi
1397 1080 1450 1108 sub
1465 1081 1524 1109 sole
1541 1089 1548 1108 :
1569 1080 1611 1108 vir
1635 1082 1679 1108 cui
1706 1081 1813 1108 dederit

1019 1125 1091 1153 Dens
1106 1125 1218 1153 divitias
1229 1147 1236 1158 ,
1253 1130 1280 1153 et
1294 1126 1495 1159 substantiam,
1511 1131 1537 1154 et
1551 1127 1684 1162 gloriam,
1702 1133 1729 1154 et
1743 1127 1812 1154 nihil

1018 1171 1098 1199 deest
1117 1172 1216 1199 anima:
1241 1172 1303 1207 ejus
1322 1180 1356 1200 ex
1375 1173 1504 1200 omnibus
1524 1181 1586 1209 quae
1605 1173 1767 1202 desiderat:
1785 1178 1812 1202 et

1018 1218 1062 1245 vir
1078 1217 1187 1245 alienus
1201 1217 1321 1246 comedit
1336 1226 1411 1247 eum.
1428 1228 1438 1245 ι

1055 1307 1120 1336 Osee
1135 1315 1171 1335 xu
1184 1329 1190 1341 ,
1207 1309 1233 1336 7.
1248 1324 1283 1329 ——
1299 1318 1308 1335 ι
1329 1309 1460 1337 Chanaan
1471 1329 1478 1342 ,
1495 1310 1523 1336 in
1537 1317 1619 1338 manu
1633 1309 1694 1345 ejus
1709 1314 1811 1339 statera

1018 1354 1174 1389 iniquitatis
1189 1364 1196 1382 :
1213 1356 1373 1391 opprimere
1389 1356 1496 1383 dilexit.
1515 1366 1524 1382 ι

1054 1401 1157 1428 Habac.
1173 1409 1211 1435 ιι,
1224 1402 1240 1429 6
1251 1420 1259 1434 ,
1275 1402 1301 1428 7.
1312 1417 1347 1423 -
1357 1411 1368 1428 ‹
1384 1401 1431 1430 Vat
1443 1402 1491 1437 qui
1505 1402 1673 1438 multiplicat
1684 1411 1746 1438 quae
1757 1411 1812 1431 non

1018 1453 1067 1474 sua
1084 1451 1160 1480 sunt,
1174 1451 1201 1474 et
1213 1452 1347 1483 aggravat
1361 1452 1485 1483 torquem
1501 1455 1582 1475 suum
1596 1449 1732 1483 graviter:
1746 1449 1812 1484 quia

1018 1492 1112 1520 subito
1137 1499 1308 1529 consurgent
1327 1493 1487 1521 mordentes
1503 1502 1566 1522 eum
1578 1515 1585 1527 ,
1604 1499 1631 1522 et
1647 1495 1811 1530 vigilabunt.

1018 1537 1070 1570 Qui
1088 1538 1251 1573 multiplicat
1276 1539 1421 1566 avaritiam
1447 1540 1547 1566 malam
1571 1540 1664 1568 domui
1691 1548 1766 1575 suae,
1782 1546 1813 1568 ut

1019 1588 1103 1619 ponat
1118 1584 1215 1611 nidum
1231 1592 1328 1615 suum,
1340 1594 1349 1610 ι
1366 1589 1420 1611 etc.

1053 1629 1112 1657 Isa.
1137 1637 1164 1663 v,
1191 1630 1287 1657 8.-ι
1311 1630 1357 1657 Va:
1381 1629 1428 1665 qui
1444 1630 1621 1666 'conjungitis
1642 1631 1752 1658 domum
1763 1623 1811 1659 "ad

1020 1675 1132 1703 domum
1145 1696 1152 1708 ,
1172 1680 1199 1703 et
1217 1683 1313 1711 agrum
1340 1676 1373 1703 ad
1393 1684 1487 1712 agrum
1503 1677 1691 1711 copulatis,ut
1707 1677 1812 1712 aliquid

1017 1722 1144 1757 proximo
1161 1722 1306 1751 auleratis.
1323 1732 1332 1748 ι

1053 1778 1110 1806 Isa.
1126 1786 1169 1810 nl,
1187 1779 1231 1812 Μ,
1248 1779 1291 1806 i5.
1304 1794 1339 1799 ——
1355 1788 1364 1805 ι
1377 1778 1482 1814 Rapina
1509 1780 1638 1814 pauperis
1653 1785 1695 1808 est
1716 1781 1743 1808 in
1759 1781 1810 1808 do-

1023 1825 1115 1853 mibns
1130 1825 1236 1853 \eSll'lS.
1253 1825 1322 1859 Quid
1336 1833 1386 1853 vos
1401 1826 1502 1860 injuria
1514 1825 1621 1853 aﬂicitis
1633 1827 1773 1861 populum,
1784 1832 1812 1855 et
1863 1818 1868 1822 ”

1018 1871 1116 1899 faciem
1131 1880 1280 1907 pauperum
1297 1872 1487 1900 confunditis?
1505 1873 1573 1900 dicit
1586 1872 1729 1900 Dominus.
1754 1882 1764 1899 ι
1776 1888 1812 1894 --

1017 1925 1109 1950 XLVII,
1126 1918 1153 1945 6.
1173 1927 1182 1944 ι
1198 1917 1256 1953 Ego
1269 1918 1332 1946 dedi
1348 1926 1395 1946 eos
1411 1919 1439 1945 in
1454 1926 1566 1945 manum
1582 1923 1657 1946 tuam
1676 1928 1682 1946 :
1700 1924 1727 1946 tu
1745 1927 1809 1947 vero

1019 1971 1075 1991 non
1102 1963 1203 1991 dedisti
1228 1964 1270 1991 eis
1293 1964 1527 1991 misericordiam.
1547 1974 1556 1990 ι
1568 1973 1641 1997 -ι,
1659 1965 1702 1992 15.
1718 1973 1728 1990 ι
1742 1965 1810 1992 Cum

1018 2009 1201 2036 exlenderitis
1215 2017 1314 2037 manus
1327 2013 1444 2041 vestras,
1461 2016 1584 2037 avertam
1598 2011 1694 2038 oculos
1707 2018 1781 2038 meos
1795 2019 1811 2038 a

1018 2055 1108 2083 vobis.
1127 2054 1196 2081 Nam
1215 2062 1313 2083 manus
1330 2059 1428 2082 vestra:
1446 2056 1580 2090 sanguine
1597 2056 1685 2090 plenae
1700 2061 1777 2083 sunt.
1799 2065 1809 2081 ι

1017 2115 1052 2122 --
1066 2109 1103 2128 ιιι
1114 2120 1121 2133 ,
1138 2101 1166 2128 5.
1185 2109 1194 2126 ι
1211 2100 1329 2136 Propter
1346 2109 1394 2129 vos
1410 2109 1510 2129 nomen
1528 2109 1619 2129 meum
1636 2102 1812 2137 blasphema-

1018 2151 1065 2174 tur
1082 2147 1109 2174 in
1128 2147 1267 2182 gentibus.
1285 2156 1294 2172 ι
1308 2155 1425 2179 -ιιίι,
1446 2147 1491 2174 20.
1507 2156 1517 2173 ι
1536 2147 1615 2182 lmpii
1637 2148 1716 2183 quasi
1737 2155 1812 2175 mare

1019 2193 1145 2225 fervens,
1163 2193 1202 2220 sic
1217 2193 1413 2227 ﬂuctuabunt,
1428 2197 1456 2221 et
1471 2194 1647 2228 requiescere
1664 2202 1717 2221 non
1734 2197 1812 2229 pote-

174 2241 236 2275 ἐχου
258 2240 313 2267 ἀπὸ
331 2241 437 2274 ἀδίκου,
455 2240 503 2267 καὶ
527 2241 557 2266 οὐ
575 2240 613 2275 μὴ
634 2240 790 2277 φοϐηθήσῃ,
809 2241 858 2268 καὶ
868 2241 966 2277 τρόμος

1019 2243 1094 2266 runt.
1107 2249 1116 2265 ι
1129 2238 1210 2275 483
1223 2255 1258 2260 -—
1269 2247 1324 2272 Liv,
1339 2240 1384 2267 M.
1402 2249 1411 2265 ι
1424 2239 1532 2267 Recede
1547 2239 1581 2267 ab
1595 2234 1699 2275 iniquo,
1714 2244 1741 2268 et
1756 2246 1811 2267 non

174 2287 225 2313 οὐκ
243 2287 334 2321 ὲγγιεῖ
348 2295 400 2314 σοι.
420 2296 430 2312 ι

214 2352 222 2368 ι
243 2342 329 2369 Τοῦτο
339 2342 370 2369 τὸ
387 2342 517 2378 ἀνόμημα
533 2343 717 2378 Σοδόμων,ὄτι
736 2344 765 2369 ὲν
781 2344 965 2380 ὑπερηφανίᾳ,

176 2390 223 2416 καὶ
240 2389 383 2425 πλησμονῇ
393 2389 495 2425 ἄρτων,
506 2390 552 2416 καὶ
563 2390 592 2416 ἐν
607 2389 721 2425 εὐθηνίᾳ
730 2389 802 2416 οἴνου
816 2390 966 2424 ἐσπατάλα,

176 2434 245 2470 αὕτη
259 2434 305 2461 καὶ
317 2434 464 2470 θυγατέρες
476 2435 571 2470 αὐτῆς,
586 2434 634 2462 καὶ
645 2435 724 2470 χεῖρα
737 2434 845 2470 πτωχοῦ
857 2436 904 2462 καὶ
918 2436 967 2462 πέ-

176 2488 256 2514 νητος
284 2479 334 2507 οὐκ
361 2479 560 2513 ἀντελάὸοντο,
589 2479 637 2506 καὶ¹
665 2479 892 2516 ὲμεγαλαύχουν,
920 2480 968 2508 καλ⁸

177 2526 307 2561 ἐποίησαν
318 2526 448 2561 ἀνόμημα
460 2525 574 2553 ἐνώπιόν
594 2535 655 2562 μου.
672 2535 681 2551 ι

215 2635 225 2652 ι
244 2626 314 2657 Aab;
331 2625 506 2658 ὲκπιέζοντες
520 2625 638 2657 ἀδικίαν,
663 2625 710 2652 καὶ
731 2624 900 2660 ἁρπάζοντες
916 2625 966 2660 ἆρ-

178 2681 285 2707 παγμα,
302 2671 412 2707 πτωχὸν
425 2672 473 2698 καὶ
488 2671 591 2708 πένητα
603 2671 887 2702 καταδυναστεύοντες
897 2690 903 2702 ,
920 2670 967 2696 καὶ

177 2719 245 2755 πρὸς
258 2719 304 2746 τὸν
319 2718 487 2754 προσήλυτον
502 2718 551 2746 οὐκ
568 2717 801 2753 ἀναστρεφόμενοι
821 2717 890 2752 μετὰ
906 2717 966 2752 κρί-

178 2773 274 2799 ματος.
294 2773 303 2790 )

214 2831 223 2847 ι
248 2821 280 2848 Ἡ
295 2821 387 2857 μήτηρ
395 2830 441 2848 σου
452 2820 570 2856 σκύμνος
583 2820 708 2853 λεόντων,
724 2819 840 2855 ἐγενήθη
852 2821 882 2846 ὲν
891 2819 967 2855 μέσῳ

176 2867 289 2896 λεόντων
299 2876 306 2884 ·
327 2868 462 2906 ἐπλήθυνε
479 2867 615 2903 σκύμνους
633 2866 728 2902 αὐτῆς,
738 2867 785 2894 καὶ
797 2866 966 2902 ἀνεπήδησεν

1020 2285 1147 2318 timebis,
1163 2289 1190 2313 et
1206 2289 1310 2313 tremor
1325 2293 1379 2313 non
1399 2286 1632 2321 appropinquabit
1649 2285 1709 2314 tibi.
1727 2295 1736 2311 ι

1054 2340 1150 2367 Ezeclt.
1172 2349 1226 2374 XVI,
1241 2341 1286 2375 49,
1306 2341 1350 2368 50.
1367 2356 1402 2361 -
1423 2351 1433 2368 ‹
1453 2341 1517 2370 Haec
1533 2341 1587 2369 fuit
1607 2341 1742 2377 iniquitas
1763 2341 1812 2368 So-

1018 2386 1107 2414 doma:
1121 2387 1226 2414 sororis
1241 2391 1294 2414 tua:
1310 2396 1316 2413 :
1335 2387 1399 2422 quia
1419 2387 1446 2415 in
1462 2388 1601 2423 superbia,
1623 2391 1650 2415 et
1663 2388 1809 2415 saturitate

1019 2440 1131 2467 panum,
1145 2436 1173 2459 et
1190 2432 1218 2459 in
1234 2432 1413 2467 abundantia,
1429 2432 1534 2460 deliciis
1559 2433 1686 2460 adluebat
1709 2434 1765 2467 ipsa
1782 2437 1810 2460 et
1833 2466 1835 2468 η

1020 2479 1082 2506 ﬁlia:
1096 2479 1167 2513 ejus,
1186 2483 1214 2506 et
1229 2487 1338 2506 manum
1363 2481 1493 2514 pauperis
1507 2483 1534 2506 et
1553 2479 1632 2514 egeni
1649 2486 1705 2506 non
1719 2479 1809 2506 susri-

1019 2525 1140 2560 piebant,
1156 2528 1183 2551 et
1195 2525 1385 2559 gloriabantur
1396 2524 1555 2560 magniﬁce;
1570 2529 1598 2553 et
1612 2524 1738 2552 fecerunt
1754 2525 1809 2551 ini—

1018 2571 1137 2606 quitates
1152 2577 1243 2597 coram
1259 2577 1311 2598 mc.
1335 2580 1344 2595 ι

1053 2626 1151 2654 Ezech.
1167 2634 1234 2659 xm,
1252 2626 1297 2653 27.
1320 2641 1354 2647 -
1377 2635 1386 2652 ι
1407 2626 1527 2662 Populus
1549 2626 1736 2661 exprimentes
1754 2625 1808 2653 ini-
1856 2627 1857 2630 ‘

1019 2672 1163 2707 quitatem,
1181 2676 1208 2700 et
1223 2672 1361 2708 rapientes
1378 2672 1491 2707 rapinas
1506 2679 1513 2699 :
1532 2679 1681 2708 pauperem
1699 2676 1726 2699 et
1745 2679 1808 2707 ege-

1018 2724 1083 2744 num
1099 2716 1260 2752 alﬂigcntcs,
1278 2721 1305 2745 ct
1324 2724 1386 2744 cum
1412 2717 1517 2744 advena
1540 2724 1594 2743 non
1614 2719 1724 2752 agentes
1744 2723 1808 2743 cum

1016 2763 1130 2797 judicio.
1148 2773 1156 2788 ι

1054 2819 1149 2847 Esca/1.
1178 2829 1234 2854 xix,
1259 2821 1286 2848 2.
1301 2837 1336 2842 -
1355 2831 1364 2847 ε
1381 2821 1466 2849 Mater
1482 2826 1528 2850 tua
1549 2821 1658 2849 catulus
1684 2821 1805 2851 leonum.

1019 2866 1089 2894 facta
1110 2871 1150 2895 est
1171 2867 1198 2894 in
1216 2868 1306 2896 medio
1334 2869 1465 2896 leonum:
1485 2867 1676 2903 multiplieavit
1702 2867 1808 2894 catulus
