2056 3113
271 143 340 175 1479

869 140 901 170 s.
920 139 1081 170 JOANNIS
1100 117 1314 169 DAMASCEl‘ll

1847 138 1922 169 1480

271 207 346 228 suos.
361 199 393 226 Et
409 198 531 227 exsilivit
549 204 621 225 unus
636 197 671 225 de
687 197 789 226 catulis
804 204 865 231 eius
883 207 889 223 :
907 200 950 224 leo
977 196 1064 224 lactus

1121 196 1159 227 εἰς
1173 195 1219 222 τὸν
1232 195 1354 228 σκύμνον
1365 194 1461 230 αὐτῆς,
1476 194 1542 222 λέων
1556 195 1683 230 ἐγένετο⁴
1702 194 1806 230 ἔμαθεν
1819 195 1850 220 τὸ
1868 195 1924 229 ἀρ-

270 249 324 278 est,
343 248 371 272 et
390 243 487 271 didicit
502 249 602 277 rapere
614 241 737 277 rapinas.
756 251 766 267 ι

307 291 405 319 Ezech.
423 297 491 321 χιιι,
504 289 551 316 24.
568 304 604 309 -—
621 298 630 315 ι
650 287 714 316 Haec
728 288 796 315 dicit
811 288 962 315 Dommus':
981 286 1022 314 'l‘u
1037 293 1067 315 es

270 343 345 365 terra
360 343 422 371 qua:
436 343 492 363 non
504 335 618 369 irrigata
630 342 671 367 es,
684 340 735 361 nec
747 333 841 369 pluvia
855 333 929 361 venit
943 339 1026 368 super
1040 336 1068 360 te

270 384 300 410 in
320 382 365 409 die
378 381 491 409 luroris.
507 380 642 408 Ductores
657 380 685 407 in
703 379 796 407 medio
807 378 868 413 ejus
884 379 959 406 velut
974 378 1068 405 leones

270 429 424 465 rugientes,
442 427 605 462 diripientes
622 425 742 462 praedas,
768 425 878 453 animas
901 424 1067 452 devorantes

271 476 299 503 in
316 474 450 510 potentia.
475 483 485 500 ι

307 521 394 549 Eccli.
422 528 480 554 xtv,
498 520 527 548 9.
550 535 585 540 —
607 529 616 545 1
635 518 718 546 Avari
739 518 836 546 oculus
857 524 912 545 non
937 517 1067 552 implelur

270 572 361 603 parte.
378 576 388 593 ›
407 581 443 586 -—
455 573 540 598 xxxv,
560 564 605 592 16.
633 574 643 590 1
663 563 942 603 Conterctpominus
957 562 1066 590 lumbos
1087 586 1094 589 .

271 612 545 642 immise‘ricordium.
567 620 578 637 ι
600 626 635 631 -—
653 618 680 642 ν,
709 610 735 640 1,
766 619 775 635 1
799 598 860 636 Noli
884 608 1006 644 gaudere
1029 607 1066 635 ob

212 686 218 690 η
272 659 405 696 pecunias
420 658 542 693 iniquas.
565 656 624 684 Non
644 656 718 683 enim
736 655 889 691 proderunt
909 654 961 681 tibi
981 654 1008 681 in
1022 653 1067 681 die

272 705 452 733 inductionis.
471 713 482 730 ι
498 718 533 724 --
546 710 603 735 xvt,
620 702 664 729 15.
685 711 693 727 1
711 701 773 729 Non
790 701 904 736 ell‘ugiet
926 701 954 728 in
971 700 1066 736 rapina

272 755 412 786 peccator.
429 759 440 776 ›
453 764 487 771 -
505 756 563 781 ιιιι,
584 748 611 776 9.
631 757 640 774 ι
661 747 713 781 Qui
727 746 846 774 aediticat
858 747 971 774 domum
987 753 1065 774 suam

272 797 300 825 in
319 795 446 832 pecuniis
459 795 558 822 alienis
574 793 653 829 quasi
668 793 715 829 qui
745 792 851 828 colligit
877 792 982 827 lapides
1000 799 1066 819 suos

271 843 300 871 in
317 847 448 871 torrente.
467 851 477 868 ι
492 855 528 861 -·
541 848 627 873 xxv",
646 840 689 868 10,
705 848 714 864 1
729 838 785 866 Leo
799 838 937 866 venationi
954 838 1066 866 insidia-

1116 241 1216 274 στάζειν
1234 242 1383 277 ἅρπαγμα.
1400 251 1409 267 t

1153 298 1163 314 1
1180 287 1251 315 Τάδε
1266 288 1340 322 λέγει
1357 288 1461 324 Κύριος
1473 296 1479 302 ·
1497 287 1532 314 Σὺ
1549 284 1575 314 εἴ
1590 288 1608 323 ὴ
1628 287 1664 322 γῆ
1676 287 1693 322 ή
1704 286 1734 313 οὐ
1751 286 1922 322 βρεχομένη,

1116 336 1177 362 οὐδὲ
1193 335 1270 367 ὑετὸς
1281 335 1391 370 ἐγένετο
1414 335 1461 361 ἐπὶ
1477 334 1508 362 σὲ
1523 335 1552 362 ἐν
1569 334 1662 370 ἠμέρᾳ
1678 333 1777 370 ὀργῆς.
1798 334 1830 361 οι
1844 333 1922 368 ἀφη-

1116 381 1247 416 γούμενοι
1262 381 1291 408 ἐν
1308 381 1383 416 μέσῳ
1396 380 1483 416 αὐτῆς
1492 380 1530 413 ὡς
1544 380 1652 412 λέοντες
1670 380 1825 416 ὠρυόμενοι
1837 400 1844 412 ,
1870 380 1924 414 ἁρ-

1117 428 1250 460 πᾰζοντες
1264 428 1444 463 ἁρπάγματα,
1463 427 1553 463 ψυχὰς
1574 426 1768 459 κατεσθίοντες
1786 427 1815 453 ἐν
1836 426 1923 453 δυνα-

1119 474 1206 509 στείᾳ.
1228 483 1237 500 ι

1156 529 1164 546 ι
1185 520 1353 546 Πλεονέκτου
1365 519 1505 555 ὀφθαλμὸς
1523 519 1573 546 οὐκ
1589 519 1764 555 ἐμπίπλαται
1782 518 1884 554 μερίδι.
1908 528 1919 544 ι

1117 582 1152 586 -
1169 575 1178 592 1
1198 566 1342 602 Συντρὶψει
1354 566 1455 602 Κύριος
1468 566 1554 600 ὀσφὺν
1564 565 1766 601 ἀνελεημόνων.
1778 574 1788 591 ι
1801 581 1836 585 -
1850 575 1859 591 1
1870 566 1925 601 Μὴ

1118 612 1245 648 ἐπίχαιρε
1260 613 1307 638 ἐπὶ
1322 612 1460 647 χρήμασιν
1488 612 1604 643 ἀδίκοις.
1625 611 1710 638 Οὐδὲν
1735 612 1791 647 γὰρ
1809 612 1924 648 ὠφελή-

1118 667 1210 686 σουσιν
1221 659 1251 686 ἐν
1268 659 1362 694 ἡμέρᾳ
1377 658 1538 694 ἐπαγωγῆς.
1559 668 1568 684 ι
1579 668 1626 684 ——1
1637 658 1694 685 Οὐκ
1710 657 1872 693 ἐκφεύξεται
1888 659 1923 684 ἐν

1116 705 1281 740 ἁρπάγματα.
1308 704 1481 739 ἁμαρτωλός.
1504 713 1513 730 ι
1536 720 1571 724 —
1588 713 1597 729 1
1632 704 1662 731 '0
1688 704 1840 739 οἰκοδομῶν
1866 703 1923 739 τὴν

1116 749 1207 776 οἰκίαν
1224 748 1306 776 αὑτοῦ
1325 749 1354 775 ἐν
1374 750 1515 785 χρήμασιν
1528 749 1683 785 ἀλλοτρίου,
1704 750 1742 782 ὡς
1762 750 1776 776 ὁ
1792 750 1923 784 συνάγων

1117 795 1180 826 τοὺς
1195 794 1287 826 λίθους
1298 794 1381 821 αὐτοῦ
1402 795 1444 827 εἰς
1464 795 1511 822 τὸν
1534 795 1716 832 χειμάρρουν.
1737 805 1794 822 I—-
1808 806 1819 823 1
1839 797 1924 824 Λέων

1118 841 1205 876 θήραν
1221 841 1368 876 ἐνεδρεύει.
1382 841 1468 872 οὕτως
1481 841 1606 876 ἁμαρτία
1628 841 1692 873 τοὺς
1712 842 1922 878 ἐργαζομένους

272 893 328 920 tur,
351 887 393 916 sic
420 890 564 922 peceatum
594 884 774 920 operantibus
808 883 981 919 iniquitates.
1000 893 1010 910 ι
1034 899 1064 904 -

1120 886 1212 913 ἄδικα,
1230 895 1239 912 ι
1253 900 1286 906 —-
1305 896 1314 912 1
1329 885 1472 918 Θυσιάζων
1485 886 1513 920 ἐξ
1527 886 1639 918 ἀδίκων,
1657 886 1738 914 θυσία
1757 888 1922 923 μεμιασμέ-

272 941 367 967 xxxtv,
380 933 425 961 20.
441 941 451 958 1
469 931 617 960 lmmolans
632 939 666 958 ex
691 929 848 965 iniquitate,
865 928 956 956 hostia
971 936 1066 955 macu-

273 980 338 1007 lata.
357 987 372 1005 ›
385 993 420 999 --
433 985 479 1011 xL,
497 977 542 1004 15.
565 986 574 1002 1
595 975 721 1004 Pecuniae
737 975 904 1010 injustorum
923 975 995 1002 sicut
1009 979 1065 1001 tor-

272 1029 364 1053 rentes
382 1024 572 1056 siccabuntur,
583 1026 611 1051 et
625 1022 699 1050 sicut
719 1023 869 1050 tonitruum
890 1028 1020 1056 magnum
1036 1021 1063 1047 in

272 1071 363 1106 pluvia
379 1071 575 1106 personabunt.
598 1078 608 1095 ι
627 1084 664 1089 -
677 1076 772 1101 xxxiv,
793 1067 839 1095 29..
858 1077 867 1094 1
886 1067 940 1101 Qui
960 1071 1064 1095 mactat

272 1114 356 1145 tilium
369 1117 396 1144 in
409 1121 558 1152 conspectu
575 1116 662 1151 patris
673 1115 726 1148 sui,
739 1115 787 1149 qui
802 1114 882 1142 oﬂ‘ert
895 1113 1061 1142 sacriﬁcium

271 1172 305 1192 ex
325 1164 449 1200 pecuniis
477 1170 641 1198 pauperum.
658 1171 669 1187 ι
688 1177 723 1183 -
743 1169 792 1193 ιιιι,
810 1161 838 1188 5.
858 1169 868 1186 1
888 1159 947 1187 Non
967 1160 1020 1187 erit
1037 1159 1063 1186 ei

271 1212 351 1246 bene,
365 1210 411 1246 qui
421 1210 553 1238 assiduus
569 1212 612 1236 est
629 1208 655 1236 in
671 1207 762 1240 malis,
778 1214 830 1235 nec
841 1207 866 1234 ei
882 1206 928 1241 qui
946 1206 1062 1233 eleemo-

271 1264 369 1293 synam
383 1265 437 1285 non
450 1257 576 1291 largitur.
597 1264 607 1282 ι
623 1270 658 1276 ——
672 1262 766 1286 xxxrv,
786 1253 832 1281 ‘25.
852 1263 861 1279 1
880 1252 962 1280 Patris
979 1260 1062 1288 egen-

1119 941 1162 966 νη.
1181 941 1190 958 ι
1206 946 1240 951 -
1258 942 1267 958 1
1291 932 1431 967 Χρήματα
1446 931 1558 964 ἀδίκων,
1585 932 1624 964 ὡς
1644 933 1762 969 ποταμοὶ
1777 933 1917 970 ξηρανθή-

1119 986 1205 1011 σεται,
1221 979 1269 1006 καὶ
1283 979 1321 1010 ὠς
1342 978 1441 1013 βροντὴ
1458 979 1562 1014 μεγάλη
1579 979 1608 1006 ἐν
1626 979 1697 1014 ὐετῷ
1710 979 1850 1015 ἐξηχήσει.
1866 990 1905 1006 ι-

1121 1033 1130 1050 1
1142 1024 1219 1051 Θύων
1230 1024 1289 1051 υἱὸν
1302 1024 1392 1051 ἔναντι
1407 1024 1512 1060 πατρὸς
1521 1024 1616 1058 αὐτοῦ,
1631 1026 1645 1052 ὀ
1656 1026 1804 1061 προσάγων
1819 1025 1919 1052 θυσίαν

1116 1070 1148 1097 ἐκ
1167 1071 1317 1106 χρημάτων
1335 1071 1474 1106 πενήτων.
1494 1080 1503 1096 r
1517 1086 1552 1091 --
1565 1081 1574 1097 1
1591 1071 1648 1098 Οὐκ
1667 1072 1746 1098 ἔσται
1771 1072 1862 1106 ἀγαθὰ
1875 1073 1920 1107 τῷ

1114 1116 1310 1151 ἐνδελεχίζοντι
1327 1116 1366 1149 είς
1383 1115 1467 1151 κακὰ,
1485 1116 1586 1152 καὶξτῷ
1603 1118 1793 1154 ἐλεημοσύνην
1810 1118 1848 1154 μή
1863 1127 1919 1153 χα-

1115 1162 1264 1198 ριζομένῳ.
1284 1171 1294 1187 ι
1313 1178 1349 1183 -
1363 1172 1371 1188 1
1393 1163 1494 1198 Ἀρτος
1506 1162 1693 1198 ἐπιδεομένων
1711 1164 1769 1199 ζωὴ
1785 1163 1917 1198 πτωχῶν·

1113 1207 1127 1233 ὸ
1139 1207 1299 1244 ἀποστερῶν
1313 1209 1408 1244 αὐτὴν,
1428 1208 1572 1245 ἄνθρωπος
1588 1209 1726 1245 αἱμάτων.
1753 1218 1762 1236 ι
1779 1225 1814 1230 -
1833 1210 1918 1244 Ἀγα-

1113 1254 1158 1285 θὸς
1173 1254 1288 1286 πλοῦτος
1299 1251 1321 1289 ᾧ
1339 1255 1377 1290 μὴ
1392 1254 1466 1282 ἔστιν
1482 1255 1615 1292 ἁμαρτία.
1635 1265 1644 1282 ι

272 1305 342 1331 tium
361 1303 417 1330 vita
433 1309 586 1338 pauperum
604 1305 648 1328 est
663 1309 670 1327 ε
685 1300 731 1335 qui
741 1298 889 1327 defraudat
900 1305 972 1331 eam,
989 1297 1071 1325 homo
1085 1300 1249 1335 sanguinum
1265 1305 1317 1328 est.
1335 1309 1345 1326 ι
1358 1315 1394 1321 -—
1408 1309 1457 1328 xm
1470 1321 1478 1335 ,
1499 1301 1545 1329 30.
1577 1311 1586 1328 1
1607 1296 1690 1330 Bona:
1718 1301 1822 1331 divitia:
1849 1307 1919 1331 sunt

271 1351 300 1378 in
313 1348 417 1384 quibus
432 1356 486 1375 non
503 1352 546 1375 est
564 1351 720 1382 peccatum.
737 1354 747 1371 ι

307 1393 395 1420 Εοιιὶ.
411 1401 487 1425 xxxx,
504 1391 561 1419 l-6.
573 1400 631 1427 —_1
649 1390 747 1425 Vigilia
760 1389 920 1417 divitiarum
934 1388 1065 1417 tabefecit

271 1446 383 1471 carnes,
401 1441 429 1465 et
454 1436 593 1472 cogitatus
619 1435 694 1462 illius
723 1433 814 1461 aufert
839 1441 980 1461 somnum.
1010 1432 1064 1466 Qui

272 1488 346 1512 amat
359 1490 468 1516 aurum,
485 1490 541 1510 non
559 1481 767 1517 justiﬁeabitur.
785 1479 864 1507 Multi
877 1479 934 1507 dati
955 1483 1020 1507 sunt
1035 1479 1063 1506 in

1152 1398 1161 1415 1
1179 1389 1332 1425 ’Δγρυπνία
1348 1390 1465 1417 πλούτου
1481 1391 1594 1426 ἐκτήκει
1612 1391 1728 1427 σάρκας,
1742 1392 1788 1419 καὶ
1802 1393 1819 1428 ή
1833 1393 1912 1429 μέρι-

1117 1444 1171 1471 μνα
1182 1436 1264 1462 αὑτοῦ
1276 1436 1379 1471 ἅφιστᾷ
1395 1437 1491 1464 ὕπνον.
1514 1436 1543 1463 '0
1554 1437 1669 1472 ἀγαπῶν
1684 1438 1805 1474 χρυσίον,
1823 1439 1855 1465 οὐ
1871 1440 1915 1466 δι-

1115 1484 1313 1519 καιωθήσεται.
1329 1483 1425 1511 Πολλοὶ
1443 1484 1575 1519 ἐδόθησαν
1600 1485 1641 1516 εἰς
1668 1485 1769 1521 πτῶμα
1784 1487 1912 1522 χρυσίου,

271 1538 368 1559 casum
387 1529 459 1561 auri,
476 1533 502 1556 et
519 1528 590 1556 facta
609 1532 652 1555 est
672 1526 790 1562 perditio
809 1533 906 1554 eorum
921 1526 950 1553 in
965 1525 1062 1553 facient

1117 1529 1164 1555 καὶ
1184 1529 1301 1564 ἐγενήθη
1326 1530 1342 1564 ὴ
1358 1529 1483 1557 ἀπώλεια
1500 1530 1591 1557 αὐτῶν
1604 1531 1683 1565 mea
1703 1532 1850 1567 πρόσωπον
1864 1533 1915 1559 αὖ·

272 1578 407 1613 ipsorum.
424 1576 539 1611 Lignum
559 1573 723 1602 offensionis
743 1576 786 1601 est
809 1580 909 1600 aurum
933 1572 989 1600 illis
1018 1572 1064 1607 qui

1117 1575 1182 1601 τῶν.
1198 1574 1283 1602 Ξύλον
1295 1576 1511 1612 προσκόμματος
1527 1577 1586 1603 ἐστι
1601 1578 1658 1608 τοῖς
1674 1577 1848 1611 θυσιάζουσιν
1861 1579 1913 1605 αὑ-

272 1617 430 1652 sa'criﬁcant
445 1623 471 1650 ei
487 1631 495 1650 :
513 1625 541 1650 et
555 1621 648 1648 omnis
667 1619 829 1655 imprudens
845 1617 1068 1654 deprehendetur

271 1679 299 1699 In
318 1678 362 1698 eo.
383 1679 392 1696 1

308 1715 392 1742 Eccli.
414 1723 475 1748 xm,
487 1713 583 1743 23-26.
597 1728 634 1735 —
660 1723 670 1739 1
688 1712 808 1741 Venator
824 1711 946 1745 leonum,
969 1711 1067 1747 onagri

271 1761 300 1788 in
316 1760 435 1792 deserto,
454 1761 494 1786 sic
519 1762 547 1787 et
569 1765 672 1793 pascua
685 1757 800 1784 divitum
829 1759 894 1784 sunt
919 1761 1064 1790 pauperes.
1087 1765 1092 1769 ~

271 1806 370 1834 Divitis
396 1805 520 1833 cadentis
550 1805 628 1831 multi
647 1807 711 1832 sunt
734 1805 964 1837 recuperatores:
981 1800 1064 1827 locuti

271 1856 334 1879 sunt
349 1859 461 1883 arcana,
474 1850 734 1885 etiustiﬁcaveruut
751 1847 840 1874 illum.
856 1846 938 1874 Dives
955 1846 1065 1873 locutus

269 1902 322 1931 cst,
336 1903 363 1926 et
382 1904 478 1925 omnes
493 1900 649 1928 tacuerunt,
661 1900 687 1922 et
701 1893 816 1922 verbum
834 1892 908 1920 illius
924 1899 1013 1927 usque
1030 1890 1064 1918 ad

270 1946 357 1973 nubes
372 1944 541 1972 extulerunt.
560 1951 571 1969 ι

307 1991 391 2019 Eccli.
407 1997 504 2023 xxvnt,
522 1989 566 2016 1-1.
581 2003 615 2009 -
647 1997 655 2014 1
676 1986 834 2015 Secundum
865 1985 994 2012 virtutem
1014 1983 1063 2011 lto-

270 2039 353 2066 minis
373 2037 514 2065 iracundia
542 2036 617 2063 illius
631 2035 695 2066 erit,
718 2038 745 2061 et
761 2032 915 2061 secundum
933 2031 1063 2060 substan-

271 2085 335 2112 tiam
349 2091 426 2111 suam
442 2082 574 2110 exaltabit
587 2082 658 2108 iram
677 2087 766 2107 suam.
787 2088 796 2104 ι

306 2131 390 2158 Eccli.
408 2138 484 2163 χχχι,
496 2129 572 2156 8-10.
586 2143 622 2148 ——
638 2137 647 2153 1
663 2126 764 2154 Beatus
776 2125 853 2153 dives
868 2124 914 2159 qui
933 2123 1061 2151 inventus

1117 1620 1164 1657 τῷ,
1184 1621 1233 1648 καὶ
1248 1622 1302 1653 πᾶς
1317 1622 1412 1657 ἄφρων
1427 1622 1562 1650 ἁλώσεται
1577 1624 1606 1650 ἐν
1621 1623 1705 1658 αὐτῷ.
1722 1633 1731 1649 ι

1151 1722 1161 1739 1
1179 1712 1306 1748 Κυνηγὺς
1315 1714 1443 1747 λεόντων,
1459 1714 1572 1751 ὅναγροι
1587 1716 1616 1743 ἐν
1631 1717 1739 1752 ἐρήμῳ,
1756 1717 1842 1749 οὕτως
1868 1727 1914 1745 νο-

1117 1758 1167 1793 μαὶ
1187 1759 1323 1794 πλουσίων
1340 1761 1363 1786 οῑ
1381 1760 1494 1795 πτωχοί.
1517 1761 1649 1788 Πλουσίου
1674 1763 1824 1798 σφαλέντος
1844 1765 1912 1790 πολ-

1115 1804 1157 1831 λοὶ
1172 1804 1371 1841 ἀντιλήπτορες
1381 1812 1388 1820 ”
1408 1805 1543 1841 ἐλάλησαν
1553 1808 1710 1844 ἀπόρρητα,
1723 1809 1769 1836 καὶ
1783 1809 1912 1836 ἐδικαίω-

1116 1858 1167 1876 σαν
1181 1849 1272 1877 αὐτόν.
1287 1850 1418 1882 Πλούσιος
1430 1851 1546 1887 ἐλάλησε
1557 1873 1564 1886 ,
1587 1853 1634 1879 καὶ
1647 1854 1747 1886 πάντες
1764 1855 1910 1890 ἐσίγησαν,

1115 1896 1219 1922 καὶτὸν
1234 1895 1312 1930 λόγον
1324 1897 1407 1924 αὐτοῦ
1424 1898 1572 1932 ἀνύψωσαν
1584 1899 1635 1930 ἕως
1655 1900 1710 1926 τῶν
1725 1901 1856 1935 νεφελῶν.
1880 1912 1889 1927 ι

1152 1951 1162 1968 1
1181 1942 1260 1969 Κατὰ
1276 1943 1326 1978 τὴν
1347 1943 1424 1978 ἰσχὺν
1434 1943 1482 1970 τοῦ
1498 1944 1654 1980 ἀνθρώπου,
1668 1946 1755 1978 οὕτως
1769 1948 1815 1974 καὶ
1831 1949 1846 1974 ό
1862 1948 1907 1974 θυ-

1114 1987 1165 2022 μὸς
1179 1987 1274 2021 αὐτοῦ,
1301 1989 1348 2016 καὶ
1365 1989 1437 2017 κατὰ
1455 1989 1502 2016 τὸν
1518 1989 1632 2017 πλοῦτον
1656 1991 1793 2026 ἀνυψώσει
1821 1993 1910 2028 ὀργὴν

1112 2033 1207 2062 αὐτοῦ.
1227 2043 1236 2060 ι

1150 2134 1159 2151 1
1177 2125 1321 2160 Μακάριος
1339 2125 1478 2159 πλούσιος,
1491 2126 1521 2158 ὃς
1546 2127 1647 2163 εὑρέθη
1669 2128 1796 2163 ἄμωμος,
1813 2129 1861 2154 καὶ
1879 2129 1909 2160 ὃς

269 2183 312 2206 est
329 2178 390 2205 sine
405 2176 522 2208 macula,
540 2180 567 2203 οι
577 2175 624 2210 qui
639 2178 701 2209 post
721 2179 819 2200 aurum
834 2178 888 2199 non
902 2170 979 2197 abiit.
994 2169 1062 2203 Quis

1114 2168 1201 2197 ὀπίσω
1215 2171 1328 2206 χρυσίου
1347 2171 1397 2198 οὐκ
1417 2172 1566 2208 ἐπορεύθη.
1595 2172 1643 2203 Τις
1656 2172 1734 2205 ἐστι;
1753 2172 1799 2199 καὶ
1814 2181 1908 2207 μακα-

268 2228 312 2253 cst
325 2223 388 2251 hic?
402 2223 434 2250 Et
445 2221 627 2249 laudabimus
641 2227 716 2247 cum.
731 2217 807 2246 Fecit
831 2217 905 2245 enim
922 2216 1060 2244 mirabilia

270 2270 298 2296 in
319 2268 419 2303 populo
434 2274 496 2295 suo.
519 2265 587 2299 Quis
607 2264 741 2300 probatus
752 2267 795 2291 est
815 2262 844 2289 in
869 2261 926 2294 illo,
954 2265 982 2289 et
997 2268 1060 2296 per-

270 2316 357 2343 fectus
379 2314 440 2342 est?
466 2317 493 2341 et
517 2312 552 2340 sit
569 2312 596 2338 in
613 2311 803 2347 gloriationem
825 2313 970 2337 aeternam.
990 2307 1059 2341 Quis

268 2363 357 2395 potuit
374 2359 541 2395 transgredi,
556 2363 583 2386 ct
608 2365 663 2385 non
681 2361 722 2385 est
738 2361 941 2391 transgressus,
968 2353 1059 2382 facere

268 2410 349 2442 mala,
375 2411 402 2435 et
419 2415 475 2435 non
505 2405 584 2433 fecit?
609 2403 793 2432 Stabilientur
822 2404 895 2430 bona
923 2401 1009 2434 illius,
1033 2404 1060 2428 et

266 2456 454 2490 clcemosynas
469 2453 542 2481 illius
558 2451 697 2479 enarrabit
716 2449 851 2478 Ecclesia.
867 2458 876 2474 ι

304 2501 387 2538 ﬁsa
403 2500 488 2528 Eccli.
501 2508 540 2532 xr,
563 2499 606 2526 l7.
625 2513 659 2519 —
671 2506 680 2523 1
698 2496 746 2524 Est
761 2496 808 2532 qui
824 2496 1007 2531 locupletatur
1023 2503 1056 2524 ex

267 2548 418 2576 attentione
432 2550 460 2574 et
480 2544 689 2580 compressione
712 2550 761 2570 sua
783 2551 789 2568 :
811 2545 839 2569 et
867 2541 1003 2577 relinquet
1026 2547 1058 2569 ea

266 2595 338 2625 aliis,
354 2598 381 2620 et
397 2593 540 2620 morietur.
557 2600 566 2617 ι

301 2641 385 2668 Εσοιὶ.
401 2647 458 2669 xlv.
475 2637 553 2666 4-H.
565 2645 620 2662 -ι
638 2635 690 2669 Qui
707 2637 818 2662 acervat
840 2642 871 2661 ex
894 2633 987 2661 animo
1007 2640 1056 2661 suo

265 2687 377 2720 injuste,
395 2686 456 2713 aliis
471 2687 630 2720 congregat,
647 2687 673 2709 et
696 2682 723 2708 in
745 2680 826 2708 bonis
850 2680 910 2715 ejus
932 2680 1057 2707 luxuria-

265 2731 368 2758 buntur
382 2731 439 2758 alii.
461 2730 514 2763 Qui
540 2728 592 2757 sibi
614 2733 732 2762 nequam
752 2731 804 2758 est,
822 2725 866 2753 cui
885 2726 974 2753 bonus
990 2725 1054 2753 erit.

265 2776 328 2808 Fili,
342 2781 474 2811 quantum
491 2776 587 2807 habes,
606 2772 722 2801 benefac
738 2772 798 2800 tibi.
813 2781 822 2798 ›

301 2821 398 2848 Matth.
424 2830 481 2854 xix,
509 2821 653 2849 25-26.—-
671 2829 680 2845 1
698 2819 772 2846 Dixit
798 2818 881 2846 Jesns
907 2817 1052 2853 discipulis

266 2865 322 2892 suis
336 2874 344 2894 :
361 2867 446 2894 Amen
461 2867 524 2907 dico
534 2867 622 2900 vobis,
639 2865 704 2902 quia
716 2865 825 2894 didicile
840 2864 917 2893 dives
937 2865 1052 2893 intrabit

1114 2215 1226 2252 ριοῢμεν
1242 2216 1334 2244 αὐτόν.
1356 2217 1484 2253 Ἐποίησε
1504 2218 1559 2252 γὰρ
1576 2217 1718 2253 θαυμάσια
1737 2219 1767 2245 ὲν
1786 2218 1844 2253 λαῷ
1859 2219 1905 2245 αῦ-

1112 2261 1170 2289 τοΰ.
1195 2262 1243 2294 Τίς
1262 2261 1430 2298 ἐδοκιμάσθη
1447 2264 1475 2290 ἐν
1493 2263 1585 2298 αὐτῷ,
1605 2264 1653 2290 καὶ
1680 2263 1842 2298 Excisum-t1;
1860 2266 1908 2290 καὶ

1111 2308 1182 2335 ἔστω
1196 2304 1236 2340 εἰς
1252 2309 1395 2344 καύχησιν.
1415 2309 1463 2341 Τίς
1476 2309 1592 2344 ἠδύνατο
1607 2310 1776 2346 παραϐῆναι,
1804 2310 1852 2336 καὶ
1875 2311 1907 2337 οὐ

1111 2353 1232 2389 παρέϐη,
1246 2355 1359 2390 ποιῆσαι
1375 2354 1459 2388 κακὰ,
1473 2355 1520 2382 καὶ
1535 2355 1586 2382 οὐκ
1597 2356 1726 2391 sarcinas;
1746 2355 1907 2392 Στερεωθή-

1111 2408 1187 2427 σεται
1198 2401 1233 2427 τὰ
1247 2402 1338 2435 ἀγαθὰ
1350 2401 1444 2435 αὐτοῦ,
1464 2402 1511 2429 xa‘t
1527 2402 1713 2438 ἐλεημοσύνας
1728 2401 1811 2429 αὑτοῦ
1829 2402 1907 2429 ἐκδι-

1109 2448 1273 2484 ηγήσεταιή
1298 2448 1456 2484 Ἐκκλησία.
1476 2458 1492 2474 )-

1147 2503 1157 2519 1
1181 2493 1258 2520 Ἐστι
1272 2494 1396 2522 πλουτῶν
1414 2495 1468 2522 ἀπὸ
1486 2495 1624 2530 προσοχῆς
1636 2495 1683 2522 καὶ
1706 2495 1838 2529 σφιγγίας
1854 2495 1908 2522 αὐ-

1108 2539 1167 2572 τοῦ,
1192 2540 1240 2566 καὶ
1259 2540 1420 2576 καταλείψει
1447 2541 1517 2568 αὐτὰ
1545 2541 1666 2576 ἑτέροις,
1693 2542 1740 2568 καὶ
1757 2541 1907 2569 ἀποθανεῖ-

1108 2594 1163 2614 ται.
1184 2596 1194 2613 ι

1147 2643 1156 2658 1
1186 2632 1215 2659 '0
1231 2633 1355 2667 συνάγων
1371 2633 1425 2660 ἀπὸ
1435 2633 1487 2668 τῆς
1498 2633 1588 2669 ψυχῆς
1606 2633 1689 2661 αὑτοῦ
1701 2654 1708 2666 ,
1724 2633 1837 2668 συνάγει
1852 2633 1904 2660 ἆλ-

1107 2679 1174 2710 λοις,
1191 2679 1238 2705 καὶ
1251 2680 1279 2705 ἐν
1294 2680 1351 2710 τοῖς
1360 2678 1443 2706 αὐτοῦ
1456 2680 1640 2715 τρυφήσουσιν
1653 2679 1753 2714 ἕτεροι.
1778 2680 1807 2706 '0
1817 2687 1886 2713 πονη

1108 2723 1155 2758 ρος
1166 2724 1266 2759 ἐαυτῷ,
1281 2723 1334 2750 τίνι
1346 2723 1466 2758 ἀγαθός;
1485 2724 1590 2756 τέκνον,
1611 2723 1727 2751 καθόσον
1753 2723 1837 2759 ἔχεις,
1853 2723 1901 2749 εὐ-

1106 2769 1179 2796 ποίει
1194 2769 1309 2805 σεαυτῷ,
1324 2779 1334 2796 ι

1145 2825 1154 2842 1
1170 2813 1253 2843 Εἶπεν
1280 2816 1294 2842 ὸ
1325 2814 1428 2851 Ἰησοῦς
1456 2816 1512 2847 τοῖς
1527 2814 1664 2850 μαθηταῖς
1689 2813 1791 2841 αὑτοῦ·
1814 2813 1906 2850 Ἀμὴν

1097 2863 1178 2899 λέγω
1193 2863 1266 2898 ὑμῖν,
1280 2863 1320 2890 ὅτι
1336 2863 1472 2896 δυσκόλως
1499 2863 1628 2896 πλούσιος
1651 2861 1839 2890 είσελεύσετσι
1862 2860 1906 2893 εἰς
