2056 3113
191 147 256 183 1481

819 152 937 183 SACRA
957 153 1190 184 PARALLELA.

1760 157 1828 191 148:7.

188 210 238 244 τὴν
252 208 391 243 βασιλείαν
416 211 472 236 τῶν
501 210 635 246 οὐρανῶν.
663 208 747 235 Πάλιν
757 208 786 235 δὲ
804 208 876 241 λέγω
897 208 961 243 ὑμῖν

1034 215 1060 235 ιιι
1079 215 1193 243 regnum
1219 208 1364 238 cmlorum.
1391 209 1423 237 Et
1450 210 1549 239 iterum
1573 211 1636 240 dico
1651 213 1731 243 vobis
1748 223 1755 242 :
1773 215 1826 242 Fa-

188 255 384 290 Εὐκοπώτερον
397 256 455 282 ἐστι
466 257 592 292 κάμηλον
614 255 659 282 διὰ
675 255 853 291 τρυπήματος
869 254 981 289 ῥαφίδος

186 300 310 334 διελθεῖν,
329 302 345 337 ἢ
359 302 485 329 πλούσιον
497 303 538 334 εἰς
555 302 605 337 τὴν
620 301 759 337 βασιλείαν
773 300 819 327 τοῦ
833 299 902 327 Θεοῦ
922 301 980 326 εἱσ-

187 346 286 376 ελοεῖν.
305 348 485 380 Ἀκούσαντες
508 348 537 376 δὲ
555 349 579 375 ot
602 348 722 383 μαθηταὶ
735 347 830 378 αὑτοῦ,
846 346 980 381 ἐξεπλήσ-

187 401 265 420 σοντο
280 394 395 430 σφόδρα,
410 394 552 428 λέγοντες·
569 394 617 426 Τίς
637 394 691 430 ἄρα
707 395 819 422 δύναται
841 393 978 428 σωθῆναις

186 439 326 476 ἐμϐλέψας
338 441 366 467 δὲ
381 442 395 467 ὁ
414 440 531 476 Ἰησοῦς,
551 438 630 467 εἶπεν
642 442 736 472 αὐτοῖς
749 449 756 456 ·
773 439 854 476 Παρὰ
874 437 979 473 ἀνθρώ-

185 494 248 518 ποις
261 487 341 514 τοῦτο
353 486 484 514 ἀδύνατόν
503 488 576 519 ἐστι,
602 486 677 522 παρὰ
690 486 719 513 δὲ
737 485 797 522 Θεῷ
821 485 911 512 πάντα
932 484 978 511 δυ-

185 532 262 559 νατά.
284 542 294 558 ι

173 591 176 594 ~
223 587 233 603 ί
261 577 420 613 Ἀνθρώπου
438 578 512 610 τινὸς
524 578 652 606 πλουσίου
665 579 816 614 εὐφόρησεν
831 579 848 606 ἢ
864 579 951 613 χώρα.
965 587 974 602 ι

185 625 233 652 καὶ
247 625 281 652 τὰ
293 624 385 654 λοιπά.

171 682 173 686 ι
223 681 232 697 ι
250 671 319 698 Οὐαὶ
333 672 397 707 ὑμῖν
411 673 467 704 τοῖς
479 672 629 705 πλουσίοις,
645 672 685 700 ὅτι
701 673 816 707 ἀπέχετε
830 671 878 707 τὴν
889 671 978 707 παρά-

184 716 281 752 κλησιν
295 717 381 752 ὑμῶν.
397 718 465 744 Οὐαὶ
479 718 543 754 ὑμῖν
554 719 579 745 οἱ
596 717 836 754 ἐμπεπλησμένοι,
862 718 902 744 ὅτι
917 726 977 744 πει-

184 751 290 790 νάσετε.
312 751 380 789 Οὐαὶ
395 763 459 798 ὑμῖν
479 751 672 798 οἶγελῶνήτες,
695 751 910 798 ὅτι-πενθήσετε
928 763 977 789 καὶ

184 807 326 834 κλαύσετε.

222 864 232 881 ‹
251 855 400 890 ’Λπόστητε
416 857 464 883 ἀπ’
479 855 557 890 ἐμοῦ,
574 857 674 888 πάντες
684 857 709 883 οί
726 857 841 892 ἐργάται
853 857 902 892 τῆς
917 857 974 883 ἁδι-

1031 253 1112 281 cilius
1121 258 1164 282 est
1175 255 1310 282 camelum
1325 263 1372 291 per
1385 256 1509 285 foramen
1528 266 1595 287 acus
1611 259 1728 294 intrare,
1741 269 1825 297 quam

1030 298 1143 326 divitem
1160 299 1264 328 intrare
1282 300 1308 327 in
1325 309 1440 336 regnum
1455 303 1599 332 calorum.
1615 305 1766 335 Audientes
1777 315 1826 335 au-

1029 347 1085 371 tem
1099 343 1230 378 discipuli
1241 344 1304 379 ejus
1319 345 1492 375 mirabantur
1504 349 1745 382 valde,dicentes:
1758 351 1825 384 Quis

1030 389 1133 425 poterit
1148 390 1242 418 salvus
1257 390 1338 418 ﬁeri?
1360 391 1505 427 Aspiciens
1529 399 1622 423 autem
1636 395 1729 430 Ilesus,
1755 397 1825 425 dixit

1030 435 1087 464 illis
1105 444 1113 464 :
1134 436 1212 471 Apud
1237 436 1365 466 homines
1387 439 1440 466 hoc
1465 440 1637 476 impossibile
1656 449 1699 471 est
1720 453 1727 471 :
1751 445 1824 480 apud

1030 480 1117 509 Deum
1135 487 1228 509 autem
1246 483 1337 510 omnia
1360 485 1505 519 possibilia
1521 491 1596 515 sunt.
1616 497 1626 514 ι

1066 574 1131 602 Lm‘.
1162 583 1211 607 χιι,
1238 576 1281 603 l6.
1307 592 1342 597 -
1361 586 1370 603 ι
1396 578 1522 608 Hominis
1554 581 1700 616 cujusdam
1728 583 1823 612 divitis

1030 620 1129 649 uberes
1145 621 1253 650 fructus
1268 630 1333 658 ager
1351 625 1456 658 attulit,
1473 635 1482 651 ι
1501 631 1556 654 etc.

1063 666 1129 694 Luc.
1152 676 1189 700 vI,
1221 668 1267 696 25.
1284 683 1319 689 -—
1336 679 1345 696 ε
1365 669 1412 698 Vae
1429 672 1507 699 vobis
1526 672 1670 707 divitibus,
1692 677 1822 710 quoniam

1029 712 1138 742 habetis
1156 715 1372 743 consolationem
1395 721 1528 744 vestram.
1553 718 1600 746 Va:
1615 721 1695 749 vobis
1711 723 1757 756 qui
1778 731 1822 751 sa-

1027 757 1113 785 turati
1139 759 1217 793 estis,
1238 760 1303 794 quia
1329 762 1469 790 esurietis.
1494 762 1540 791 Vae
1567 765 1644 794 vobis
1659 767 1706 802 qui
1725 768 1822 796 ridetis

1029 810 1112 836 nunc,
1128 803 1193 840 quia
1210 805 1340 840 lugebitis
1355 811 1383 834 et
1398 807 1509 837 ﬂebitis.
1527 818 1537 835 ι

1063 848 1128 877 Luc.
1145 858 1204 884 xm,
1219 850 1306 878 27.-
1318 861 1327 878 ι
1340 852 1476 882 Discedite
1491 863 1505 881 ιι
1521 863 1574 889 me,
1591 864 1686 885 omnes
1701 859 1821 894 operarii

185 901 258 932 κίας.
277 901 350 927 Ἐκεῖ
364 901 440 928 ἔσται
461 902 475 928 ὁ
498 902 638 936 κλαυθμὸς
659 903 708 929 καὶ
728 904 742 929 ό
763 903 886 939 βρυγμὸς
901 903 970 930 ὁδόν-

1026 893 1190 930 iniquitatis.
1207 895 1245 923 lbi
1258 897 1312 924 erit
1326 897 1406 927 ﬂetus
1421 903 1447 927 et
1465 900 1569 929 stridor
1584 892 1745 932 dentiumf»

183 953 245 972 των.
262 954 272 971 1

223 1001 233 1018 t
250 991 300 1019 Διὰ
314 992 341 1019 τί
357 993 419 1028 οὐχ).
438 993 540 1028 μᾶλλον
550 993 708 1026 ἀδικεῖσθε;
724 993 773 1020 Διὰ
790 992 816 1019 τί
833 992 894 1028 οὐχὶ
907 993 976 1028 μᾶλ-

182 1038 228 1066 λον
244 1040 456 1076 ἀποστερεῖσθε;
478 1040 536 1067 ἀλλ’
555 1041 635 1075 ὑμεῖς
652 1039 772 1066 ἀδικεῖτε
791 1038 839 1065 καὶ
858 1039 976 1065 ἀποστε-

183 1085 266 1119 ρεῖτε,
282 1085 329 1112 καὶ
344 1084 433 1112 ταῦτα
447 1084 590 1119 ἀδελφούς.
603 1084 639 1110 Ἦ
655 1083 705 1110 οὐκ
714 1082 817 1115 οἴδατε,
832 1083 874 1109 ὅτι
889 1081 976 1109 ἄδικοι

183 1129 321 1163 βασιλείαν
331 1131 399 1157 Θεοῦ
414 1131 444 1158 οὺ
458 1131 728 1167 κληρονομήσουσιν;
746 1140 756 1156 ι

218 1227 229 1245 4
251 1220 280 1246 '0
296 1219 397 1247 ἀδικῶν
426 1220 565 1255 κομιεῖται
590 1219 604 1246 ὃ
618 1220 742 1256 ἠδίκησε.
771 1219 827 1246 Καὶ
853 1217 903 1244 οὐκ
917 1217 975 1245 ἔστι

180 1264 397 1302 προσωποληψία
411 1265 487 1299 παρὰ
502 1264 542 1300 τῷ
559 1264 630 1300 Θεῷ.
653 1275 661 1290 ι

219 1370 229 1386 ε
243 1360 290 1396 Μὴ
301 1359 479 1395 ὑπερϐαίνειν
490 1359 536 1386 καὶ
549 1359 721 1386 πλεονεκτεῖν
731 1359 760 1385 ὲν
773 1357 917 1394 πράγματι
927 1358 974 1385 τὸν

179 1405 294 1440 ἀδελφὸν
308 1405 392 1433 αὑτοῦ
406 1414 414 1421 ·
440 1405 510 1432 διότι
537 1405 644 1437 ἔκδικος
665 1405 680 1431 ὸ
694 1404 760 1436 Θεὸς
785 1405 850 1439 περὶ
863 1404 973 1433 πάντων

178 1452 292 1480 τούτων.
311 1462 321 1478 ι

217 1507 227 1523 ι
243 1497 405 1533 ’Δποστήτω
417 1497 472 1525 ἀπὸ
485 1496 593 1527 ἀδικίας
610 1496 664 1528 πᾶς
681 1497 694 1523 ὁ
707 1495 849 1531 ὀνομάζων
863 1495 894 1522 τὸ
911 1495 971 1522 δνο-

181 1551 219 1576 μα
233 1543 280 1569 τοῦ
297 1543 377 1570 Θεοῦ,
400 1553 410 1569 ι

216 1599 226 1617 ‹
243 1591 274 1617 Ol
288 1589 446 1625 βουλόμενοι
460 1589 598 1621 πλουτεῖν,
612 1587 799 1623 ἐμπίπτουσιν
814 1588 857 1619 εἰς
872 1595 970 1622 πειρα-

179 1636 258 1671 σμδν,
268 1636 315 1663 καὶ
326 1636 366 1667 είς
379 1634 491 1669 παγίδα,
504 1634 552 1661 καὶ
564 1634 604 1665 είς
615 1632 765 1667 ἐπιθυμίας
780 1631 879 1664 πολλὰς
891 1632 971 1667 ἀνοή-

178 1690 241 1714 τους
269 1682 316 1708 κοιλ¹
337 1680 484 1717 βλαϐερὰς,
502 1675 605 1711 αἵτινες
623 1678 765 1714 βυθίζουσι
784 1678 849 1709 τοὺς
862 1677 968 1713 ἀνθρώ-

179 1739 246 1762 πους
263 1730 302 1761 είς
314 1729 424 1765 ὖλεθρον
447 1728 495 1755 καὶ
511 1727 661 1754 ἀπώλειαν.
691 1725 768 1758 Ῥίζα
788 1725 843 1762 γὰρ
861 1725 970 1752 πάντων

178 1776 232 1803 τῶν
243 1776 336 1803 κακῶν
354 1775 429 1802 ἔστιν
443 1776 460 1809 ἡ
473 1773 643 1809 φιλαργυρία
653 1792 661 1804 ,
675 1769 709 1808 ἧς
722 1780 797 1803 τινες
809 1771 970 1807 ὀρεγόμενοι

178 1822 394 1858 ἀπεπλανήθησα
425 1820 478 1847 ἀπὸ
495 1820 546 1855 τῆς
559 1819 689 1852 πίστεως,
705 1818 752 1845 καὶ
763 1818 876 1849 ἑαυτοὺς
890 1825 969 1852 περι-

177 1867 291 1902 έπειραν
304 1866 411 1897 ὀδύναις
424 1865 546 1896 πολλαῖς.
568 1873 578 1889 ι

216 1923 226 1939 ι
244 1913 275 1939 Οἱ
292 1912 425 1944 πλούσιοι,
443 1910 582 1938 κλαύσατε
595 1909 770 1941 ὀλολύζοντες
786 1909 833 1936 ἐπὶ
847 1909 907 1940 ταῖς
918 1917 969 1935 τα-

180 1960 342 1996 Ααιπωρίαις
359 1959 436 1995 ὑμῶν
462 1960 523 1989 ταῖς
555 1957 768 1993 ἐπερχομέναις.
796 1956 826 1982 'O
853 1955 969 1987 πλοῦτος

179 2007 254 2042 ὕμῶν
270 2007 384 2042 σέσηπε,
407 2004 501 2032 καὶτὰ
515 2004 611 2039 ἱμάτια
633 2003 711 2039 ὑμῶν
731 2001 892 2038 σητόϐρωτα
907 2002 968 2036 ἐγέ-

175 2055 245 2088 ξνετο.
270 2053 299 2080 '0
311 2052 411 2088 χρυσὸς
422 2051 511 2087 ὑμῶν,
523 2050 572 2077 καὶ
583 2051 598 2077 ὸ
615 2050 735 2086 ἄργυρος
751 2048 894 2081 κατίωται,
922 2048 968 2075 καὶ

174 2083 242 2131 διὸς
252 2083 342 2126 αὐτᾶν
355 2099 395 2130 εἰς
409 2083 561 2134 μαρτύριον
577 2083 643 2132 ὑμῖν
662 2083 741 2123 ἔσται
751 2115 759 2128 ,
782 2095 831 2122 καὶ
850 2094 967 2129 φάγεται

173 2137 225 2177 τὰς
251 2144 356 2181 σάρκας
381 2143 459 2179 ὑμῶν
484 2144 499 2170 ὁ
516 2143 563 2175 ἰός.
585 2142 629 2174 Ὦς
644 2141 700 2178 πῦρ
726 2141 925 2177 ἐθησαυρίσατε
938 2141 967 2168 ὲν

175 2191 278 2227 ἐσχάτῃ
293 2191 396 2227 ἡμέρᾳ.
416 2200 426 2217 ι

1064 985 1079 1012 1
1096 985 1157 1013 Cor.
1174 995 1211 1019 vt,
1228 988 1254 1022 7,
1272 988 1344 1022 8,-
1362 1000 1371 1017 ι
1390 990 1481 1024 Quare
1497 1000 1550 1020 non
1571 995 1663 1029 potius
1689 996 1820 1031 injurinm

1028 1031 1175 1066 accipitis?
1190 1033 1281 1066 Quare
1296 1042 1351 1062 non
1370 1037 1458 1072 magis
1476 1038 1599 1066 fraudem
1617 1041 1760 1075 patimini?
1772 1045 1819 1071 sed

1028 1083 1076 1105 vos
1089 1076 1180 1105 facitis
1196 1079 1337 1114 injuriam,
1350 1085 1377 1109 et
1392 1081 1547 1117 fraudatis;
1564 1089 1591 1112 et
1603 1086 1660 1114 haec
1670 1087 1818 1117 fratribus:

1026 1121 1067 1168 ᾼιι
1083 1124 1198 1152 nescitis
1213 1125 1278 1160 quia
1295 1125 1384 1162 iniqui
1406 1135 1521 1164 regnum
1548 1129 1596 1158 Dei
1623 1139 1675 1160 non
1693 1135 1821 1168 pesside-

1027 1167 1118 1196 bunt?
1133 1179 1143 1196 ι

1062 1213 1168 1243 Colon.
1185 1224 1226 1249 ιιι,
1241 1217 1286 1245 25.
1300 1233 1334 1238 -
1351 1228 1362 1245 ι
1380 1219 1431 1253 Qui
1447 1219 1577 1255 injuriam
1602 1221 1680 1256 facit,
1702 1225 1820 1260 recipiet

1026 1259 1053 1287 id
1065 1261 1136 1296 quod
1159 1263 1252 1298 inique
1265 1265 1332 1300 egit.
1355 1265 1413 1294 Non
1429 1271 1472 1295 est
1491 1275 1676 1303 personarum
1696 1259 1819 1308 acceptio

1027 1307 1099 1341 apud
1117 1307 1213 1337 Deum.
1229 1319 1238 1336 ι

1061 1361 1077 1389 Ι
1094 1363 1186 1392 Thess.
1203 1373 1240 1398 tv,
1261 1365 1288 1393 6.
1313 1381 1348 1386 --
1373 1367 1432 1395 Non
1458 1370 1637 1405 supergredi,
1658 1379 1747 1407 neque
1764 1375 1818 1402 cir-

1025 1410 1183 1438 cumvenire
1199 1411 1226 1438 in
1245 1412 1356 1446 negotio
1380 1412 1492 1441 fratrem
1514 1423 1615 1442 suum:
1639 1417 1703 1452 quia
1718 1418 1818 1447 vindex

1024 1459 1066 1483 est
1082 1455 1153 1484 Deus
1165 1456 1199 1484 de
1211 1458 1340 1486 omnibus
1355 1458 1409 1486 his.
1430 1468 1440 1485 ι

1061 1499 1092 1527 II
1107 1500 1176 1528 Tim.
1187 1509 1216 1534 ιι,
1234 1502 1278 1529 19.
1294 1517 1328 1522 -
1344 1513 1353 1528 ι
1372 1503 1499 1532 Discedat
1517 1505 1552 1533 ab
1566 1506 1713 1542 iniquitate
1725 1510 1817 1539 omnis

984 1560 1008 1592 ρ
1023 1545 1074 1592 qui
1085 1545 1209 1592 nominat
1224 1555 1324 1574 nomen
1341 1548 1396 1577 Dei.

1059 1589 1074 1616 I
1086 1589 1155 1617 Tim.
1172 1599 1209 1624 νι,
1227 1592 1254 1624 9,
1273 1592 1316 1619 10.
1333 1608 1366 1612 -
1393 1603 1403 1620 ι
1420 1594 1472 1628 Qui
1497 1595 1595 1624 volunt
1617 1598 1716 1627 divites
1744 1600 1813 1635 fieri,

1022 1635 1147 1663 incidunt
1160 1637 1187 1664 in
1199 1638 1393 1671 tentationem,
1410 1643 1437 1667 et
1453 1640 1481 1668 in
1502 1641 1644 1677 laqueum,
1659 1649 1686 1671 et
1699 1644 1726 1673 in
1742 1645 1814 1674 desi-

1021 1682 1097 1710 deria
1114 1683 1199 1710 multa
1211 1683 1309 1712 insana
1318 1689 1346 1712 et
1358 1686 1469 1719 nociva,
1481 1695 1543 1723 qua:
1551 1695 1679 1725 mergunt
1687 1691 1814 1721 homines

1021 1727 1048 1755 in
1064 1727 1205 1755 interitum
1219 1733 1247 1756 et
1263 1729 1459 1764 perditionem.
1486 1731 1576 1761 Radix
1599 1735 1673 1762 enim
1689 1736 1812 1765 omnium

1020 1773 1155 1801 malorum
1164 1777 1206 1802 est
1216 1775 1364 1810 cupiditas,
1373 1784 1454 1812 quam
1462 1778 1573 1813 quidam
1586 1784 1757 1816 appetentes,
1769 1791 1814 1812 er-

1019 1825 1150 1848 raverunt
1164 1829 1178 1848 a
1190 1821 1286 1857 ﬁde,et
1297 1822 1474 1851 inseruerunt
1482 1832 1512 1853 se
1521 1824 1666 1855 doloribus
1677 1829 1782 1857 multis.
1800 1840 1809 1855 ι

1054 1910 1115 1939 Jac.
1131 1919 1158 1944 v,
1175 1911 1200 1944 l,
1214 1912 1291 1939 5.-ι
1307 1912 1419 1946 Divites,
1435 1913 1541 1949 plorato
1559 1915 1701 1945 ululantes
1719 1917 1746 1945 in
1759 1919 1812 1946 mi-

1019 1957 1102 1985 seriis
1111 1965 1173 1992 quae
1184 1959 1311 1986 accident
1321 1959 1411 1987 vobis.
1423 1960 1531 1989 Divitiae
1543 1967 1642 1990 vestrae
1651 1964 1812 1998 putrefacta:

1019 2006 1094 2035 sunt,
1110 2007 1138 2030 et
1161 2003 1325 2031 vestimenta
1339 2009 1432 2032 vestra
1457 2013 1473 2033 a
1487 2007 1572 2035 tineis
1595 1999 1719 2037 comesta
1736 2016 1809 2038 sunt.

1017 2048 1122 2075 Aurum
1133 2052 1255 2077 vestrum
1270 2053 1298 2077 et
1321 2055 1464 2086 argentum
1486 2053 1658 2088 teruginavit,
1675 2059 1702 2082 et
1719 2063 1811 2091 atrugo

1017 2101 1113 2121 eorum
1132 2094 1159 2121 in
1181 2094 1370 2122 testimonium
1387 2097 1467 2124 vobis
1489 2097 1542 2125 erit
1562 2103 1612 2126 :et
1634 2101 1825 2135 manducabit‘

1018 2147 1117 2168 carnes
1133 2144 1241 2168 vestras
1257 2148 1362 2177 aerugo.
1394 2141 1473 2171 Sicut
1487 2143 1578 2178 ignem
1598 2145 1810 2174 tbesaurizastis

1018 2186 1044 2213 in
1065 2186 1217 2214 novissimo
1235 2186 1291 2214 die.
1306 2196 1316 2213 ι
1752 2184 1757 2190 ’

213 2247 222 2263 ι
244 2237 276 2263 'H
293 2237 384 2273 κρίσις
395 2237 505 2269 ἀνέλεος
518 2236 556 2270 τῷ
569 2235 607 2271 μὴ
621 2235 766 2273 ποιήσαντι
775 2234 859 2267 ἔλεος.
879 2234 941 2261 Ἐὰν
951 2233 966 2260 δ

1052 2231 1113 2259 Jac.
1131 2240 1161 2266 ιι,
1187 2233 1232 2266 15,
1251 2233 1295 2262 16.
1310 2248 1345 2254 -
1363 2243 1373 2260 ‹
1389 2233 1525 2263 Iudicium
1549 2236 1609 2265 sine
1621 2237 1809 2267 misericordia

176 2283 289 2317 ἀδελφὸς
299 2303 307 2316 ,
321 2283 338 2318 ἢ
353 2282 456 2318 ἀδελφὴ
468 2282 569 2317 γυμνοὶ
587 2281 753 2316 ὑπάρχουσι,
770 2280 818 2307 καὶ
834 2279 964 2315 λειπόμε-

176 2338 218 2356 νοι
241 2329 291 2363 τῆς
317 2328 456 2363 ἐφημέρου
480 2328 595 2363 τροφῆς,
626 2326 691 2362 εἴπῃ
712 2325 743 2352 δέ
763 2334 807 2356 τις
830 2325 860 2357 ἐξ
875 2324 963 2359 ὑμῶν,

181 2375 319 2409 Ὑπάγετε
340 2375 369 2401 ἐν
397 2374 492 2409 εἰρήνῃ
505 2394 512 2406 ,
544 2372 742 2408 Θερμαίνεσθε,
763 2371 811 2398 καὶ
831 2371 964 2407 χορτάζε-

177 2420 224 2447 σθι
235 2429 243 2436 ·
267 2420 305 2456 μὴ
320 2419 388 2447 δῶτε
399 2419 428 2446 δὲ
443 2419 535 2451 αὐτοῖς
547 2419 582 2445 τὰ
596 2417 737 2454 ἐπιτήδεια
758 2416 805 2444 τοῦ
825 2417 963 2452 σώματος,

175 2467 202 2493 τί
217 2466 330 2501 δφελοςς
349 2475 359 2492 ›
389 2502 397 2507 1

213 2521 222 2538 α
241 2510 303 2539 Οἵδε
312 2512 413 2547 Κύριος
425 2510 547 2542 εὐσεϐεῖς
558 2511 590 2537 ἐκ
598 2510 653 2536 τῶν
663 2509 826 2545 πειρασμῶν
838 2509 961 2545 ῥύεσθαι,

173 2557 284 2589 ἀδίκους
298 2557 327 2584 δὲ
354 2558 394 2588 εις
415 2555 523 2592 ἡμέραν
550 2555 668 2591 κρίσεως
696 2554 896 2590 κολαζομένους
917 2563 964 2591 τη-

193 2604 243 2630 εῖν.
264 2612 274 2628 ι

174 2612 331 2680 ρεὶνζίέστις
343 2647 398 2682 ἔχει
413 2647 459 2674 τὸν
473 2646 530 2682 βίον
540 2646 588 2673 τοῦ
601 2646 704 2682 κόσμου
715 2646 822 2679 τούτου,
833 2647 881 2674 καὶ
893 2647 962 2675 θεω-

173 2695 216 2730 ρεῖ
234 2694 280 2721 τὸν
289 2693 404 2727 ἀδελφὸν
415 2692 498 2720 αὐτοῦ
514 2692 610 2727 χρείαν
624 2692 732 2728 ἔχοντα,
744 2693 790 2719 καὶ
807 2693 911 2720 κλείσει
926 2694 962 2720 τὰ

174 2740 326 2774 σπλάγχνα,
338 2739 397 2771 πῶς
409 2739 426 2774 ἡ
439 2739 532 2773 ἀγάπη
548 2738 595 2765 τοῦ
611 2738 679 2765 Θεοῦ
695 2739 771 2773 μένει
785 2740 815 2766 ὲν
831 2739 924 2773 αὺτῶ;
948 2749 958 2766 ι

209 2832 340 2858 Ἀκουσαι
380 2830 527 2866 ἄνθρωπε,
556 2830 746 2866 Σολομῶντος·
774 2830 821 2864 Μὴ
854 2831 958 2865 ειπῃς,

166 2885 169 2888 ’
186 2877 368 2906 Επανελθὼγ
381 2877 586 2910 ὲπάνηκε,καὶ
602 2877 706 2912 αὔριον
730 2876 825 2905 δώσω.
845 2879 886 2905 οὺ
904 2877 959 2912 γὰρ

257 2942 262 2950 κ
286 2925 426 2965 Puncta
450 2925 508 2955 Gn.
535 2924 622 2955 XCV.

1015 2277 1056 2305 illi
1069 2278 1116 2313 qui
1128 2285 1183 2306 non
1199 2277 1262 2306 fecit
1279 2279 1508 2309 misericordiam.
1527 2281 1555 2310 Si
1572 2282 1657 2310 frater
1670 2288 1718 2311 aut
1729 2291 1810 2312 soror

1015 2325 1082 2352 nudi
1095 2325 1161 2358 sint,
1178 2330 1206 2353 et
1221 2325 1363 2362 indigeant
1381 2327 1456 2355 victu
1473 2329 1651 2364 quotidiana,
1672 2330 1744 2358 dicat
1759 2339 1808 2358 att-

1014 2375 1069 2399 tom
1089 2372 1190 2407 aliquis
1203 2380 1235 2399 ex
1251 2373 1330 2401 vobis
1344 2382 1351 2401 :
1371 2374 1408 2402 Ite
1424 2374 1452 2402 in
1472 2382 1550 2410 pace,
1567 2376 1764 2409 calefacimini,
1781 2382 1809 2404 et

1014 2417 1178 2444 saturamini
1191 2425 1198 2444 :
1213 2424 1267 2444 non
1280 2418 1412 2447 dederitis
1423 2423 1516 2447 autem
1527 2420 1569 2448 eis
1577 2428 1639 2456 quae
1651 2423 1807 2449 necessaria

1013 2467 1079 2491 sunt
1095 2463 1215 2498 corpori,
1231 2463 1297 2499 quid
1314 2465 1457 2499 proderit?
1473 2475 1484 2493 ι

1050 2508 1082 2536 II
1096 2509 1169 2537 Patr.
1191 2517 1222 2542 ιι,
1234 2510 1260 2537 9.
1272 2523 1307 2530 -—
1318 2519 1327 2536 ι
1346 2510 1428 2538 Novit
1445 2510 1517 2539 Dens
1528 2512 1589 2546 pios
1598 2520 1631 2540 ex
1647 2513 1806 2542 tentationi-

1013 2555 1066 2583 bus
1078 2556 1185 2591 eripere
1200 2565 1208 2583 :
1224 2556 1344 2591 injustos
1359 2561 1450 2585 autem
1465 2558 1493 2585 in
1509 2558 1581 2586 diem
1592 2559 1688 2594 judicii
1705 2567 1806 2588 excru-

1012 2602 1127 2630 ciandos
1144 2609 1297 2630 reservare.

1049 2646 1064 2674 1
1080 2646 1162 2675 Joan.
1188 2655 1229 2681 nt,
1248 2648 1292 2676 Π.
1308 2664 1344 2670 -
1360 2659 1370 2676 ι
1387 2649 1437 2683 Qui
1465 2650 1595 2679 habuerit
1619 2651 1803 2680 substantiam

1012 2693 1096 2728 hujus
1109 2695 1216 2727 mundi.
1229 2699 1256 2722 et
1271 2695 1369 2723 viderit
1386 2695 1499 2724 fratrem
1513 2705 1594 2725 suum
1612 2699 1803 2727 necessitatem

1014 2739 1125 2773 habere,
1141 2744 1168 2768 et
1182 2741 1314 2769 clauserit
1331 2742 1438 2770 viscera
1463 2750 1514 2770 sua
1536 2742 1572 2771 ab
1593 2750 1636 2777 eo,
1665 2745 1803 2780 quomodo

1012 2785 1134 2813 Charitas
1145 2786 1193 2814 Dei
1214 2790 1306 2814 manet
1323 2787 1350 2814 in
1363 2788 1416 2815 eo?
1432 2797 1442 2813 ι

1047 2831 1076 2859 S.
1090 2832 1177 2859 Basil.
1194 2833 1265 2860 hom.
1284 2833 1311 2860 in
1327 2833 1394 2860 illud
1408 2841 1417 2861 ε
1434 2843 1443 2860 ‹
1462 2834 1604 2861 Dcslruam
1621 2835 1726 2863 horrea.
1742 2845 1752 2862 I
1768 2850 1804 2858 —

1012 2876 1093 2913 485
1111 2873 1187 2918 ᾼιιιιί-
1214 2886 1308 2914 quaso
1338 2878 1511 2908 Salontoncm
1533 2889 1539 2906 :
1558 2879 1599 2907 Ne
1624 2881 1711 2911 ditat.
1733 2880 1803 2908 Vade

1337 2932 1369 2963 ,⁸
1555 2926 1590 2958 47
