2056 3113
263 145 332 178 1483

261 209 285 232 et
299 207 438 233 revertere.
449 206 473 230 et
487 210 547 229 cras
561 201 630 229 dabo
645 200 694 228 tibi
707 202 799 237 (Prov.
821 209 864 233 ιιι,
886 201 943 237 28).
960 200 1056 228 Nescis
1071 203 1093 231 Α

260 250 334 277 enim
349 249 412 284 quid
429 253 618 283 supermmlura
632 248 717 282 pariel
730 247 787 275 dies
801 248 894 283 (Prov.
919 255 1004 279 xxvu,
1017 246 1056 283 1).

261 298 282 322 0
303 303 364 331 qua:
377 300 511 330 praecepta
526 294 698 322 contemnisl
716 293 816 322 Tristis
830 302 871 328 es,
885 299 968 330 atque
980 294 1056 330 ejus—

263 342 337 369 modi
359 348 441 376 quem
458 341 504 368 vix
531 340 680 368 convenire
706 340 852 376 quisquam
878 340 983 375 possit;
1009 340 1057 376 qui

261 395 410 415 occursum
427 386 570 414 hominum
587 386 689 422 fugias,
711 394 745 414 ne
761 386 803 413 vel
822 386 960 413 tantulum
976 386 1058 423 quid—

254 433 333 468 .piam
346 441 361 461 e
373 433 500 461 manibus
509 433 635 460 emittere
647 432 767 467 cogaris.
779 431 867 460 Unam
879 433 951 460 hanc
963 439 1057 460 vocem

265 479 336 507 nosti
353 488 360 506 :
375 478 434 506 Non
452 479 552 511 habeo,
576 486 627 506 nec
650 479 722 507 dabo
739 488 746 506 :
766 486 871 515 pauper
893 479 966 506 enim
984 486 1056 507 sum.

268 526 300 553 \c
325 533 392 554 sane
416 533 520 561 pauper
536 532 577 558 es,
593 526 739 560 omnisque
753 532 852 561 expers
872 525 938 552 boni
955 535 962 552 :
979 526 1058 560 inops

264 575 408 608 charitalc,
430 574 511 609 inops
528 573 710 605 humanitate,
728 572 807 607 inops
830 572 883 599 lide
906 571 934 599 in
962 571 1057 605 Deum,

264 622 344 657 inops
359 629 407 657 spe
423 624 537 648 aeterna.
560 619 614 646 Fac
632 618 742 651 saltem,
758 617 862 646 fratres
879 618 917 645 lui
945 618 972 645 iu
996 625 1057 653 par-

265 673 320 696 tem
333 675 396 695 cum
412 666 492 694 tineis
509 665 632 694 veniant.
655 665 734 699 Quod
758 664 894 700 postridie
909 664 1060 692 labefacta-

266 713 349 745 bitur,
372 712 516 747 egentibus
543 711 624 738 hodie
649 711 750 738 tribue.
779 710 913 738 Extrema:
937 709 1061 737 avaritia

265 761 317 791 cst,
335 765 369 785 ne
381 764 412 786 ea
425 756 535 792 quidem
550 764 611 792 quae
624 760 855 791 corrumpuntur,
875 763 937 783 cum
953 755 1059 791 egenti-

266 805 317 832 bus
331 803 547 831 communicare.
567 802 652 837 Quem
669 802 792 835 tandem,
808 801 897 837 inquit
911 802 967 834 ille,
988 802 1061 836 inju-

265 851 307 878 ria
325 849 423 883 adicio,
435 849 499 877 dmn
511 857 572 884 quae
589 857 648 877 mea
663 853 739 882 sunt,
755 849 906 876 contineo?
928 848 1060 881 Quamam

267 901 369 929 tamen,
385 903 491 931 quaeso,
508 900 554 923 tua
572 895 656 923 sunt?
675 897 716 922 An
743 902 797 922 non
822 894 912 923 nudus
933 894 1061 922 excidisti
1077 885 1099 914 Β

266 949 299 968 ex
317 946 442 968 materno
459 940 557 975 utcro_?
576 948 611 968 an
630 947 683 967 non
703 940 796 968 nudus
820 947 930 967 rursum
954 939 981 966 in
1008 943 1063 966 ter-

267 993 326 1012 ram
349 984 514 1012 reverteris?
538 983 604 1016 Quae
619 991 684 1011 vero
704 991 778 1011 nunc
806 983 901 1016 habes,
921 983 994 1011 unde
1013 983 1062 1010 tibi

266 1030 461 1066 contigerunt?
477 1029 506 1057 Si
528 1038 543 1057 a
561 1030 671 1057 fortuna
695 1029 811 1062 dixeris,
840 1029 943 1065 impius
959 1037 1000 1061 es.
1015 1029 1062 1065 qui

266 1085 318 1104 nec
329 1077 488 1104 Creatorem
507 1083 654 1111 agnoscas,
677 1083 728 1103 nec
746 1075 830 1103 ullam
846 1078 870 1103 ei
883 1076 930 1112 qui
947 1077 1063 1111 largitus

266 1126 318 1155 cst,
335 1122 450 1157 gratiam
466 1121 579 1149 habeas.
594 1119 643 1149 Sin
660 1128 675 1147 a
695 1120 749 1148 Deo
761 1128 776 1148 a
792 1124 818 1148 te
834 1121 936 1151 habere
950 1121 1064 1149 conﬁte-

268 1170 317 1201 ris,
341 1168 407 1196 all‘er
432 1175 545 1196 causam
568 1176 619 1195 cur
632 1167 781 1202 acceperis.
808 1166 878 1194 Num
894 1167 1007 1203 iniquus
1022 1172 1064 1195 est

269 1216 350 1247 Deus,
367 1214 415 1250 qui
431 1214 502 1242 haud
520 1221 597 1249 aeque
615 1213 696 1241 nobis
706 1213 984 1249 distribuitiEequid
996 1214 1063 1241 illud

267 1265 310 1289 est
326 1269 375 1289 cur
392 1264 420 1287 tu
447 1260 548 1295 opibus
565 1259 701 1292 abundes,
720 1259 766 1286 ille
793 1264 890 1287 contra
907 1260 1006 1295 egeat?
1028 1267 1063 1288 an

269 1314 322 1334 non
339 1306 463 1338 omnino,
480 1310 509 1333 ut
526 1309 553 1333 et
572 1309 600 1333 tu
616 1305 797 1341 benignitatis
815 1305 958 1341 ﬁdelisque
975 1306 1064 1334 admi-

267 1353 444 1380 nistralionis
463 1352 615 1379 mercedem
642 1351 757 1383 referas,
783 1354 811 1378 ct
837 1351 882 1378 ille
902 1351 1063 1387 ingentibus

268 1399 407 1433 patientia:
423 1397 544 1433 praemiis
568 1397 704 1424 ornetur?
736 1397 849 1425 Siccine
866 1405 942 1429 vero.
963 1399 1064 1427 vastis-

269 1445 339 1472 simo
358 1448 386 1471 et
409 1443 568 1479 inexplebili
591 1442 715 1470 avaritiae
733 1444 796 1471 sinu
812 1444 904 1471 omnia
920 1451 1061 1478 coercens,

268 1489 373 1517 nemini
392 1493 419 1517 te
435 1489 538 1517 inferre
556 1488 686 1523 iniuriam
702 1492 794 1524 putas,
809 1496 872 1516 cum
884 1493 924 1517 tot
938 1489 1063 1518 homines

268 1542 363 1562 eorum
382 1542 434 1563 usu
463 1534 588 1570 spolias?
606 1533 675 1567 Quis
692 1528 815 1562 avarus?
838 1542 873 1562 an
894 1543 950 1563 non
974 1536 998 1563 is
1015 1535 1062 1571 qui

269 1587 302 1608 eo
315 1580 387 1615 quod
404 1580 472 1608 satis
489 1580 536 1614 sit,
551 1583 700 1608 contentus
716 1588 772 1608 nou
787 1580 851 1608 est?
865 1580 933 1614 Quis
960 1582 1063 1616 spolia-

268 1626 330 1655 tor?
346 1627 370 1654 is
387 1626 434 1662 qui
447 1633 498 1653 sua
508 1626 610 1661 cuique
626 1625 719 1661 eripit.
737 1624 778 1653 Tu
791 1625 876 1661 igitur
887 1634 988 1655 avarus
1004 1627 1061 1660 ille,

267 1677 298 1698 tu
318 1671 462 1706 spoliator,
481 1670 528 1705 qui
544 1677 576 1697 ea
603 1678 664 1705 quae
681 1670 861 1705 dispensandi
877 1678 961 1699 causa
984 1679 1063 1700 acce-

269 1717 349 1752 pisti,
363 1716 412 1743 tibi
425 1716 478 1751 ipsi
495 1715 631 1744 vindicas.
650 1715 679 1743 Si
699 1716 747 1751 qui
773 1715 879 1744 homini
895 1722 997 1745 vestem
1015 1717 1063 1745 de-

268 1758 365 1795 trahit,
378 1763 448 1790 citra
469 1762 688 1790 controversiam
700 1762 745 1789 lur
760 1766 819 1795 est,
837 1762 882 1790 ille
896 1763 943 1797 qui
957 1763 1061 1791 nudum

270 1816 325 1835 non
336 1807 435 1840 induit,
452 1814 514 1835 cum
528 1807 556 1834 id
575 1806 666 1834 lacere
684 1806 782 1841 possit,
801 1807 926 1842 nunquid
942 1807 997 1835 alio
1014 1815 1064 1835 no-

271 1856 346 1882 mine
358 1853 437 1881 debet
450 1852 602 1889 appellari?
617 1852 748 1880 Famelici
766 1856 809 1880 est
823 1852 868 1880 ille
884 1853 964 1888 panis
980 1861 1063 1889 quem

849 144 879 173 S.
900 142 1062 175 JOANNIS
1081 142 1298 174 DAMASCENI

1835 142 1911 175 1484

1108 198 1203 234 οἶδας,
1217 200 1247 227 τί
1261 200 1377 232 τέξεται
1388 199 1407 234 ἡ
1423 199 1564 227 ἐπιοῦσα.
1574 199 1644 226 οἴων
1662 199 1912 236 παραγγελμάτων

1109 246 1260 282 ὑπερορᾷςῐ
1278 247 1332 273 Καὶ
1347 246 1473 282 κατηφὴς
1484 244 1520 280 εἴ,
1535 248 1583 274 καὶ
1596 246 1801 278 δυσέντευκτος,
1810 245 1908 272 ἐκκλί-

1108 303 1160 321 νων
1174 293 1223 326 τὰς
1242 294 1422 328 ἀπαντήσεις,
1444 293 1537 328 μήπου
1549 301 1587 326 τι,
1605 293 1652 319 καὶ
1667 292 1765 328 μικρὸν
1779 292 1908 325 ἀναγκα-

1109 342 1176 378 σθῇς
1193 343 1248 370 τῶν
1263 341 1363 378 χειρῶν
1378 341 1515 369 ἐκϐαλεῖν.
1536 341 1610 368 Μίαν
1632 339 1707 372 οἶδας
1722 340 1814 375 φωνήν
1825 347 1832 354 ’
1848 338 1910 365 οὐκ

1109 389 1174 424 ἔχω,
1190 388 1252 415 οὐδὲ
1266 388 1359 415 δώσω
1375 388 1459 423 πένης
1474 388 1529 423 γάρ
1552 388 1620 423 ειμι.
1637 386 1725 422 Πένης
1742 384 1769 414 εἴ
1783 387 1822 422 τῷ
1835 387 1908 417 ὖντί,

1109 435 1159 462 καὶ
1184 435 1277 470 ἐνδεὴς
1303 434 1403 466 παντὸς
1428 433 1548 468 ἀγαθοῦ·
1568 433 1653 469 πένης
1674 433 1796 467 ἀγάπης,
1819 432 1910 466 πένης

1111 479 1330 515 φιλανθρωπίας,
1346 479 1431 514 πένης
1448 479 1568 510 πίστεως
1581 479 1621 510 εἰς
1634 477 1711 510 Θεὸν,
1731 478 1815 513 πένης
1829 476 1911 504 ἑλπί-

1109 526 1153 557 δος
1172 526 1221 561 τῆς
1245 525 1367 552 αἰωνίου.
1396 525 1591 560 Συμμεριστὰς
1614 523 1728 558 ποίησον
1746 523 1799 550 τῶν
1815 522 1911 558 σητῶν

1109 571 1174 602 τοὺς
1188 569 1320 604 ἀδελφούς
1340 578 1398 596 σου.
1415 569 1452 596 Τὸ
1470 568 1567 604 αὕριον
1583 568 1740 604 σηπόμενον
1751 588 1760 600 ,
1783 568 1909 603 σήμερον

1113 617 1227 654 μετάδος
1239 618 1294 649 τοῖς
1307 616 1457 651 δεομένοις.
1474 614 1634 648 [ιλεονεξίας
1649 612 1719 646 εἶδος
1731 613 1762 640 τὸ
1777 612 1907 648 χαλεπώ-

1110 672 1202 696 τατον,
1220 663 1304 698 μηδὲν
1319 661 1372 689 τῶν
1389 661 1580 697 φθειρομένων
1592 662 1649 693 τοῖς
1666 660 1770 687 ὲνδεέσι
1787 667 1910 694 καταμει
1926 658 1930 661 ’

1112 710 1197 745 ρίσαι.
1215 708 1293 740 Τίνα,
1319 708 1413 744 φησὶν,
1438 707 1535 738 ἀδικῶ,
1561 707 1682 742 συνέχων
1708 706 1744 733 τὰ
1766 705 1910 741 ὲμαυτοῦς

1111 755 1187 786 ποῖα,
1204 753 1266 780 εἰπέ
1285 762 1341 789 μοι,
1355 752 1472 786 causai};
1491 752 1558 788 Οὐχὶ
1578 751 1683 788 γυμνὸς
1702 751 1834 784 ὲξέπεσας
1857 751 1910 786 τῆς

1111 800 1251 836 γαστρός;
1276 800 1337 836 οὐχὶ
1353 799 1456 836 γυμνὸς
1480 799 1563 826 πάλιν
1579 799 1619 829 εἰς
1639 798 1688 835 τὴν
1701 799 1753 834 γῆν
1773 798 1913 833 ἀποστρέ-

1112 856 1172 884 φεις
1186 856 1193 880 ς
1208 847 1244 874 τὰ
1263 847 1291 874 δὲ
1312 847 1436 882 παρόντα
1450 854 1492 873 σοι
1502 846 1602 879 πόθενς
1619 846 1652 872 Ei
1674 845 1726 880 μὲν
1739 844 1794 872 ἀπὺ
1810 853 1913 871 ταυτοο

1115 893 1200 930 μάτου
1214 893 1315 928 λέγεις,
1332 893 1410 924 ἄθεος
1425 890 1461 926 ei,
1477 892 1515 928 μὴ
1526 891 1672 927 γνωρίζων
1694 891 1741 919 τὸν
1756 891 1911 924 κτίσαντα,

1116 938 1184 977 μηδὲ
1197 939 1278 974 χάριν
1298 938 1368 974 ἔχων
1377 937 1417 973 τῷ
1430 938 1569 965 δεδωκότι.
1580 938 1612 964 Εἰ
1631 937 1660 964 δὲ
1677 937 1819 972 ὁμολογεῖς
1837 935 1913 964 εἶναι

1114 985 1190 1021 παρὰ
1202 984 1282 1018 Θεοῦ,
1307 985 1368 1012 εἰπὲ
1381 985 1426 1011 τὸν
1443 984 1523 1019 λόγον
1536 984 1569 1011 δι’
1591 984 1621 1011 ὃν
1634 983 1740 1015 ἔλαϐες.
1753 983 1801 1019 Μὴ
1816 983 1914 1015 ἄδικος

1113 1033 1128 1058 ὁ
1141 1031 1219 1064 Θεὸς,
1235 1033 1249 1058 ὁ
1260 1031 1360 1064 ἀνίσως
1371 1032 1436 1067 ἡμῖν
1450 1030 1562 1067 διαιρῶν
1578 1031 1611 1059 τὰ
1620 1027 1669 1058 τοῦ
1685 1031 1762 1066 βίους
1776 1030 1822 1058 διὰ
1833 1030 1860 1057 τί
1875 1031 1911 1057 σὺ

1117 1078 1167 1113 μὲν
1178 1078 1314 1111 πλουτεῖς,
1333 1078 1438 1109 ἐκεῖνος
1449 1078 1478 1104 δὲ
1492 1077 1616 1110 πένεται,
1627 1077 1645 1113 ἦ
1662 1077 1773 1109 πάντως
1791 1077 1836 1104 ἴνα
1860 1077 1914 1104 καὶ

1115 1124 1148 1150 σὺ
1160 1124 1348 1159 χρηστότητος
1367 1123 1416 1150 καὶ
1430 1124 1530 1159 πιστῆς
1546 1123 1704 1159 οἰκονομίας
1726 1123 1822 1159 μισθὸν
1841 1123 1910 1150 ὐπο-

1114 1169 1189 1205 δέξῃ,
1215 1170 1342 1201 κάκεῖνος
1360 1170 1418 1201 τοῖς
1445 1169 1574 1204 μεγάλοι;
1594 1169 1686 1201 ἄθλοις
1706 1170 1757 1204 τῆς
1769 1168 1914 1204 ὑπομονῆς

1114 1215 1233 1250 τιμηθῇ;
1250 1215 1285 1242 Σὺ
1311 1215 1340 1242 δὲ
1356 1215 1447 1242 πάντα
1471 1216 1529 1246 τοῖς
1551 1214 1725 1250 ἀπληρώτοις
1748 1214 1800 1250 τῆς
1812 1214 1913 1241 πλεον-

1115 1261 1191 1292 εξίας
1217 1261 1329 1292 κόλποις
1355 1260 1580 1297 περιλαμϐάνων,
1605 1259 1702 1287 οὐδένα
1726 1259 1779 1286 οἴει
1806 1260 1915 1287 ἀδικεῖν

1115 1306 1253 1338 τοσούτοις
1277 1307 1459 1343 ἀποστερῶν;
1488 1307 1530 1339 τίς
1547 1308 1621 1334 ἐστιν
1647 1307 1661 1333 ό
1677 1305 1863 1341 πλεονέκτης;
1880 1306 1913 1332 '0

1117 1353 1154 1388 μὴ
1168 1352 1298 1388 ἐμμένων
1312 1353 1346 1388 τῇ
1360 1353 1523 1389 αὐταρκείᾳ.
1535 1353 1585 1384 Τίς
1599 1352 1627 1379 δὲ
1643 1353 1657 1380 ὁ
1671 1352 1881 1388 ἀποστερητὴς
1896 1353 1914 1379 ὁ

1115 1399 1318 1434 ἀφαιρούμενος
1344 1399 1379 1426 τὰ
1402 1399 1536 1427 ἑκάστων.
1552 1399 1588 1426 Σὺ
1610 1398 1638 1426 δὲ
1654 1399 1669 1425 ὁ
1685 1398 1863 1433 πλεονέκτης,
1878 1398 1913 1425 σὺ

1114 1445 1142 1472 δὲ
1163 1445 1365 1482 ἀποστερητὴς,
1393 1445 1412 1473 ἃ
1435 1445 1681 1481 πρδςιοὶκονομίαν
1705 1445 1798 1478 ἐδέξω,
1822 1444 1915 1472 ταῦτα

1116 1491 1169 1519 [δια
1184 1491 1299 1519 σεαυτοῦ
1313 1491 1485 1528 ποιούμενος.
1504 1492 1535 1519 Et
1550 1493 1564 1519 ὁ
1585 1492 1635 1527 μὲν
1651 1491 1827 1526 ἐνδεδυμένον
1840 1490 1914 1517 ἁπο-

1115 1537 1238 1572 γυμνῶν,
1253 1537 1412 1574 λωποδύτης
1425 1537 1670 1574 ὁμολογηθήσεται,
1684 1538 1699 1564 ὁ
1713 1536 1743 1564 δὲ
1753 1536 1858 1572 γυμνὸν
1872 1536 1913 1573 μὴ

1114 1583 1224 1616 ὲνδύων,
1238 1584 1388 1620 δυνάμενος
1405 1584 1486 1612 τοῦτο
1499 1585 1598 1618 ποιεῖν,
1620 1583 1705 1619 ἄλλης
1722 1582 1914 1619 προσηγορίας

1114 1631 1174 1658 ὲστὶ
1184 1630 1276 1664 άξιος;
1292 1631 1346 1658 Τοῦ
1363 1631 1511 1663 πεινῶντός
1526 1631 1601 1658 ἑστιν
1615 1631 1629 1657 δ
1640 1630 1735 1666 ἄρτος,
1752 1629 1781 1657 ὃν
1801 1630 1833 1656 σὺ
1846 1637 1914 1656 m-

1115 1676 1206 1711 έχεις-
1223 1676 1270 1703 τοῦ
1283 1677 1512 1712 γυμνητεύοντος,
1532 1677 1563 1703 τὸ
1587 1677 1708 1712 ἱμάτιον,
1729 1676 1744 1703 δ
1758 1676 1791 1703 σὺ
1808 1674 1914 1710 φυλάτ-

1113 1728 1173 1753 τεις
1189 1721 1219 1747 ὲν
1238 1721 1394 1758 άποθήκαις
1405 1730 1412 1738 '
1430 1722 1477 1749 τοῦ
1495 1722 1676 1757 άνυποδήτου,
1691 1721 1723 1749 τδ
1743 1721 1884 1756 ὑπόδημα,
1897 1720 1915 1747 ὃ

1115 1767 1191 1802 παρὰ
1205 1768 1247 1795 σοὶ
1261 1769 1463 1804 κατασήπεται.
1477 1769 1532 1796 Τοῦ
1552 1768 1700 1804 χρῄζοντος
1712 1767 1742 1795 τὸ
1764 1767 1912 1803 ἀργύριον,

1114 1812 1129 1839 ὃ
1151 1814 1312 1850 κατώρυξας
1339 1815 1412 1851 εχεις
1432 1824 1439 1831 ·
1458 1815 1529 1843 ὥστε
1552 1815 1690 1847 τοσούτοις
1715 1815 1830 1847 ἀδικεῖς,
1848 1815 1915 1842 ὅσον

1116 1860 1249 1896 παρέχειν
1264 1861 1390 1897 ὴδύνασο.

272 1901 394 1931 retines:
409 1901 476 1929 nudi
489 1904 532 1929 est
545 1900 736 1929 vestimentum
745 1899 856 1935 quodin
869 1907 933 1928 arca
947 1907 1060 1937 servas;
1076 1907 1227 1936 excalceati
1244 1913 1310 1936 sunt
1327 1908 1366 1936 illi
1383 1908 1468 1936 calcei
1492 1908 1539 1944 qui
1573 1908 1646 1944 apud
1672 1913 1699 1936 te
1728 1914 1915 1942 corrumpun-

270 1953 333 1982 tur;
352 1947 459 1984 egentis
478 1947 595 1983 denique
617 1953 716 1974 aurum
741 1946 811 1974 illud
837 1946 913 1982 quod
930 1947 1008 1976 humi
1037 1950 1178 1982 defossum
1216 1954 1311 1983 habes.
1355 1955 1396 1983 Ae
1435 1954 1552 1990 proinde
1582 1958 1622 1982 tot
1653 1953 1780 1982 homines
1807 1952 1913 1988 injuria

270 1994 367 2027 adicis,
383 1999 450 2030 quot
466 1997 531 2022 sunt
545 1993 647 2029 quibus
658 1993 716 2021 haec
725 1993 850 2029 prmbere
867 1999 990 2030 poteras.

307 2041 379 2069 Ibid.
393 2055 429 2061 —
453 2040 525 2074 Quid
542 2041 652 2068 tandem
675 2043 727 2073 est,
744 2047 760 2067 ο
778 2039 861 2073 bone,
877 2043 952 2077 quod
970 2043 1066 2077 prohi-

272 2088 493 2124 beatquominus
508 2087 560 2123 piae
575 2085 715 2122 largitioni
731 2086 864 2115 studeas?
880 2087 988 2124 Egenus
1003 2089 1066 2118 tabe

272 2135 457 2168 consumitur,
473 2133 564 2161 nudus
579 2132 682 2168 frigore
703 2133 827 2169 rigeseit,
846 2134 991 2162 mendicus
1007 2135 1065 2162 suf-

1155 2046 1188 2073 T£
1200 2046 1231 2073 τὸ
1247 2045 1362 2079 κωλύον,
1377 2043 1401 2074 ὧ
1415 2046 1555 2083 ἄνθρωπε,
1571 2046 1642 2082 πρὸς
1660 2047 1711 2082 τὴν
1724 2047 1886 2082 μετάδοσιν;
1899 2049 1914 2075 δ

1119 2091 1219 2119 πεινῶν
1239 2093 1368 2128 τήκεται·
1392 2093 1407 2120 δ
1431 2093 1611 2129 γυμνητεύων
1628 2094 1776 2130 πήγνυται,
1794 2095 1809 2121 ὁ
1824 2095 1913 2123 ἁπαι-

1117 2136 1249 2172 τούμενος
1264 2138 1390 2173 άγχεται,
1407 2139 1454 2166 καὶ
1467 2140 1500 2166 σὺ
1522 2139 1572 2174 τὴν
1589 2139 1777 2176 ἐλεημοσύνην
1802 2140 1843 2172 είς
1862 2140 1914 2176 τὴν

273 2182 397 2215 locatur;
428 2184 456 2208 et
483 2183 512 2207 tu
538 2179 744 2214 eleemosynam
770 2179 799 2207 in
829 2183 970 2215 posteram
990 2181 1062 2209 diem

1118 2183 1212 2219 αὔριον
1228 2184 1390 2217 ἀναϐάλλεις
1400 2194 1409 2219 ;

270 2226 385 2262 rejicis?

307 2271 403 2304 Eiusd.
418 2271 488 2299 Iwm.
503 2271 544 2299 Ad
561 2272 636 2300 divit.
652 2286 687 2292 —
698 2271 798 2300 Omnia
815 2271 843 2299 in
861 2272 922 2299 auri
935 2276 1062 2301 naturam

270 2317 372 2346 mutari
385 2321 476 2352 optas.
496 2317 566 2350 Quid
580 2317 655 2346 enim
677 2321 721 2345 est
739 2317 814 2353 quod
831 2317 892 2345 auri
908 2325 993 2346 causa
1008 2326 1062 2347 non

272 2364 397 2392 moveas?
413 2362 583 2391 frumentum
599 2363 648 2391 tibi
666 2363 694 2390 in
712 2370 811 2391 aurum
825 2363 952 2397 edicitur,
967 2365 1062 2393 viuum

272 2410 300 2438 in
325 2417 425 2438 aurum
453 2410 619 2443 concrescit,
649 2410 719 2438 lana!
742 2410 771 2438 in
789 2417 888 2439 aurum
905 2415 1061 2439 vertuntur.

273 2455 412 2490 Quidquid
444 2455 682 2488 comminiscaris,
712 2463 811 2484 aurum
843 2456 892 2484 tibi
919 2457 1060 2485 conciliat.

269 2501 419 2537 lpsummet
438 2508 536 2529 aurum
551 2502 672 2537 seipsum
688 2507 811 2538 generat,
842 2503 985 2532 fenoribus
1006 2505 1063 2531 sci-

269 2549 335 2576 licet
355 2547 432 2576 varie
450 2548 674 2584 multiplicatum.
697 2548 778 2577 Nulla
806 2549 922 2578 satietas
949 2550 1060 2585 accidit,

268 2595 343 2622 nulla
364 2595 501 2630 reperitur
516 2598 589 2622 meta
606 2595 778 2630 cupiditatis.

303 2640 378 2669 Ibid.
392 2655 429 2661 -
443 2641 553 2674 Quanto
579 2641 677 2676 opibus
693 2641 815 2677 augeris,
839 2649 874 2670 eo
891 2642 980 2678 magis
994 2641 1061 2670 cha-

269 2688 351 2715 ritate
362 2687 505 2716 minueris.
525 2686 595 2721 Quid
610 2695 722 2721 mares,
737 2695 755 2716 ο
771 2688 865 2721 homo,
877 2689 982 2716 caduca
999 2695 1063 2724 pro-

265 2732 376 2767 jieiens,
386 2737 419 2771 et
433 2734 568 2762 caelorum
583 2741 698 2769 regnum
713 2734 872 2770 recipiens?
884 2734 941 2762 Cur
958 2734 1061 2769 petenti

267 2781 363 2812 negas,
382 2782 409 2805 et
432 2779 499 2807 dare
518 2787 642 2813 recusas,
671 2787 735 2808 cum
760 2780 870 2808 interim
899 2780 1060 2808 innumeras

265 2826 425 2854 sumptuum
460 2824 622 2853 occasiones
663 2825 827 2853 meditaris?
860 2824 932 2858 Quid
972 2825 1060 2860 judici

267 2867 458 2901 respondebis,
477 2870 524 2904 qui
539 2871 658 2904 parietes
670 2871 768 2905 vestis,
783 2879 834 2899 nec
851 2871 992 2900 hominem
1016 2871 1059 2901 iu-

1077 2217 1104 2248 Ι)

1151 2271 1225 2310 Εὓχῃ
1240 2272 1274 2300 τὰ
1291 2273 1383 2301 πάντα
1396 2272 1465 2309 πρὸς
1480 2272 1529 2309 τὴν
1545 2273 1591 2301 τοῦ
1603 2273 1707 2310 χρυσοῦ
1726 2275 1809 2310 φύσιν
1826 2282 1915 2309 μετα-

1117 2318 1261 2354 ϐληθῆναι.
1278 2319 1363 2346 Ποίαν
1379 2320 1408 2347 δὲ
1428 2320 1551 2356 μηχανὴν
1565 2319 1611 2347 διὰ
1623 2319 1670 2346 τὸν
1686 2320 1787 2356 χρυσὸν
1804 2320 1856 2347 οὐκ
1870 2321 1911 2346 ὲνι

1117 2366 1204 2399 νοείς;
1219 2367 1233 2393 δ
1247 2366 1320 2397 σῖτος
1338 2365 1438 2401 χρυσός
1449 2374 1491 2392 σοι
1503 2366 1619 2400 γίνεται,
1639 2367 1654 2393 ὁ
1668 2363 1739 2398 οῐνος
1749 2367 1790 2398 είς
1807 2365 1911 2401 χρυσὸν

1118 2412 1337 2447 μεταπήγνυται,
1349 2411 1383 2438 τὰ
1393 2411 1454 2447 ἔριά
1467 2420 1508 2439 σοι
1520 2411 1727 2447 ἀποχρυσοῦται
1737 2421 1745 2429 -
1756 2412 1831 2439 πᾶσα
1843 2411 1908 2438 ἐπί-

1116 2465 1176 2484 νοια
1201 2457 1302 2493 χρυσόν
1324 2465 1365 2484 σοι
1387 2457 1532 2492 προσάγει.
1560 2458 1647 2489 Αὐτὸς
1668 2458 1765 2484 ἑαυτὸν
1779 2457 1794 2484 6
1808 2457 1914 2494 χρυσὸς

1116 2503 1254 2539 ἀπογεννᾷ
1282 2503 1574 2539 Διοολυπλασιιιιζὸμενον
1599 2504 1629 2531 ἑν
1655 2503 1828 2539 δανείσμασι,
1861 2505 1912 2530 καὶ

1116 2549 1196 2584 κόρος
1214 2549 1266 2576 οὐκ
1290 2549 1359 2582 ἐστι,
1380 2550 1428 2577 καὶ
1455 2549 1486 2576 τδ
1504 2549 1581 2582 τέλος
1603 2549 1653 2585 τῆς
1681 2549 1831 2585 ἐπιθυμίας
1857 2550 1912 2577 οὐκ

1115 2595 1313 2631 ἐξευρίσκεται.

1152 2643 1229 2678 Ὂσῳ
1245 2641 1406 2675 πλεονάζεις
1422 2641 1462 2678 τῷ
1477 2642 1588 2677 πλούτῳ
1599 2662 1607 2675 ,
1629 2641 1757 2668 τοσοῦτον
1773 2640 1911 2673 ἐλλείπεις

1114 2690 1148 2725 τῇ
1173 2690 1280 2726 ἀγάπῃ,
1302 2689 1352 2716 Διὰ
1378 2689 1404 2716 τί
1430 2689 1555 2724 ἀθυμεῖς,
1585 2685 1609 2715 ὧ
1635 2687 1776 2723 ἄνθρωπε,
1798 2687 1912 2722 φθαρτὰ

1115 2735 1288 2771 προϊέμενος,
1301 2735 1349 2762 καὶ
1373 2734 1514 2770 βασιλείαν
1530 2733 1656 2769 οὐρανῶν
1677 2732 1911 2768 ἀντιλαμϐάνωνς

1115 2781 1164 2807 Διὰ
1175 2781 1202 2807 τί
1214 2781 1283 2816 ἀρνῇ
1298 2780 1344 2807 τὸν
1363 2781 1491 2807 αἰτοῦντα
1502 2802 1510 2814 ,
1533 2779 1581 2807 καὶ
1601 2778 1740 2814 ἀπαναίνῃ
1755 2778 1805 2814 τὴν
1820 2777 1912 2811 δόσιν,

1117 2827 1218 2862 μυρίας
1235 2826 1386 2862 προφάσεις
1397 2826 1585 2861 ἀναλωμάτων
1594 2824 1728 2858 ἐπινοῶν;
1745 2823 1778 2850 Τί
1789 2824 1913 2860 ἀποκρι-

1114 2872 1185 2908 θήσῃ
1202 2871 1241 2907 τῷ
1256 2873 1348 2908 κριτῇ,
1363 2873 1378 2900 ὁ
1391 2872 1455 2904 τοὺς
1469 2872 1578 2908 τοίχους
1591 2870 1776 2907 ἀμφιεννύων,
1793 2869 1911 2905 ave».
