2056 3113
195 141 263 178 1ί85

827 141 946 172 SACRA
963 139 1196 171 PARALLELA.

1759 141 1826 174 1486

194 212 245 230 πον
254 203 304 229 οὐκ
317 198 419 232 ἐνδύεις
431 207 440 232 ;
451 199 465 226 ὁ
478 199 541 231 τοὺς
555 196 654 230 ἵππους
671 197 794 233 κοσμῶν,
811 197 856 224 τὸν
870 196 981 231 ἀδελφὸν

1035 194 1120 222 duis?
1132 193 1178 228 qui
1194 201 1282 229 equos
1307 202 1401 228 ornas,
1426 199 1453 223 et
1465 193 1579 223 fratrem
1597 195 1726 223 indecore
1741 198 1826 225 vcsti-

193 246 403 285 ἀσχημονοῦντα
430 245 580 281 περιορᾷς;
608 244 622 271 ὁ
644 240 812 280 κατασήπων
832 243 877 269 τὸν
899 244 983 276 σῖτον,

192 297 257 327 τοὺς
268 294 419 324 πεινῶντας
435 293 466 319 οὐ
481 291 610 327 τρέφεις;
626 291 640 318 ό
657 291 703 318 τὸν
727 290 829 327 χρυσον
852 289 985 325 κατορύσ-

194 349 260 374 σων,
274 339 322 367 τοῦ
337 338 490 374 ὰγχομένου
506 336 702 372 καταφρονεῖς;

230 428 336 463 ’Ὠσπερ
351 428 376 454 οἱ
390 427 438 458 τὰς
458 426 596 461 κλίμακας
617 425 810 457 ἀναϐαίνοντες
824 444 831 456 ,
853 425 897 452 ἀεὶ
916 425 984 461 πρὸς

191 475 242 511 τὴν
257 473 461 510 ὑπερκειμένην
485 472 604 508 βαθμίδα
631 472 662 499 τὸ
686 472 760 508 ῐχνος
787 465 924 508 αἴροντες,
953 472 983 497 οὐ

193 519 327 555 πρότερον
350 518 484 551 ἵστανται,
510 517 575 554 πρὶν
595 517 629 545 ἂν
646 518 695 553 τῆς
720 517 809 553 ἀρχῆς
820 516 983 552 ἐφίκωνται,

192 565 264 592 οὕτω
275 565 336 592 οὐδὲ
350 565 374 591 οί
389 564 513 591 πλούσιοι
529 563 663 591 παύονται
674 583 680 595 ,
693 563 745 596 ἕως
769 563 802 590 ἃν
818 562 982 598 ὖψωθέντες,

192 611 248 639 ἀπὸ
258 611 306 638 τοῦ
321 610 469 646 πτώματος
484 610 597 642 ἑαυτοὺς
614 609 835 645 καταρῤήξωσιν.

178 744 186 790 ᾗ
225 741 301 771 ’Ὅσα
330 743 425 779 βλέπει
450 744 465 773 ἁ
493 743 644 779 ὀφθαλμὸς,
674 742 795 770 τοσαῦτα
820 742 952 779 ἐπιθυμεῖ
969 743 983 770 ὁ

178 789 368 825 ξπλεονέκτης.
384 790 422 817 Οὐ
447 789 636 825 πλησθήσεται
652 790 666 816 ό
685 789 826 824 ὀφθαλμὸς
842 789 891 816 τοῦ
906 790 981 825 ὸρᾷν,

175 819 180 838 ³
193 838 240 864 καὶ
264 837 295 864 οὺ
311 819 509 872 κορεσθήσεται
526 819 696 872 φιλάργυρος
707 819 762 863 ,τοῦ
773 819 934 871 λαμϐάνειν..

193 883 268 917 ᾅδης
279 884 335 910 οὐκ
344 881 439 910 εἶπεν·
457 882 559 916 Ἀρκεῖ,
571 882 630 908 οὐδὲ
642 881 656 908 ὁ
666 882 834 917 πλεονέκτης
845 880 906 909 εἶπέ
918 890 983 909 ποτε
998 877 1020 905 Β

192 930 233 959 τὸ,
255 929 356 965 Ἀρκεϊ.
373 929 442 955 Πότε
455 928 545 964 χρήσῃ
558 929 614 959 τοῖς
628 927 776 963 παροῦσιν;
793 927 860 954 πότε
872 927 902 955 δὲ
915 928 983 955 ἀπο-

192 975 296 1012 λαύσῃς
310 975 414 1007 αὐτῶν,
429 975 473 1001 ἀεὶ
486 975 546 1005 τοῖς
559 973 653 1005 πόνοις
665 973 716 1008 τῆς
731 973 847 1006 κτίσεως
871 974 982 1009 συνεχό-

194 1030 275 1057 μενος
292 1030 299 1054 ;
316 1021 386 1049 οὐαὶ
402 1021 458 1053 τοῖς
484 1020 666 1047 συνάπτουσιν
682 1019 772 1047 οἰκίαν
792 1019 861 1055 πρὸς
881 1020 982 1053 οἰκίαν,

193 1067 240 1095 καὶ
255 1067 341 1103 ἀγρὸν
355 1067 422 1103 πρὸς
437 1066 522 1101 ἀγρὸν
546 1064 714 1100 ἐγγίζουσιν,
740 1065 784 1092 ἵνα
798 1065 845 1092 τοῦ
868 1065 983 1103 πλησίον

192 1101 346 1148 ἀφέλωνται
361 1101 397 1139 τὶ.
410 1113 446 1140 Σὺ
459 1112 487 1138 δὲ
502 1112 528 1139 τί
543 1113 629 1143 ποιεῖς
639 1120 646 1144 ;
656 1111 693 1138 Οὐ
710 1111 868 1148 προφασίζει
885 1101 982 1147 μυρία,

193 1159 236 1185 ἵνα
248 1158 334 1194 λάϐῃς
347 1157 383 1184 τὰ
393 1158 440 1184 τοῦ
453 1157 584 1192 πλησίον;
604 1157 759 1183 Ἐπισιιοτεῖ
775 1165 831 1192 μοι,
843 1156 920 1192 φησὶ,
936 1157 982 1184 τοῦ

192 1206 314 1240 γείτονος
329 1205 346 1240 ἡ
361 1204 436 1231 οἰκία
447 1223 454 1236 ,
475 1203 606 1240 θορύϐους
629 1202 744 1239 ἐνίησιν,
764 1202 781 1238 ἢ
798 1202 828 1229 τὸ
843 1202 984 1238 πεπλανη-

195 1251 274 1287 μένον
299 1251 480 1286 ὑποδέχεται’
507 1250 524 1284 ἢ
551 1250 594 1277 ὅτι
617 1249 651 1276 ἂν
676 1248 753 1284 τύχοι
777 1249 981 1284 αἰτιασάμενος,

193 1297 390 1334 περιελαύνων,
410 1297 458 1323 καὶ
472 1295 582 1328 ὲξωθῶν
591 1314 600 1327 ,
614 1295 662 1322 καὶ
674 1295 761 1322 ἕλκων
773 1294 828 1327 ἀεὶ,
848 1295 895 1321 καὶ
911 1303 982 1321 σπα-

192 1345 313 1380 ράσσων,
341 1343 372 1370 οὺ
393 1342 528 1378 πρότερον
552 1341 697 1374 παύσεται,
715 1340 780 1376 πρὶν
803 1340 836 1368 ἂν
852 1340 982 1376 ἐπαγάγῃ

193 1390 286 1421 αὐτοῖς
300 1388 425 1424 ἀνάγκην
441 1387 662 1418 ἐπαναστάσεως.
689 1387 722 1413 Τί
748 1385 837 1413 τοίνυν
860 1385 983 1412 Ναϐουθὲ

193 1436 237 1463 τὸν
258 1435 431 1471 Ἰσραηλίτην
450 1431 706 1467 ἀπέκτεινεν;οὐχὶ
722 1431 769 1458 τοῦ
799 1431 902 1466 ’Δχαὰϐ
922 1431 983 1458 ἐπι-

192 1482 278 1518 θυμία
299 1481 347 1508 τοῦ
370 1480 547 1516 ἁμπελῶνος;
572 1479 692 1514 Πονηρὸς
715 1478 744 1504 ὲν
755 1477 831 1504 πόλει
847 1477 981 1509 σύνοικος,

193 1527 308 1563 πονηρὸς
324 1528 351 1553 ὲν
368 1527 465 1561 ἀγροῖς
476 1526 490 1553 ὁ
502 1525 679 1559 πλεονέκτης.
700 1524 733 1550 Ἡ
743 1523 865 1550 θάλασσα
878 1521 933 1550 οίδε
948 1522 983 1550 τὰ

192 1575 255 1609 δρια
271 1573 387 1608 ἑαυτῆς,
411 1573 428 1607 ἡ
451 1571 503 1604 ,νὺξ
519 1571 568 1606 οὺχ
587 1569 747 1605 ὑπερϐαίνει
767 1569 909 1605 ὁροθεσίας
930 1570 981 1604 ἀρ-

191 1620 273 1655 χαίας
284 1628 290 1635 ·
309 1620 323 1646 ὁ
337 1618 503 1652 πλεονέκτης
519 1616 696 1643 οὑκάἰδεῖται
708 1616 814 1651 χρόνον,
831 1615 862 1642 οὐ
879 1615 981 1653 γνωρί-

191 1666 233 1699 ζει
248 1666 323 1701 ὅρον,
341 1665 372 1691 οὺ
389 1664 526 1699 συγχωρεῖ
540 1661 689 1697 ἀκολουθίᾳ
700 1661 838 1696 διαδοχῆς,
851 1661 920 1689 ἀλλὰ
935 1670 981 1697 μι-

192 1713 285 1747 μεῖται
300 1710 347 1737 τοῦ
364 1709 450 1745 πυρὸς
471 1708 522 1744 τὴν
545 1708 606 1743 βίαν
617 1715 624 1723 ·
640 1707 729 1734 πάντα
752 1707 981 1742 ἐπιλαμϐάνεται,

192 1758 283 1786 πάντα
299 1755 538 1791 ιπινέμεται.Καὶ
551 1755 646 1790 ὥσπερ
657 1755 683 1781 οι
699 1754 818 1789 ποταμοὶ
833 1755 865 1780 ὲκ
879 1755 982 1789 μικρᾶς

191 1805 241 1840 τῆς
254 1803 366 1840 πρώτης
380 1803 468 1838 ἀρχῆς
481 1800 658 1837 ὁρμηθέντες,
672 1797 732 1827 εἶτα
746 1801 807 1832 ταῖς
820 1800 879 1827 κατ’
892 1799 982 1834 ὀλίγον

191 1850 364 1886 προσθήκαις
379 1848 566 1876 ἀνυπόστατον
578 1845 708 1878 λαϐόντες
726 1845 776 1881 τὴν
799 1844 925 1880 αὔξησιν,
943 1845 982 1881 τῷ

190 1897 272 1933 βιαίῳ
287 1895 337 1931 τῆς
351 1894 436 1930 φορᾶς
452 1893 481 1920 τὸ
491 1892 665 1929 ἐνιστάμενον
680 1890 880 1927 παρασύρουσι.

225 2029 257 2056 Τί
266 2026 312 2055 οὖν
322 2026 392 2064 μετὰ
401 2026 487 2054 ταῦτα
500 2025 582 2062 ;οὒχὶ
592 2026 667 2062 τρεῖς
675 2034 705 2052 σε
718 2025 816 2062 πήχεις
831 2024 983 2060 ἀναμένου-

191 2084 233 2103 σιν
241 2076 266 2102 οῑ
277 2075 378 2106 πάντες
387 2083 394 2108 ;
404 2073 465 2109 οὐχὶ
480 2072 563 2100 λίθων
577 2072 675 2106 ὀλίγων
686 2071 769 2108 βάρος
781 2071 893 2107 ἀρκέσει
914 2070 983 2107 πρὸς

191 2121 314 2157 φυλακὴν
323 2121 355 2157 τῇ
365 2121 489 2156 δυστήνῳ
500 2118 595 2155 capiti;
605 2118 676 2154 ὑπὲρ
685 2118 757 2149 τινος
771 2117 882 2154 μοχθεῖς
893 2126 901 2151 ;
911 2117 982 2153 ὑπὲρ

189 2169 261 2200 τινος
273 2167 457 2202 παρανομεῖςς
468 2165 495 2192 τί
505 2165 630 2199 συνάγεις
654 2163 748 2200 χερσὶν
763 2164 914 2199 ἀκαρπίανς
926 2160 982 2190 εἴθε

1036 245 1093 268 tum
1112 240 1246 276 negligis?
1273 243 1320 277 qui
1349 242 1516 270 frumentum
1541 242 1683 278 corrumpi
1702 243 1783 276 sinis,
1799 249 1826 271 et

1035 286 1108 314 tame
1124 286 1281 316 laborantes
1301 287 1385 324 486
1405 295 1458 316 non
1484 288 1559 316 alis?
1573 289 1632 324 qui.
1646 296 1710 317 cum
1727 297 1825 318 aurum

1035 337 1117 361 terrae
1143 332 1272 367 infodias,
1291 341 1354 362 eum
1381 335 1428 370 qui
1458 335 1529 363 fame
1545 335 1711 370 praticcatur
1731 343 1827 371 asper-

1035 379 1131 408 naris?

1072 425 1143 454 Ibid.
1158 442 1193 448 κ-
1208 426 1446 461 Quemadmodum
1469 427 1516 461 qui
1541 427 1634 455 scalas
1659 427 1824 459 ascendunt.

1035 478 1144 506 semper
1161 471 1194 498 ad
1214 471 1404 499 sublimiorem
1427 471 1541 507 gradum
1559 472 1654 506 pedem
1669 472 1826 506 ell‘ercntes,

1034 525 1090 545 non
1107 518 1188 553 prius
1197 517 1353 545 consistunt
1368 525 1451 552 quant
1474 517 1509 545 ad
1537 526 1696 554 supremum
1712 519 1827 554 gradum

1035 565 1219 599 pervenerint,
1234 564 1329 592 eodem
1345 565 1427 592 modo
1451 572 1502 593 nec
1522 564 1622 592 divites
1638 564 1828 600 congerenda-

1035 616 1095 637 rum
1111 616 1193 644 opum
1205 610 1284 636 linem
1297 608 1412 641 faciunt,
1421 617 1567 645 quousque
1578 609 1607 637 in
1615 609 1748 638 altissima
1765 617 1828 645 pro—

1033 655 1104 682 vecti
1120 662 1184 682 cum
1203 654 1315 688 fuerint,
1329 661 1344 681 c
1361 654 1472 682 sublimi
1488 658 1614 688 ruentes,
1635 655 1741 690 seipsos
1752 662 1829 684 com-

1034 700 1169 728 minuant.

1071 745 1142 772 Ibid.
1159 760 1195 765 —
1207 743 1347 777 Quantum
1360 745 1457 773 oculus
1477 746 1621 782 prospicit,
1633 751 1742 774 tantum
1758 756 1822 783 quo-

1034 799 1088 828 que
1103 798 1206 819 avarus
1216 791 1401 826 concupiscit.
1416 791 1474 819 Non
1488 792 1636 821 satiabitur
1648 795 1746 822 oculus
1755 795 1827 827 visu,

1034 845 1085 866 nec
1101 837 1349 874 pecuniaeupidus
1361 837 1524 872 accipiendo
1536 838 1693 866 satiabitur.
1705 839 1829 874 Inferna:

1035 890 1170 918 nunquam
1180 882 1268 909 dixit:
1286 881 1386 917 Sufﬁcit
1399 881 1490 918 (Prov.
1504 891 1569 916 xxx,
1587 883 1650 918 l6);
1670 892 1719 912 nec
1729 892 1830 914 avarus

1034 929 1104 956 dixit
1119 936 1241 964 unquam
1259 929 1353 957 :Satis
1369 933 1422 957 est.
1444 928 1561 962 Quando
1575 931 1758 964 praesentibus
1771 937 1831 959 tan-

1033 974 1095 1002 dem
1116 974 1224 1002 uteris?
1243 974 1355 1010 quando
1384 974 1441 1002 illis
1476 974 1589 1007 frueris,
1607 975 1654 1010 qui
1671 983 1780 1012 semper
1801 976 1830 1004 in

1034 1021 1196 1056 acquirendi
1213 1020 1308 1048 labore
1321 1020 1510 1049 distrahcris?
1523 1021 1570 1048 Vae
1585 1022 1634 1056 qui
1656 1021 1831 1058 coniungunt

1034 1067 1146 1095 domum
1157 1067 1263 1100 domui,
1276 1073 1302 1096 et
1312 1075 1409 1103 agrum
1423 1074 1490 1103 agro
1505 1068 1646 1103 copulant,
1660 1074 1689 1096 ut
1703 1070 1830 1104 proximo

1034 1113 1176 1149 quidpiam
1192 1114 1348 1142 detrahant.
1366 1113 1408 1141 Tu
1423 1119 1514 1142 autem
1528 1114 1594 1150 quid
1615 1114 1702 1144 lacis?
1716 1116 1758 1143 An
1775 1124 1829 1144 nou

1033 1163 1180 1188 sescentas
1192 1156 1357 1188 occasiones
1375 1161 1513 1195 praetexis,
1529 1165 1558 1188 ut
1572 1161 1690 1196 proximi
1713 1161 1829 1190 faculta-

1034 1209 1075 1232 tes
1088 1205 1229 1241 accipias?
1241 1205 1333 1233 Vicini
1346 1206 1456 1238 domus,
1473 1205 1577 1241 inquis,
1596 1206 1749 1235 luminibus
1760 1207 1830 1236 meis

1033 1250 1128 1283 ollicit,
1143 1251 1278 1280 tumultus
1300 1251 1355 1279 ciet
1370 1260 1379 1284 ;
1395 1252 1422 1279 id
1448 1252 1521 1287 quod
1539 1252 1621 1280 domo
1634 1259 1693 1280 mea
1710 1252 1829 1287 aberrat,

1027 1297 1137 1333 .exeipit
1155 1307 1164 1331 ;
1179 1302 1226 1326 aut
1249 1298 1351 1334 aliquid
1373 1298 1447 1326 aliud
1461 1303 1600 1330 causatus,
1618 1306 1672 1326 non
1688 1306 1749 1326 cum
1766 1303 1831 1326 ante

1034 1343 1184 1378 exagitare,
1201 1349 1312 1376 vexare,
1328 1343 1447 1376 trahere,
1475 1347 1524 1371 aut
1550 1343 1687 1371 lacessere
1710 1343 1829 1377 desinis,

1033 1396 1116 1424 quam
1144 1389 1172 1416 in
1201 1390 1397 1417 necessitatem
1414 1389 1575 1422 adduxeris,
1595 1393 1627 1416 ut
1646 1396 1677 1416 ex
1691 1389 1752 1417 suis
1763 1389 1830 1417 aedi-

1034 1435 1086 1463 bus
1112 1435 1167 1462 alio
1194 1435 1304 1470 migret.
1325 1434 1398 1468 Quid
1422 1435 1509 1467 enim,
1538 1441 1645 1470 quaeso,
1676 1429 1844 1474 lsraelitamj.

1035 1481 1111 1508 illum
1130 1480 1286 1509 Nabuthem
1313 1481 1473 1510 interemit?
1497 1489 1532 1509 an
1560 1489 1614 1509 non
1633 1481 1721 1510 vineae
1740 1481 1829 1517 ipsius

1034 1526 1184 1562 cupiditas,
1207 1535 1262 1562 qua
1287 1526 1383 1554 Achab
1415 1526 1548 1555 ardebat?
1573 1526 1661 1555 Malus
1695 1527 1724 1554 in
1750 1522 1837 1560 urbe,

1035 1572 1123 1599 malus
1148 1572 1206 1599 ruri
1232 1572 1443 1600 contubernalis
1466 1577 1509 1600 est
1532 1579 1644 1601 avarus.
1661 1572 1737 1600 Mare
1760 1573 1830 1600 lines

1033 1617 1159 1653 agnoscit
1175 1625 1252 1650 suos,
1271 1624 1327 1645 uox
1347 1621 1454 1646 veteres
1473 1617 1606 1646 terminos
1629 1625 1684 1646 non
1701 1618 1828 1652 excedit;

1034 1670 1061 1691 at
1073 1671 1172 1692 avarus
1186 1671 1242 1691 non
1260 1667 1397 1691 vetustate
1408 1667 1548 1696 movetur,
1567 1671 1622 1691 non
1643 1663 1744 1691 limites
1758 1663 1828 1691 ullos

1033 1710 1170 1746 agnoscit,
1187 1717 1243 1738 non
1256 1710 1445 1738 successionis
1459 1710 1541 1738 seriei
1555 1709 1682 1742 decedit;
1699 1710 1746 1738 sed
1758 1709 1829 1745 ignis

1033 1756 1166 1791 impetum
1190 1756 1332 1795 imitatur,
1355 1756 1449 1783 omnia
1477 1755 1592 1788 invadit,
1617 1755 1712 1783 omnia
1741 1763 1830 1792 popu-

1032 1803 1122 1834 latur,
1149 1806 1177 1830 et
1201 1801 1432 1838 quemadmodum
1462 1801 1555 1834 ﬂuvii,
1585 1809 1648 1830 cum
1680 1809 1714 1830 ex
1744 1809 1828 1837 parvo

1032 1849 1085 1876 orti
1115 1847 1252 1884 principio
1267 1848 1334 1880 sint,
1360 1852 1417 1875 tum
1439 1847 1540 1875 deinde
1559 1854 1609 1882 per
1634 1846 1715 1874 tacita
1736 1847 1828 1875 incre-

1033 1899 1126 1922 menta
1137 1915 1146 1927 ,
1174 1893 1349 1922 intolerabile
1363 1892 1503 1928 quoddam
1527 1896 1707 1928 augmentum
1724 1893 1827 1928 adepti,

1033 1946 1132 1967 cursus
1160 1939 1203 1967 sui
1233 1939 1397 1974 rapiditate.
1425 1938 1562 1974 quidquid
1585 1938 1704 1967 obsistat
1732 1946 1828 1967 secum

1033 1984 1158 2012 trahunt.

1071 2029 1141 2057 Ibid.
1154 2044 1188 2049 -
1204 2029 1275 2063 Quid
1303 2036 1368 2065 ergo
1384 2029 1521 2064 posthac?
1535 2028 1665 2064 Nunquid
1689 2037 1745 2057 non
1772 2034 1827 2058 tres

1032 2077 1169 2104 duntaxat
1187 2081 1267 2104 terra:
1286 2076 1373 2104 cubiti
1393 2079 1418 2103 te
1440 2076 1619 2111 exspectant?
1638 2083 1673 2103 an
1689 2083 1745 2104 non
1759 2083 1826 2112 pau-

1032 2130 1128 2150 corum
1154 2122 1276 2158 lapidum
1304 2122 1392 2150 moles
1411 2121 1598 2150 custodiendae
1618 2122 1725 2150 misera
1748 2122 1824 2150 carni

1034 2168 1188 2196 suﬂicient?
1203 2167 1348 2203 cuiusnam
1368 2168 1456 2204 gratia
1470 2167 1604 2195 laboras?
1629 2167 1710 2202 cujus
1736 2168 1823 2204 gratia

189 2214 399 2250 ἀκαρπίαν,καὶ
415 2212 453 2248 μὴ
469 2211 535 2248 ὕλην
544 2211 646 2246 αίωνίῳ
659 2210 781 2246 πυρί,οὺ
800 2210 896 2246 νὴψεις
916 2209 981 2236 ποτὲ

1035 2213 1062 2241 in
1087 2212 1191 2241 scelera
1213 2212 1392 2248 prorumpis?
1418 2219 1470 2240 cur
1499 2213 1627 2241 manibus
1647 2213 1822 2241 sterilitatem

188 2261 299 2296 ἀπὺτῆς
312 2260 397 2297 μέθης
410 2260 529 2295 ταύτης
543 2259 593 2293 οὐχ
601 2258 723 2292 ὑγιανεῖς
737 2257 801 2289 τοὺς
816 2256 980 2292 λογισμούς;

187 2309 220 2335 οὐ
229 2307 342 2335 σεαυτοῦ
352 2307 454 2342 γενήσῃ
462 2306 508 2339 ςοὺ
517 2306 569 2341 πρὸ
579 2304 727 2339 ὀφθαλμῶν
735 2303 808 2340 λήψῃ
821 2303 850 2330 τὸ
859 2303 905 2330 τοῦ
913 2304 982 2338 Χριο

189 2354 253 2382 ο·τοῦ
264 2354 457 2389 δικαστήριον;
472 2353 505 2380 Τί
528 2352 698 2387 ἀπολογήσῃ,
714 2350 823 2378 ἐπειδάν
840 2359 870 2377 σε
889 2349 981 2385 κύκλῳ

189 2400 366 2436 περιστάντες
379 2400 404 2426 oi
415 2398 575 2434 ὴδικημένοι
586 2396 741 2424 καταϐοῶσι
757 2396 804 2422 ἐπὶ
817 2395 864 2422 τοῦ
875 2395 980 2422 δικαίου

188 2446 281 2483 κριτοῦ
296 2455 304 2479 ;
319 2446 352 2472 Τί
366 2443 413 2472 οὖν
427 2445 570 2480 ποιήσειςς
583 2442 677 2474 ποίους
693 2441 860 2477 συνηγόρους
877 2439 981 2476 μισθώ-

188 2502 263 2527 ctis;
277 2493 371 2524 ποίους
385 2492 531 2528 μάρτυρας
545 2489 751 2525 παραστήσας,
769 2488 827 2520 πῶς
842 2487 982 2523 παραπείι

187 2549 246 2572 truc
267 2540 314 2566 τὸν
332 2539 553 2575 ἀπαραλόγιστον
575 2536 722 2572 δικαστήνς
748 2534 800 2562 οὐκ
828 2534 869 2561 ενι
886 2534 979 2570 ῥήτωρ

185 2586 352 2617 ὲκεῖ.οὐκέτι
381 2584 529 2620 πιθανότης
556 2583 686 2619 ῥημάτων
715 2581 814 2616 κλέψαι
839 2581 978 2616 δυναμένη

185 2632 234 2659 τοῦ
244 2631 372 2659 δικαστοῦ
382 2631 432 2667 τὴν
441 2631 581 2667 ἀλήθειαν.
592 2629 650 2656 υὺκ
660 2627 838 2656 ἀκολουθοῦσι
850 2627 976 2659 κόλακες,

184 2679 216 2707 οὐ
228 2679 263 2706 τὰ
274 2679 414 2714 χρήματα,
428 2677 484 2705 οὐδ’
502 2677 583 2712 Βγκος
601 2675 768 2711 ἀξιώματος.
792 2674 916 2710 Ἕρημος
931 2673 977 2708 φί-

184 2726 250 2758 λων,
268 2725 370 2761 ἔρημος
387 2723 504 2760 βοηθῶν,
517 2723 737 2758 ὰσυνηγόρητος,
761 2720 975 2756 ἀναπολόγητος,

183 2770 411 2807 κατῃσχυμμένος
426 2769 630 2805 ἀπολειφθήσῃ,
649 2767 821 2804 σκυθρωπὸς,
838 2767 975 2807 κατηφὴς,

186 2818 390 2853 μεμονωμένος.
408 2816 644 2853 ἀπαρρησίαστος.
667 2816 755 2842 Ὅπου
770 2814 825 2850 γὰρ
849 2814 882 2842 ἂν
899 2822 974 2849 περι-

183 2864 291 2901 enim;
309 2864 356 2896 τὸν
372 2864 525 2900 ὀφθαλμὸν,
539 2863 664 2899 ἐναργεῖς
674 2862 734 2890 ὕψει
748 2862 802 2891 τῶν
816 2862 910 2890 κακῶν
925 2863 974 2893 τὰς

1033 2258 1161 2294 colligis?
1173 2263 1256 2294 atque
1274 2258 1379 2286 utinam
1396 2258 1581 2292 sterilitatem,
1602 2263 1630 2286 et
1651 2266 1708 2286 non
1734 2259 1826 2294 potius

1034 2306 1177 2333 materiam
1202 2305 1260 2340 igni
1282 2304 1526 2340 sempiternolAn
1546 2311 1600 2332 non
1628 2305 1777 2341 aliquando
1791 2312 1824 2333 ex

1032 2351 1085 2380 hac
1098 2351 1261 2379 temulentia
1274 2351 1420 2386 emerges?
1434 2358 1469 2378 an
1487 2358 1541 2378 non
1561 2351 1662 2379 mentis
1678 2351 1825 2378 sanitatem

1031 2396 1172 2432 recipies?
1194 2403 1229 2423 an
1246 2403 1301 2423 non
1319 2395 1353 2424 ad
1371 2395 1490 2431 teipsum
1506 2394 1629 2423 redibis?
1644 2402 1679 2422 an
1704 2402 1760 2422 non
1775 2394 1826 2421 tibi

1031 2446 1096 2471 ante
1109 2442 1206 2470 oculos
1221 2441 1327 2470 Christi
1349 2442 1474 2469 tribunal
1497 2441 1654 2477 proponcs?
1671 2441 1742 2474 Quid
1759 2448 1826 2468 cau-

1030 2493 1144 2517 saturus
1163 2495 1194 2515 es
1209 2494 1272 2514 eum
1289 2491 1315 2515 te
1334 2487 1455 2522 undique
1470 2488 1593 2522 cingent.
1608 2487 1655 2522 qui
1674 2486 1722 2514 abs
1742 2491 1769 2514 te
1784 2487 1826 2513 in-

1026 2535 1117 2571 jurias
1144 2537 1319 2569 acceperunt,
1344 2537 1372 2561 et
1397 2540 1491 2560 coram
1517 2533 1613 2568 judice
1636 2532 1781 2560 adversum
1800 2537 1827 2560 te

1029 2580 1275 2609 vociisrabuntur?
1289 2579 1360 2613 Quid
1376 2587 1443 2615 ergo
1457 2579 1565 2607 iacies!
1579 2580 1675 2614 quales
1692 2583 1826 2615 patronos

1028 2627 1189 2656 conduoes?
1202 2626 1299 2662 quales
1322 2630 1408 2655 testes
1424 2626 1589 2654 adhibebis?
1600 2633 1721 2661 quonam
1745 2630 1826 2660 pacto

1025 2673 1146 2708 iudicem
1170 2673 1261 2705 illum,
1283 2672 1328 2700 cui
1354 2672 1458 2708 imponi
1483 2679 1539 2700 non
1560 2675 1662 2707 potest,
1680 2670 1825 2700 innectes?

1028 2718 1085 2748 illic
1099 2719 1193 2748 nullus
1207 2722 1302 2746 orator
1319 2717 1420 2751 aderit,
1438 2718 1544 2746 nullum
1560 2718 1706 2745 verborum
1723 2717 1827 2745 lenoci-

1028 2767 1117 2798 nium.
1130 2766 1201 2801 quod
1216 2764 1302 2799 iudici
1318 2766 1463 2794 veritatem
1484 2769 1567 2801 queat
1588 2764 1741 2800 subripere.
1766 2763 1827 2792 Non

1027 2813 1194 2841 comitantur
1207 2815 1405 2845 assentatores,
1417 2819 1473 2839 non
1493 2818 1569 2847 opes.
1586 2818 1641 2838 non
1657 2809 1824 2846 dignitatum

1028 2859 1126 2889 fastus.
1142 2858 1255 2888 Vacuus
1276 2859 1384 2890 amicis.
1400 2865 1506 2888 vacuus
1518 2856 1721 2897 ‘adjutoribus,
1746 2855 1824 2884 nullo
