2056 3113
246 117 318 150 148¹ί

854 113 885 143 S.
905 111 1025 143 JOANN
1029 111 1065 142 IS
1083 110 1300 142 DAMASCENI

1817 111 1892 145 1488

250 173 406 211 patrocinio
421 171 569 204 subnixus,
582 169 658 198 omni
672 171 853 198 excusatione
864 175 976 200 carens,
994 175 1043 202 pu-

1098 166 1204 199 εἰκόνας
1214 175 1222 184 ·
1239 167 1315 210 ἐνθεν
1332 165 1380 194 τοῦ
1392 166 1509 203 οὐρανοῦ
1522 173 1557 194 τα
1573 167 1690 204 δάκρυα,
1706 168 1812 196 ἐκεῖθεν
1835 171 1891 205 τῆς

251 223 317 249 dore
331 221 454 249 sutl'usus
465 218 642 254 relinqueris,
661 216 761 250 tristis,
777 219 907 247 mmstus,
917 214 1044 242 desertus

250 270 286 297 ab
298 268 438 299 omnibus,
454 270 528 293 metu
547 263 717 300 proﬂigatus.
728 263 845 298 Quoquo
864 261 939 289 enim
950 260 1045 288 oculo-

251 323 312 343 rum
329 314 416 341 aciem
435 312 618 345 converteris,
644 310 805 346 perspicuas
823 309 957 336 malorum
973 307 1044 334 ima-

251 362 329 397 gines
345 368 462 389 cernes:
481 360 546 387 hinc
563 358 661 394 pupilli
683 357 830 392 lacrymas,
854 355 930 382 illine
954 353 1045 380 viduae

250 409 385 444 gemitus;
407 407 520 435 aliunde
534 412 671 442 pauperes
687 411 758 440 quos
772 402 871 438 pugnis
891 400 1045 429 contunde—

251 456 313 487 bas,
329 454 445 481 famulos
455 460 525 489 quos
540 452 634 487 ﬂagris
650 450 804 482 lacerabas,
822 448 928 475 vicinos
944 447 1044 482 quibus

250 500 426 529 stomachum
442 498 581 527 movebas.
598 497 680 534 487
689 495 787 524 Omnia
803 494 831 522 in
845 498 871 521 te
879 493 1041 527 insurgent:

245 548 341 575 malus
355 552 382 575 te
400 547 568 582 ﬂagitiorum
585 541 696 572 tuorum
709 542 810 570 chorus
821 538 1042 568 circumsidebit.

253 593 332 620 Velut
352 593 429 621 enim
455 592 552 619 umbra
580 597 698 626 corpus,
728 588 769 616 sic
798 587 906 614 animas
933 589 1044 620 peccata

243 639 428 672 comitantur,
444 638 546 673 quibus
560 644 605 664 res
623 639 707 671 gestae
724 633 872 670 perspicue
895 638 1046 667 repraesen-

251 691 355 713 tantur.
375 684 558 718 Quamobrem
573 683 668 710 nullus
690 681 748 709 illic
765 678 931 708 inlicialioni
954 678 1042 709 locus,

250 732 298 760 sed
322 739 354 759 os
378 731 524 766 impudens
541 729 697 758 obturatur.
726 727 794 762 ipsae
820 726 894 753 enim
920 723 1044 751 actiones

249 778 383 805 adversus
397 782 623 811 unumquemque
642 772 830 801 testimonium
857 770 953 797 dicunt
967 777 974 795 :
990 775 1043 795 non

247 828 282 850 ~ut
296 830 393 850 vocem
406 822 544 851 emittant,
565 820 613 848 sed
630 822 660 846 ut
684 818 753 845 tales
773 819 934 852 appareant,
948 813 1044 848 quales

251 875 267 895 a
284 867 364 895 nobis
381 869 543 902 perpetrata:
556 868 632 892 sunt.
647 863 774 897 Quonam
802 868 886 896 porro
902 858 984 887 modo
997 865 1043 886 res

252 922 340 950 usque
351 913 419 941 adeo
436 912 589 940 horrendas
609 910 645 938 ob
657 910 754 937 oculos
768 914 867 943 queam
887 904 1044 941 subjicere?

252 961 282 989 Si
294 968 361 996 ergo
374 960 504 991 audieris,
525 959 548 987 si
565 962 685 986 mentem
705 955 882 986 submiseris,
895 952 948 980 diei
968 951 1044 979 illius

251 1012 402 1040 memento,
419 1006 446 1033 in
472 1013 527 1042 qua
554 1004 673 1032 illustris
694 1007 723 1030 et
740 1001 880 1037 gloriosus
909 998 1044 1026 adventus

249 1053 355 1081 Christi
384 1052 562 1081 revelabitur.
592 1049 671 1079 Tunc
691 1046 877 1077 resurrecturi
902 1048 979 1077 sunt,
1004 1043 1044 1071 illi

246 1100 362 1135 quidem
381 1099 428 1134 qui
444 1098 517 1126 bona
533 1099 663 1132 egerunt,
678 1095 705 1122 in
718 1091 948 1122 resurrectionem
965 1089 1043 1122 vita';

251 1148 298 1182 qui
322 1154 388 1174 vero
414 1145 496 1178 mala,
527 1144 555 1171 in
580 1141 809 1171 resurrectionem
836 1137 946 1174 judicii.
966 1135 1044 1163 Tunc

250 1195 422 1229 sempiterna
461 1190 657 1227 peccatoribus
704 1186 855 1223 ignominia
893 1185 968 1216 erit,
1018 1186 1045 1210 et

254 1241 326 1276 ignis
340 1238 479 1267 aemulatio
496 1245 557 1272 quae
572 1240 718 1264 consumat
740 1231 925 1261 adversarios.
941 1229 991 1257 llla
1018 1233 1046 1256 te

252 1293 372 1313 mmrore
388 1284 515 1317 alliciant,
525 1291 580 1310 non
594 1286 684 1310 autem
703 1281 793 1315 ipsum
810 1278 858 1306 Dei
873 1276 1044 1305 mandatum.

248 1333 378 1366 Quanam
405 1335 432 1359 te
460 1330 567 1358 ratione
597 1326 805 1356 commovebo?
837 1324 904 1360 quid
931 1322 1046 1358 loquar?

252 1378 339 1414 Regni
358 1383 384 1406 te
403 1376 477 1404 nulla
501 1374 640 1411 cupiditas
668 1377 742 1401 tenet
765 1381 773 1399 :
798 1372 892 1399 nullus
913 1371 1046 1406 gehennae

252 1430 354 1453 metus.
385 1423 528 1451 Undenam
556 1421 654 1448 anima),
682 1423 735 1447 tua;
764 1418 881 1453 reperiri
908 1417 1046 1444 medicina

252 1469 435 1507 queat?Nam
452 1467 487 1500 si.
509 1474 560 1495 nec
575 1473 608 1494 ea
623 1473 684 1501 (ius:
701 1465 847 1492 horrorem
867 1463 980 1496 habent,
997 1462 1046 1490 tibi

253 1523 385 1546 terrorem
399 1514 548 1546 incutiunt.
564 1520 617 1541 nee
632 1517 657 1541 te
668 1519 730 1547 quze
745 1511 805 1538 lmta
824 1513 891 1538 sunt
919 1509 1046 1543 incitant,
1061 1529 1083 1558 ο

253 1563 287 1591 ad
302 1569 415 1591 saxeum
428 1564 524 1596 pectus
537 1558 616 1586 nobis
629 1562 672 1586 est
684 1556 785 1585 oratio.
797 1554 910 1588 Oculos,
923 1562 939 1581 ο
951 1554 1046 1585 homo.

254 1611 288 1638 ad
303 1615 385 1644 opum
408 1611 536 1634 naturam
552 1603 672 1639 conjice.
695 1601 766 1636 Quid
791 1607 889 1628 aurum
920 1599 989 1627 adeo
1013 1597 1047 1626 ad

250 1663 395 1692 stuporem
421 1660 508 1688 usque
523 1650 691 1679 admiraris!
709 1648 792 1683 Lapis
807 1651 851 1675 est
875 1653 986 1678 aurum,
1002 1653 1048 1673 ar-

250 1707 365 1738 gentum
392 1700 480 1735 lapis,
511 1696 661 1733 margarita
691 1695 771 1730 lapis.
799 1693 896 1727 Quiris
925 1692 1046 1728 lapidum

253 1749 324 1784 lapis
338 1751 380 1775 est
396 1755 403 1774 :
422 1743 622 1781 clirysolithus,
637 1741 772 1777 beryllus,
791 1740 916 1777 achates,
933 1738 1049 1774 hyacin-

251 1794 329 1826 thus,
343 1791 515 1827 amethystus
525 1788 656 1824 etjaspis.
670 1787 755 1821 Atqui
768 1786 795 1814 hi
810 1791 876 1813 sunt
888 1785 1048 1813 divitiarum

253 1840 347 1871 ﬂores,
363 1845 434 1874 quos
450 1841 478 1864 tu
492 1835 592 1871 partim
607 1833 766 1862 reconditos
783 1831 881 1863 habes.
896 1831 932 1858 ita
946 1834 976 1858 ut
991 1830 1049 1865 pel-

254 1885 361 1914 lucidos
372 1884 478 1920 lapides
494 1881 617 1910 tenebris
637 1879 773 1913 mandes;
792 1879 893 1914 partim
920 1877 980 1912 ipse
993 1876 1049 1903 cir-

254 1932 384 1965 cumfers,
403 1929 520 1957 eximios
540 1927 649 1955 scilicet
674 1925 736 1953 illos
757 1930 876 1960 quorum
901 1921 1049 1957 splendore

254 1977 395 2015 gloriaris.
426 1975 515 2003 Velim
543 1973 621 2001 dicas
647 1971 715 2007 quid
739 1971 788 1999 tibi
822 1969 932 1996 tandem
959 1967 1050 2003 prosit

254 2012 447 2052 coruscantem
459 2019 562 2056 lapillis
577 2025 691 2046 manum
708 2017 830 2052 undique
845 2012 1049 2049 contorquere?

255 2070 316 2099 Non
330 2075 356 2097 te
373 2068 457 2104 pudet
471 2074 527 2102 prae
545 2065 658 2094 fastidio
673 2063 779 2099 lapides
799 2065 939 2097 appetere,
959 2058 1051 2095 gravi-

255 2116 353 2143 darum
370 2114 536 2142 feminarum
553 2118 640 2138 more.
655 2108 690 2136 Ut
705 2108 778 2136 enim
801 2107 854 2134 illae
877 2105 984 2141 lapides
1001 2111 1049 2132 ro-

193 2173 207 2183 ο
254 2162 336 2194 dunt,
354 2161 395 2188 sic
414 2164 442 2186 tu
454 2164 564 2193 quoque
578 2155 695 2184 eximios
714 2159 840 2189 quosque
864 2151 969 2186 lapides
988 2156 1049 2176 ma-

253 2209 343 2242 jorem
362 2207 391 2233 in
420 2204 532 2232 modum
558 2201 674 2237 appetis,
697 2197 898 2234 sardonyches,
913 2195 1047 2231 jaspides,
1063 2205 1087 2233 ι)

255 2241 285 2282 et
301 2252 470 2287 amethystos
490 2247 683 2285 perquirendo.
698 2245 800 2280 Ecquis
819 2247 918 2272 ornatu
939 2241 1049 2270 adhibi-

252 2306 298 2333 to,
317 2299 361 2327 vel
380 2305 436 2326 uno
453 2297 497 2324 die
515 2300 663 2331 prorogare
681 2292 734 2320 sibi
757 2291 841 2319 vitam
864 2288 974 2325 potuit?
988 2288 1049 2316 cui-

252 2354 321 2375 nam
339 2352 413 2372 mors
427 2343 463 2371 ob
473 2342 584 2371 divitias
599 2344 627 2367 et
643 2346 711 2374 opes
722 2336 862 2373 pepercit?
874 2343 889 2363 a
904 2342 961 2371 quo
974 2341 1050 2361 mor-

257 2395 429 2428 buspwpter
437 2388 618 2425 pecuniarum
632 2385 728 2420 copias
739 2381 1050 2415 abstinuit‘iQuousquc

256 2439 368 2467 tandem
395 2443 493 2465 aurum
526 2434 683 2462 animarum
713 2432 829 2467 laqueus
854 2429 923 2462 erit,
952 2428 1051 2456 hamus

258 2485 366 2517 mortis,
390 2482 495 2518 peccati
516 2479 666 2508 ‘iliecebra?
695 2483 841 2513 quousque
857 2475 972 2507 divitiae,
990 2479 1051 2508 qua:

252 2532 392 2561 'bellorum
408 2532 538 2565 parentes
551 2530 630 2560 sunt,
648 2525 686 2553 ob
704 2531 775 2561 quas
799 2522 937 2551 cudentur
961 2526 1050 2553 arma,

258 2585 340 2607 enses
363 2574 519 2604 acuuntur?
546 2573 581 2601 ob
613 2579 662 2600 eas
695 2569 805 2606 cognati
836 2571 964 2596 naturam
993 2572 1050 2594 non

259 2627 425 2661 agnoscunt,
441 2621 541 2648 fratres
556 2616 737 2653 sanguinaria
750 2622 812 2644 sese
827 2614 908 2642 oculo
915 2616 1052 2641 contuen-

254 2659 314 2698 nir.
336 2669 451 2704 Propter
476 2673 544 2702 opes
571 2665 680 2692 deserta
709 2662 769 2690 loca
792 2661 937 2697 praedones
963 2659 1051 2691 alunt,

259 2723 336 2743 mare
357 2716 473 2751 piratas,
491 2713 574 2740 urbes
603 2709 804 2746 sycophantas.
830 2707 899 2741 Quis
916 2704 1053 2734 mendacii

258 2766 340 2796 pater
351 2760 408 2787 est?
425 2759 488 2794 quis
508 2757 584 2785 falsa
604 2754 820 2791 conscriptionis
839 2752 964 2781 artifex?
988 2750 1053 2788 quis

260 2806 378 2841 periurii
395 2804 574 2840 procreator?
589 2804 632 2830 An
654 2810 710 2830 non
726 2801 811 2838 opes?
823 2808 858 2827 an
873 2807 929 2827 non
943 2805 1053 2827 earum-

263 2851 326 2877 dem
354 2849 574 2884 studium?quid
601 2848 691 2881 vobis,
721 2856 737 2876 ο
763 2846 908 2881 mortales,
934 2843 1054 2873 accidit?

1094 213 1183 248 χήρας
1206 213 1253 240 τὸν
1277 213 1448 249 στεναγμὸν,
1473 213 1608 249 ἑτέρωθεν
1624 215 1689 246 τοὺς
1717 216 1888 244 κατακονδυ-

1094 259 1237 291 λισθέντας
1261 258 1315 286 ἀπὸ
1339 259 1387 285 σοῦ
1405 259 1527 295 πένητας
1537 280 1544 292 ,
1561 260 1624 291 τοὺς
1638 260 1747 293 οἰκέτας
1759 261 1806 294 οὓς
1820 270 1890 289 κατ-

1095 304 1210 337 έξαινες,
1226 305 1352 339 γείτονας
1366 304 1412 337 οὓς
1429 305 1619 342 παρὼργιζες,
1630 306 1718 334 πάντα
1732 316 1774 334 σοι
1787 308 1890 336 ἐπανα-

1095 352 1237 387 στήσεται·
1262 351 1382 387 πονηρός
1399 352 1479 387 χορὸς
1501 351 1557 379 τῶν
1585 352 1679 380 κακῶν
1697 361 1744 380 σου
1759 354 1891 390 πράξεων

1096 397 1336 433 περιστοιχήσεταί
1360 406 1412 424 σοι.
1434 397 1540 434 Ὥσπερ
1563 398 1617 434 γὰρ
1645 400 1663 436 ἡ
1689 399 1756 427 σκιά
1775 400 1815 435 τῷ
1833 401 1890 428 σὼ·

1097 451 1174 478 ματι,
1190 443 1262 470 οὕτω
1276 444 1337 476 ταῖς
1351 443 1452 479 ψυχαῖς
1472 444 1608 480 ἁμαρτίαι
1619 446 1800 481 παρέπονται,
1813 447 1892 483 ἐναρ-

1094 487 1151 522 γῶς
1167 488 1217 520 τὰς
1234 487 1349 524 πράξεις
1365 489 1558 521 είκονίζουσαι.
1582 489 1632 517 Διὰ
1647 490 1728 517 τοῦτο
1747 492 1798 518 οὐκ
1815 492 1891 520 ἔστιν

1094 534 1210 570 ἄρνησις
1237 535 1306 568 ἐκεῖ,
1326 535 1394 562 ἀλλὰ
1417 536 1569 571 φράσσεται
1595 537 1684 572 στόμα
1699 537 1889 573 ἀναίσχυντον.

1094 580 1169 607 Αὑτά
1187 580 1241 617 γὰρ
1255 581 1372 608 ἑκάστου
1386 584 1596 619 καταμαρτυρεῖ
1616 583 1653 610 τά
1673 584 1837 620 πράγματα,
1858 585 1890 611 οὺ

1095 626 1187 662 φωνὴν
1213 627 1340 661 ἀφιέντα,
1366 627 1435 655 ἀλλά
1457 628 1571 656 τοιαῦτα
1598 630 1760 663 φαινόμενα,
1777 627 1821 656 οἷα
1842 629 1890 665 ὑφ’

1093 673 1174 709 ἡμῶν
1198 674 1430 702 κατεσκεύασται.
1458 674 1522 707 Πῶς
1548 683 1590 701 σοι
1617 674 1725 711 δυνηθῶ
1753 675 1799 702 ὑπ’
1827 675 1890 710 ὂψιν

1094 719 1211 754 ἀγαγεῖν
1227 719 1261 746 τὰ
1287 720 1407 755 φρικτάς
1436 720 1500 747 Ἐὰν
1522 721 1578 756 ἀρα
1601 720 1735 758 ἀκούσῃς,
1762 721 1810 748 ἐὰν
1834 722 1891 757 ἄρα

1095 765 1189 801 ὲνδῷς,
1206 765 1342 802 μνήσθητι
1364 766 1414 802 τῆς
1435 766 1543 803 ἡμέρας
1561 766 1681 802 ἐκείνης,
1698 769 1728 794 ἐν
1783 768 1892 795 ἀποκα-

1094 811 1226 839 λύπτεται
1243 811 1348 844 ἔνδοξος
1368 812 1416 840 τοῦ
1431 813 1552 848 Χριστοῦ
1574 814 1721 849 παρουσία.
1737 814 1804 841 Τότε
1821 814 1890 842 ἀνα-

1095 857 1250 893 στήσονται,
1267 858 1292 884 οἱ
1309 857 1360 892 μὲν
1383 857 1418 884 τὰ
1439 858 1530 892 ἀγαθά
1545 858 1700 894 πράξαντες
1715 860 1756 891 εἰς
1771 860 1892 887 ἀνάστα-

1096 912 1138 932 σιν
1158 904 1243 937 ζωῆς,
1265 904 1291 931 οἱ
1311 904 1340 930 δὲ
1363 903 1398 931 τὰ
1417 903 1517 939 φαῦλα,
1536 905 1577 937 είς
1591 905 1740 933 ἀνάστασιν
1759 906 1889 941 κρίσεως.

1095 950 1163 978 Τότε
1187 949 1302 986 αἰσχύνη
1326 949 1435 982 αἰώνιος
1453 951 1510 982 τοῖς
1529 951 1715 987 ἁμαρτωλοῖς,
1732 952 1781 979 καὶ
1798 953 1891 989 ¹πυρὸς

1095 996 1177 1032 ζῆλος
1193 995 1296 1024 ἐσθίειν
1310 995 1416 1032 μέλλων
1430 996 1494 1028 τοὺς
1509 996 1697 1029 ὑπεναντίους.
1717 997 1827 1025 Ἐκεῖνα
1841 998 1891 1024 λυ-

1096 1043 1181 1070 πείτω
1194 1052 1235 1076 σε,
1249 1043 1297 1070 καὶ
1316 1043 1353 1079 μὴ
1369 1042 1488 1070 λυπείτω
1510 1051 1540 1069 σε
1556 1043 1572 1079 ἡ
1585 1043 1690 1080 ἐντολή.
1711 1043 1775 1076 Πῶς
1792 1052 1822 1071 σε
1841 1044 1890 1072 δυ-

1096 1090 1234 1125 οωπήσω;
1252 1089 1277 1116 τί
1295 1089 1466 1124 φθέγξομαις
1486 1089 1633 1122 Βασιλείας
1654 1091 1705 1117 οὐκ
1727 1091 1889 1126 ἐπιθυμεῖς

1095 1136 1210 1169 γέενναν
1223 1136 1252 1162 οὐ
1269 1134 1351 1170 φοσῇ.
1367 1134 1454 1162 Πόθεν
1471 1134 1572 1170 εὑρεθῇ
1593 1135 1665 1167 τασις
1679 1136 1713 1171 τῇ
1728 1134 1801 1171 ψυχῇ
1823 1144 1889 1168 σου;

1095 1183 1127 1210 Ei
1141 1181 1176 1209 τὰ
1194 1181 1296 1217 φρικτὰ
1313 1181 1344 1208 οὺ
1362 1182 1450 1214 πτοεῖ,
1466 1180 1501 1208 τὰ
1515 1181 1617 1217 φαιδρὰ
1642 1181 1673 1208 οὐ
1693 1182 1890 1218 προτρέπεται,

1095 1227 1184 1263 λιθίνῃ
1209 1227 1309 1263 καρδίᾳ
1336 1226 1527 1261 διαλεγόμεθα.
1555 1226 1715 1262 Διάὖλεψον,
1751 1227 1890 1263 ἄνθρωπε,

1096 1274 1165 1311 πρὸς
1185 1274 1236 1310 τὴν
1252 1273 1334 1309 φύσιν
1347 1273 1395 1300 τοῦ
1416 1273 1542 1300 πλούτου.
1560 1273 1593 1300 Τί
1611 1272 1739 1300 τοσοῦτον
1757 1274 1892 1310 ἐπτόησαι

1096 1321 1162 1357 περὶ
1179 1321 1225 1348 τὸν
1240 1320 1358 1356 χρυσόν;
1374 1319 1449 1352 λίθος
1464 1319 1539 1346 ἐστὶν
1553 1320 1568 1346 ό
1584 1320 1687 1356 χρυσός
1697 1328 1705 1336 ·
1721 1319 1794 1352 λίθος
1812 1321 1826 1347 ό
1839 1320 1892 1356 dp-

1096 1374 1197 1404 γυρος”
1221 1366 1295 1398 λίθος
1309 1367 1323 1393 ὁ
1340 1365 1534 1402 μαργαρίτης⁹
1550 1365 1625 1397 λίθος
1644 1365 1699 1393 τῶν
1719 1365 1801 1392 λίθων
1823 1365 1894 1392 ἑκα-

1098 1423 1172 1447 στος,
1195 1413 1365 1450 χρυσόλιθον,
1389 1413 1437 1440 καὶ
1464 1412 1620 1449 βηρύλλιον,
1637 1412 1686 1440 καὶ
1704 1412 1819 1448 ἀχάτης,
1844 1413 1895 1439 καὶ

1097 1459 1236 1492 ὑάκινθος,
1261 1459 1309 1486 καὶ
1325 1458 1474 1494 ἀμέθυσος,
1494 1458 1543 1485 xui.
1558 1458 1661 1489 ἴασπις.
1677 1457 1771 1485 Ταῦτα
1796 1458 1829 1494 δὴ
1842 1458 1893 1485 τοῦ

1097 1505 1216 1532 πλούτου
1237 1505 1272 1532 τὰ
1296 1504 1376 1540 ἄνθη,
1392 1502 1431 1533 ὧν
1447 1505 1490 1537 σὺ,
1508 1505 1542 1532 τὰ
1558 1505 1608 1540 μὲν
1623 1504 1739 1540 ἀπο-τιθῇ
1755 1505 1895 1540 κατακρύ-

1098 1561 1184 1586 πτων,
1203 1553 1252 1581 καὶ
1273 1553 1336 1585 τοὺς
1353 1553 1495 1587 διαφανεῖς
1512 1552 1567 1579 τῶν
1586 1552 1669 1579 λίθων
1686 1552 1726 1588 τῷ
1740 1552 1830 1580 σκότει
1844 1561 1895 1580 κα-

1097 1599 1283 1635 τακρύπτεις·
1310 1598 1376 1630 τοὺς
1403 1598 1432 1625 δὲ
1458 1598 1620 1634 περιφέρεις
1640 1597 1696 1624 τῶν
1722 1597 1895 1634 βαρυτίμων,

1098 1645 1316 1682 ἐναϐρυνόμενος
1339 1644 1430 1672 αὐτῶν
1445 1646 1479 1680 τῇ
1491 1645 1575 1680 αὐγῇ.
1596 1644 1676 1677 Elite,
1691 1644 1719 1671 τί
1740 1653 1781 1671 σοι
1796 1644 1897 1679 ὄφελος

1098 1693 1183 1725 λίθοις
1207 1692 1390 1728 λαμπομένην
1411 1691 1606 1727 περιστρέφειν
1634 1690 1685 1727 τὴν
1712 1692 1808 1727 χεῖρα;
1835 1692 1897 1719 Οὐκ

1099 1740 1230 1776 ἐρυθριᾷς
1251 1738 1371 1766 λιθιδίων
1387 1737 1502 1770 κισσῶν,
1521 1737 1560 1769 ὡς
1587 1738 1717 1772 γυναῖκες
1737 1738 1802 1765 ὅταν
1823 1738 1897 1765 κύω-

1100 1795 1161 1820 σιν;
1174 1786 1220 1814 καὶ
1236 1785 1291 1822 γὰρ
1306 1786 1411 1812 ἐκεῖναι
1432 1784 1532 1812 λιθίδια
1551 1783 1781 1820 περιτρώγουσιν,
1798 1784 1848 1812 καὶ
1862 1785 1897 1812 σὺ

1099 1833 1199 1869 λίχνως
1215 1832 1289 1868 ἔχεις
1307 1831 1373 1866 περὶ
1392 1831 1427 1858 τὰ
1444 1830 1513 1866 ἄνθη
1529 1830 1584 1858 τῶν
1598 1830 1692 1863 λίθων,
1715 1830 1896 1866 σαρδόνυχας,

1102 1879 1241 1911 ίάσπιδας,
1265 1878 1313 1905 καὶ
1335 1877 1491 1913 ἀμεθύσους
1511 1875 1662 1912 ἐπιζητῶν.
1681 1876 1730 1908 Τίς
1753 1876 1896 1903 καλλωπι-

1101 1925 1187 1958 σθεὶς,
1198 1925 1261 1961 μίαν
1270 1924 1376 1960 ἡμέραν
1387 1922 1508 1959 ἠδυνήθη
1519 1922 1558 1958 τῷ
1569 1921 1620 1958 βίῳ
1634 1922 1809 1958 προσθεῖναι;
1821 1921 1897 1954 τινος

1101 1972 1230 2007 ἐφείσατο
1254 1971 1370 2002 θάνατος
1395 1970 1439 1997 διὰ
1456 1969 1502 1996 τὸν
1517 1968 1646 2002 πλοῦτον;
1668 1968 1740 2000 τίνος
1757 1968 1898 2002 ἀπέσχετο

1100 2018 1177 2050 νόσος
1194 2017 1239 2044 διὰ
1261 2016 1296 2043 τὰ
1311 2016 1442 2052 χρήματα
1456 2023 1464 2048 ;
1481 2014 1554 2045 Ἕως
1567 2012 1633 2040 πότε
1652 2013 1764 2048 χρυσὸς,
1775 2007 1899 2047 {invaluis-

1100 2063 1157 2100 χῶν
1177 2064 1193 2100 ὴ
1211 2063 1327 2098 ἀγχόνη,
1344 2061 1392 2088 τοῦ
1410 2060 1528 2088 Θανάτου
1553 2059 1583 2086 τδ
1606 2058 1765 2094 ἄγκιστρον,
1789 2057 1820 2085 τὸ
1845 2058 1898 2094 τῆς

1100 2108 1240 2144 ἁμαρτίας
1263 2108 1379 2143 δέλεαρ;
1393 2106 1447 2138 ἕως
1472 2105 1539 2132 πότε
1565 2104 1692 2136 πλοῦτος,
1706 2105 1723 2140 ἠ
1740 2103 1796 2131 τῶν
1812 2103 1897 2130 πολέ-

1103 2164 1161 2192 μων
1179 2154 1318 2187 ὑπόθεσις,
1336 2153 1371 2180 δι’
1391 2149 1429 2180 ὧν
1456 2151 1622 2188 χαλκεύεται
1637 2150 1780 2184 ὃπλα;διδ
1794 2150 1898 2177 ἀκονᾶ-

1099 2210 1145 2228 ται
1163 2200 1245 2235 iter];
1261 2199 1306 2226 διὰ
1320 2198 1400 2226 τοῦτο
1423 2199 1565 2233 συγγενεῖς
1584 2196 1714 2232 ἀγνοοῦσι
1734 2196 1784 2232 τὴν
1801 2196 1897 2231 φύσιν,

1101 2247 1213 2282 ἀδελφοὶ
1239 2246 1300 2273 κατ’
1323 2245 1447 2281 ἀλλήλων
1471 2244 1582 2280 φονικὸν
1610 2242 1768 2279 βλέπουσιν.
1784 2241 1834 2269 Διὰ
1849 2242 1899 2269 τὸν

1102 2292 1218 2319 πλοῦτον
1233 2292 1261 2318 αῐ
1273 2291 1388 2327 ἐρημίαι
1399 2291 1463 2322 τοὺς
1475 2288 1608 2325 φονευτὰς
1617 2289 1761 2324 τρέφουσι,
1773 2288 1900 2315 θάλασσα

1101 2339 1166 2371 τοὺς
1189 2338 1419 2370 καταποντιστὰς,
1444 2337 1472 2363 ai
1501 2335 1594 2368 πόλεις
1617 2336 1682 2368 τοὺς
1712 2334 1897 2369 συκοφάντας,

1103 2384 1152 2416 Τίς
1170 2384 1245 2411 ἐστιν
1269 2384 1283 2410 ὁ
1302 2382 1420 2418 ψεύδους
1436 2381 1549 2417 πατήρς
1575 2381 1618 2413 τίς
1638 2381 1653 2408 ὸ
1669 2379 1899 2415 πλαστογραφίας

1103 2428 1286 2464 δημιουργός;
1302 2427 1344 2460 τίς
1369 2427 1384 2453 ό
1407 2427 1456 2463 τὴν
1482 2425 1627 2462 ἐπιορκίαν
1642 2426 1793 2462 γεννήσας;
1811 2425 1869 2460 οὐχ
1882 2425 1899 2451 ὁ

1104 2475 1234 2508 πλοῦτος;
1251 2474 1301 2510 οὐχ
1323 2474 1340 2509 ὴ
1356 2473 1422 2509 περὶ
1448 2472 1544 2500 τοῦτον
1570 2472 1692 2508 omne!“
1710 2472 1738 2499 τί
1761 2472 1897 2506 πάσχετε,

1104 2521 1262 2556 ᾶνθρωποι;
1277 2519 1320 2552 τίς
1334 2520 1399 2555 ὑμῖν
1416 2519 1451 2546 τὰ
1479 2519 1601 2556 ὑμέτερα
1616 2520 1658 2551 είς
1676 2517 1727 2553 τὴν
1742 2517 1804 2545 καθ’
1819 2516 1900 2552 ὑμῶν

1105 2566 1252 2602 ἐπιδουλὴν
1269 2565 1443 2602 περιέτρεψε,
1460 2565 1581 2601 συνεργά
1603 2564 1674 2600 πρὸς
1698 2564 1730 2591 τὸ
1753 2564 1821 2600 ζῇν;
1850 2563 1899 2598 Μὴ

1104 2614 1159 2650 γὰρ
1182 2612 1295 2649 ἀφορμὴ
1318 2612 1468 2646 ἀπωλείας,
1494 2612 1553 2640 ἀλλ’
1569 2612 1720 2647 ἀναγκαῖος
1742 2612 1757 2638 ό
1781 2610 1900 2643 πλοῦτος

1105 2661 1149 2687 διὰ
1178 2660 1242 2692 τοῦς
1259 2659 1366 2692 παῖδας.
1387 2658 1574 2695 Εὑπρόσωπος
1601 2657 1714 2694 ἀφορμὴ
1739 2657 1900 2690 πλεονεξίας

1105 2706 1192 2742 αὕτη·
1207 2706 1271 2739 τοὺς
1280 2705 1334 2742 γὰρ
1351 2705 1448 2738 παῖδας
1459 2703 1656 2741 προϐάλλεσθε,
1673 2703 1723 2739 τὴν
1739 2702 1768 2730 δέ
1783 2702 1901 2739 καρδίαν

1106 2752 1318 2789 πληροφορεϊτε.
1340 2752 1387 2788 Μὴ
1412 2751 1494 2779 αἰτιῶ
1516 2750 1563 2778 τὸν
1586 2749 1725 2777 ἀναίτιον*
1749 2748 1817 2776 ίδιον
1840 2748 1902 2784 ἔχει

1106 2799 1251 2835 δεσπότην,
1274 2799 1341 2826 ίδιον
1369 2798 1522 2834 οἰκονόμον.
1546 2795 1616 2833 ΙΙαρ’
1640 2795 1722 2823 ἄλλον
1749 2794 1800 2830 τὴν
1823 2795 1903 2830 ζωὴν

1105 2844 1226 2879 ἐδέξατο,
1244 2844 1291 2873 καὶ
1306 2844 1371 2880 παρ’
1385 2843 1469 2872 αὑτοῦ
1483 2843 1533 2877 τὰς
1546 2841 1673 2879 ἀφορμὰς
1693 2840 1828 2878 ἀναμένει
1849 2840 1903 2868 τοῦ
