  <div class='ocr_page' id='page_1' title='image "/cluster/home/n/w/nwhite01/storage/ocr_20150623/95/njp.32101077772844/754.png"; bbox 0 0 2056 3113; ppageno 0'>
   <div class='ocr_carea' id='block_1_1' title="bbox 150 174 220 208">
    <p class='ocr_par' dir='ltr' id='par_1_1' title="bbox 150 174 220 208">
     <span class='ocr_line' id='line_1_1' title="bbox 150 174 220 208; baseline 0 -1"><span class='ocrx_word' id='word_1_1' title='bbox 150 174 220 208; x_wconf 73' lang='lat'><strong>1489</strong></span> 
     </span>
    </p>
   </div>
   <div class='ocr_carea' id='block_1_2' title="bbox 796 160 1172 202">
    <p class='ocr_par' dir='ltr' id='par_1_2' title="bbox 796 160 1172 202">
     <span class='ocr_line' id='line_1_2' title="bbox 796 160 1172 202; baseline -0.011 0"><span class='ocrx_word' id='word_1_2' title='bbox 796 171 916 202; x_wconf 59' lang='lat' dir='ltr'><strong>saeua</strong></span> <span class='ocrx_word' id='word_1_3' title='bbox 937 160 1172 201; x_wconf 69' lang='lat' dir='ltr'><strong>PARALLELA.</strong></span> 
     </span>
    </p>
   </div>
   <div class='ocr_carea' id='block_1_3' title="bbox 1720 166 1787 198">
    <p class='ocr_par' dir='ltr' id='par_1_3' title="bbox 1720 166 1787 198">
     <span class='ocr_line' id='line_1_3' title="bbox 1720 166 1787 198; baseline 0 -1"><span class='ocrx_word' id='word_1_4' title='bbox 1720 166 1787 198; x_wconf 65' lang='grc'><strong>1490</strong></span> 
     </span>
    </p>
   </div>
   <div class='ocr_carea' id='block_1_4' title="bbox 148 224 957 266">
    <p class='ocr_par' dir='ltr' id='par_1_4' title="bbox 148 228 943 266">
     <span class='ocr_line' id='line_1_4' title="bbox 148 228 943 266; baseline -0.004 -8"><span class='ocrx_word' id='word_1_5' title='bbox 148 231 218 264; x_wconf 79' lang='grc' dir='ltr'>βίου.</span> <span class='ocrx_word' id='word_1_6' title='bbox 232 231 279 266; x_wconf 77' lang='grc' dir='ltr'><strong>Μὴ</strong></span> <span class='ocrx_word' id='word_1_7' title='bbox 294 231 351 263; x_wconf 78' lang='grc' dir='ltr'>τοῖς</span> <span class='ocrx_word' id='word_1_8' title='bbox 374 230 562 266; x_wconf 71' lang='grc' dir='ltr'><strong>γεγαμηκόσιν</strong></span> <span class='ocrx_word' id='word_1_9' title='bbox 577 230 629 257; x_wconf 81' lang='grc' dir='ltr'><strong>οὐκ</strong></span> <span class='ocrx_word' id='word_1_10' title='bbox 649 228 757 265; x_wconf 68' lang='grc' dir='ltr'>ἐγράφη</span> <span class='ocrx_word' id='word_1_11' title='bbox 771 228 805 255; x_wconf 85' lang='grc' dir='ltr'>τὰ</span> <span class='ocrx_word' id='word_1_12' title='bbox 820 228 943 263; x_wconf 81' lang='grc' dir='ltr'>Εὐαγγέ-</span> 
     </span>
    </p>
   </div>
   <div class='ocr_carea' id='block_1_5' title="bbox 1008 224 1790 266">
    <p class='ocr_par' dir='ltr' id='par_1_5' title="bbox 1008 224 1790 261">
     <span class='ocr_line' id='line_1_5' title="bbox 1008 224 1790 261; baseline -0.001 -9"><span class='ocrx_word' id='word_1_13' title='bbox 1008 227 1056 261; x_wconf 70' lang='lat' dir='ltr'><strong>uiis</strong></span> <span class='ocrx_word' id='word_1_14' title='bbox 1070 227 1147 255; x_wconf 86' lang='lat' dir='ltr'><strong>vobis</strong></span> <span class='ocrx_word' id='word_1_15' title='bbox 1161 234 1194 254; x_wconf 87' lang='lat' dir='ltr'><strong>ea</strong></span> <span class='ocrx_word' id='word_1_16' title='bbox 1216 233 1278 260; x_wconf 64' lang='lat' dir='ltr'><strong>qua:</strong></span> <span class='ocrx_word' id='word_1_17' title='bbox 1294 232 1384 253; x_wconf 79' lang='lat' dir='ltr'><strong>vestra</strong></span> <span class='ocrx_word' id='word_1_18' title='bbox 1403 227 1478 256; x_wconf 87' lang='lat' dir='ltr'><strong>sunt,</strong></span> <span class='ocrx_word' id='word_1_19' title='bbox 1506 224 1533 251; x_wconf 93' lang='lat' dir='ltr'><strong>in</strong></span> <span class='ocrx_word' id='word_1_20' title='bbox 1552 227 1670 251; x_wconf 82' lang='lat' dir='ltr'><strong>vestram</strong></span> <span class='ocrx_word' id='word_1_21' title='bbox 1698 225 1790 259; x_wconf 82' lang='lat' dir='ltr'><strong>pct‘tti—</strong></span> 
     </span>
    </p>
   </div>
   <div class='ocr_carea' id='block_1_6' title="bbox 147 274 941 310">
    <p class='ocr_par' dir='ltr' id='par_1_6' title="bbox 147 274 941 310">
     <span class='ocr_line' id='line_1_6' title="bbox 147 274 941 310; baseline -0.003 -6"><span class='ocrx_word' id='word_1_22' title='bbox 147 278 209 310; x_wconf 65' lang='lat' dir='ltr'><strong>ha;</strong></span> <span class='ocrx_word' id='word_1_23' title='bbox 233 278 267 304; x_wconf 82' lang='lat' dir='ltr'><strong>Et</strong></span> <span class='ocrx_word' id='word_1_24' title='bbox 295 277 393 310; x_wconf 71' lang='grc' dir='ltr'>θέλεις</span> <span class='ocrx_word' id='word_1_25' title='bbox 414 275 492 304; x_wconf 71' lang='grc' dir='ltr'>εἶναι</span> <span class='ocrx_word' id='word_1_26' title='bbox 516 275 639 309; x_wconf 71' lang='grc' dir='ltr'>τέλειος,</span> <span class='ocrx_word' id='word_1_27' title='bbox 656 274 804 310; x_wconf 72' lang='grc' dir='ltr'>πώλησόν</span> <span class='ocrx_word' id='word_1_28' title='bbox 827 283 887 302; x_wconf 89' lang='grc' dir='ltr'><strong>σου</strong></span> <span class='ocrx_word' id='word_1_29' title='bbox 905 275 941 302; x_wconf 80' lang='grc' dir='ltr'>τὰ</span> 
     </span>
    </p>
   </div>
   <div class='ocr_carea' id='block_1_7' title="bbox 147 321 941 360">
    <p class='ocr_par' dir='ltr' id='par_1_7' title="bbox 147 321 941 360">
     <span class='ocr_line' id='line_1_7' title="bbox 147 321 941 360; baseline -0.005 -8"><span class='ocrx_word' id='word_1_30' title='bbox 147 324 334 360; x_wconf 61' lang='grc' dir='ltr'>ὺκάρχοντα,</span> <span class='ocrx_word' id='word_1_31' title='bbox 357 324 406 351; x_wconf 77' lang='grc' dir='ltr'><strong>καὶ</strong></span> <span class='ocrx_word' id='word_1_32' title='bbox 423 323 477 357; x_wconf 82' lang='grc' dir='ltr'>δὸς</span> <span class='ocrx_word' id='word_1_33' title='bbox 496 322 637 357; x_wconf 75' lang='grc' dir='ltr'>πτωχοῖς.</span> <span class='ocrx_word' id='word_1_34' title='bbox 669 322 734 349; x_wconf 81' lang='grc' dir='ltr'>Ὅτε</span> <span class='ocrx_word' id='word_1_35' title='bbox 762 322 839 358; x_wconf 76' lang='grc' dir='ltr'>ᾕτεις</span> <span class='ocrx_word' id='word_1_36' title='bbox 864 321 941 357; x_wconf 83' lang='grc' dir='ltr'>παρὰ</span> 
     </span>
    </p>
   </div>
   <div class='ocr_carea' id='block_1_8' title="bbox 148 368 942 408">
    <p class='ocr_par' dir='ltr' id='par_1_8' title="bbox 148 368 942 408">
     <span class='ocr_line' id='line_1_8' title="bbox 148 368 942 408; baseline -0.004 -10"><span class='ocrx_word' id='word_1_37' title='bbox 148 371 251 408; x_wconf 83' lang='grc' dir='ltr'><strong>Κυρίου</strong></span> <span class='ocrx_word' id='word_1_38' title='bbox 269 371 319 407; x_wconf 82' lang='grc' dir='ltr'>τὴν</span> <span class='ocrx_word' id='word_1_39' title='bbox 336 370 490 403; x_wconf 72' lang='grc' dir='ltr'><strong>εὐπαιδίαν,</strong></span> <span class='ocrx_word' id='word_1_40' title='bbox 505 370 569 396; x_wconf 84' lang='grc' dir='ltr'>ὅταν</span> <span class='ocrx_word' id='word_1_41' title='bbox 584 368 678 404; x_wconf 76' lang='grc' dir='ltr'>ἠξίους</span> <span class='ocrx_word' id='word_1_42' title='bbox 692 368 822 403; x_wconf 82' lang='grc' dir='ltr'>γενέσθαι</span> <span class='ocrx_word' id='word_1_43' title='bbox 837 368 942 396; x_wconf 86' lang='grc' dir='ltr'>τέκνων</span> 
     </span>
    </p>
   </div>
   <div class='ocr_carea' id='block_1_9' title="bbox 149 414 942 453">
    <p class='ocr_par' dir='ltr' id='par_1_9' title="bbox 149 414 942 453">
     <span class='ocr_line' id='line_1_9' title="bbox 149 414 942 453; baseline -0.004 -9"><span class='ocrx_word' id='word_1_44' title='bbox 149 417 251 453; x_wconf 76' lang='grc' dir='ltr'>πατὴρ,</span> <span class='ocrx_word' id='word_1_45' title='bbox 273 415 329 452; x_wconf 79' lang='grc' dir='ltr'>ἆρα</span> <span class='ocrx_word' id='word_1_46' title='bbox 351 416 527 452; x_wconf 80' lang='grc' dir='ltr'>προσέθηκας</span> <span class='ocrx_word' id='word_1_47' title='bbox 546 415 640 442; x_wconf 81' lang='grc' dir='ltr'>τοῦτο·</span> <span class='ocrx_word' id='word_1_48' title='bbox 661 415 711 447; x_wconf 86' lang='grc' dir='ltr'>Δός</span> <span class='ocrx_word' id='word_1_49' title='bbox 725 423 770 450; x_wconf 87' lang='grc' dir='ltr'><strong>μοι</strong></span> <span class='ocrx_word' id='word_1_50' title='bbox 788 414 881 446; x_wconf 83' lang='grc' dir='ltr'>τέκνα,</span> <span class='ocrx_word' id='word_1_51' title='bbox 897 415 942 442; x_wconf 81' lang='grc' dir='ltr'>ἵνα</span> 
     </span>
    </p>
   </div>
   <div class='ocr_carea' id='block_1_10' title="bbox 149 457 941 496">
    <p class='ocr_par' dir='ltr' id='par_1_10' title="bbox 149 457 941 496">
     <span class='ocr_line' id='line_1_10' title="bbox 149 457 941 496; baseline -0.008 -7"><span class='ocrx_word' id='word_1_52' title='bbox 149 461 314 496; x_wconf 73' lang='grc' dir='ltr'>πλεονέκτης</span> <span class='ocrx_word' id='word_1_53' title='bbox 340 460 487 496; x_wconf 76' lang='grc' dir='ltr'>γενόμενος</span> <span class='ocrx_word' id='word_1_54' title='bbox 504 461 538 495; x_wconf 83' lang='grc' dir='ltr'>τῇ</span> <span class='ocrx_word' id='word_1_55' title='bbox 555 458 693 495; x_wconf 74' lang='grc' dir='ltr'><strong>προφάσει</strong></span> <span class='ocrx_word' id='word_1_56' title='bbox 713 458 768 485; x_wconf 85' lang='grc' dir='ltr'>τῶν</span> <span class='ocrx_word' id='word_1_57' title='bbox 784 457 888 484; x_wconf 80' lang='grc' dir='ltr'><strong>παίδων</strong></span> <span class='ocrx_word' id='word_1_58' title='bbox 906 458 941 493; x_wconf 80' lang='grc' dir='ltr'>τῇ</span> 
     </span>
    </p>
   </div>
   <div class='ocr_carea' id='block_1_11' title="bbox 993 269 1787 306">
    <p class='ocr_par' dir='ltr' id='par_1_11' title="bbox 993 269 1787 306">
     <span class='ocr_line' id='line_1_11' title="bbox 993 269 1787 306; baseline -0.006 -5"><span class='ocrx_word' id='word_1_59' title='bbox 993 274 1064 301; x_wconf 87' lang='lat' dir='ltr'><strong>ciem</strong></span> <span class='ocrx_word' id='word_1_60' title='bbox 1077 272 1223 305; x_wconf 82' lang='lat' dir='ltr'><strong>convertit,</strong></span> <span class='ocrx_word' id='word_1_61' title='bbox 1237 279 1282 304; x_wconf 87' lang='lat' dir='ltr'><strong>ea,</strong></span> <span class='ocrx_word' id='word_1_62' title='bbox 1297 270 1421 306; x_wconf 87' lang='lat' dir='ltr'><strong>inquam,</strong></span> <span class='ocrx_word' id='word_1_63' title='bbox 1437 278 1499 306; x_wconf 71' lang='lat' dir='ltr'><strong>qua:</strong></span> <span class='ocrx_word' id='word_1_64' title='bbox 1510 270 1543 297; x_wconf 88' lang='lat' dir='ltr'><strong>ad</strong></span> <span class='ocrx_word' id='word_1_65' title='bbox 1558 269 1620 297; x_wconf 69' lang='lat' dir='ltr'><strong>vita:</strong></span> <span class='ocrx_word' id='word_1_66' title='bbox 1632 270 1787 298; x_wconf 83' lang='lat' dir='ltr'><strong>subsidium</strong></span> 
     </span>
    </p>
   </div>
   <div class='ocr_carea' id='block_1_12' title="bbox 994 316 1792 353">
    <p class='ocr_par' dir='ltr' id='par_1_12' title="bbox 994 316 1792 353">
     <span class='ocr_line' id='line_1_12' title="bbox 994 316 1792 353; baseline -0.008 -5"><span class='ocrx_word' id='word_1_67' title='bbox 994 319 1058 348; x_wconf 79' lang='lat' dir='ltr'><strong>data</strong></span> <span class='ocrx_word' id='word_1_68' title='bbox 1075 319 1161 348; x_wconf 86' lang='lat' dir='ltr'><strong>sunt?</strong></span> <span class='ocrx_word' id='word_1_69' title='bbox 1177 318 1272 353; x_wconf 81' lang='lat' dir='ltr'><strong>Neque</strong></span> <span class='ocrx_word' id='word_1_70' title='bbox 1292 317 1367 345; x_wconf 89' lang='lat' dir='ltr'><strong>enim</strong></span> <span class='ocrx_word' id='word_1_71' title='bbox 1384 324 1450 352; x_wconf 89' lang='lat' dir='ltr'><strong>opes</strong></span> <span class='ocrx_word' id='word_1_72' title='bbox 1466 321 1495 344; x_wconf 89' lang='lat' dir='ltr'><strong>ut</strong></span> <span class='ocrx_word' id='word_1_73' title='bbox 1520 316 1593 343; x_wconf 89' lang='lat' dir='ltr'><strong>vitiis</strong></span> <span class='ocrx_word' id='word_1_74' title='bbox 1622 316 1792 344; x_wconf 83' lang='lat' dir='ltr'><strong>inservirent.</strong></span> 
     </span>
    </p>
   </div>
   <div class='ocr_carea' id='block_1_13' title="bbox 995 362 1790 402">
    <p class='ocr_par' dir='ltr' id='par_1_13' title="bbox 995 362 1790 402">
     <span class='ocr_line' id='line_1_13' title="bbox 995 362 1790 402; baseline -0.008 -7"><span class='ocrx_word' id='word_1_75' title='bbox 995 374 1137 395; x_wconf 64' lang='lat' dir='ltr'><strong>concessa:</strong></span> <span class='ocrx_word' id='word_1_76' title='bbox 1154 366 1276 399; x_wconf 82' lang='lat' dir='ltr'><strong>fuerunt,</strong></span> <span class='ocrx_word' id='word_1_77' title='bbox 1290 365 1393 402; x_wconf 83' lang='lat' dir='ltr'><strong>quibus</strong></span> <span class='ocrx_word' id='word_1_78' title='bbox 1407 364 1552 393; x_wconf 87' lang='lat' dir='ltr'><strong>redimitur</strong></span> <span class='ocrx_word' id='word_1_79' title='bbox 1567 364 1670 391; x_wconf 86' lang='lat' dir='ltr'><strong>anima.</strong></span> <span class='ocrx_word' id='word_1_80' title='bbox 1682 362 1790 398; x_wconf 79' lang='lat' dir='ltr'><strong>Nequa-</strong></span> 
     </span>
    </p>
   </div>
   <div class='ocr_carea' id='block_1_14' title="bbox 994 409 1791 449">
    <p class='ocr_par' dir='ltr' id='par_1_14' title="bbox 994 409 1791 449">
     <span class='ocr_line' id='line_1_14' title="bbox 994 409 1791 449; baseline -0.005 -8"><span class='ocrx_word' id='word_1_81' title='bbox 994 421 1078 449; x_wconf 84' lang='lat' dir='ltr'><strong>quam</strong></span> <span class='ocrx_word' id='word_1_82' title='bbox 1093 414 1172 442; x_wconf 79' lang='lat' dir='ltr'><strong>exitii</strong></span> <span class='ocrx_word' id='word_1_83' title='bbox 1188 413 1300 442; x_wconf 85' lang='lat' dir='ltr'><strong>occasio</strong></span> <span class='ocrx_word' id='word_1_84' title='bbox 1324 420 1386 440; x_wconf 88' lang='lat' dir='ltr'><strong>esse</strong></span> <span class='ocrx_word' id='word_1_85' title='bbox 1404 412 1516 445; x_wconf 86' lang='lat' dir='ltr'><strong>debent,</strong></span> <span class='ocrx_word' id='word_1_86' title='bbox 1529 419 1590 447; x_wconf 71' lang='lat' dir='ltr'><strong>qum</strong></span> <span class='ocrx_word' id='word_1_87' title='bbox 1612 410 1708 439; x_wconf 87' lang='lat' dir='ltr'><strong>liberis</strong></span> <span class='ocrx_word' id='word_1_88' title='bbox 1722 409 1791 441; x_wconf 85' lang='lat' dir='ltr'><strong>edu-</strong></span> 
     </span>
    </p>
   </div>
   <div class='ocr_carea' id='block_1_15' title="bbox 999 456 1792 494">
    <p class='ocr_par' dir='ltr' id='par_1_15' title="bbox 999 456 1792 494">
     <span class='ocr_line' id='line_1_15' title="bbox 999 456 1792 494; baseline -0.005 -7"><span class='ocrx_word' id='word_1_89' title='bbox 999 459 1097 488; x_wconf 84' lang='lat' dir='ltr'><strong>candis</strong></span> <span class='ocrx_word' id='word_1_90' title='bbox 1112 459 1275 488; x_wconf 68' lang='lat' dir='ltr'><strong>necessariae</strong></span> <span class='ocrx_word' id='word_1_91' title='bbox 1293 463 1370 486; x_wconf 92' lang='lat' dir='ltr'><strong>sunt.</strong></span> <span class='ocrx_word' id='word_1_92' title='bbox 1383 459 1467 494; x_wconf 89' lang='lat' dir='ltr'><strong>Atqui</strong></span> <span class='ocrx_word' id='word_1_93' title='bbox 1489 458 1633 493; x_wconf 88' lang='lat' dir='ltr'><strong>speciosus</strong></span> <span class='ocrx_word' id='word_1_94' title='bbox 1654 457 1699 484; x_wconf 89' lang='lat' dir='ltr'><strong>hic</strong></span> <span class='ocrx_word' id='word_1_95' title='bbox 1715 456 1792 484; x_wconf 79' lang='lat' dir='ltr'><strong>color</strong></span> 
     </span>
    </p>
   </div>
   <div class='ocr_carea' id='block_1_16' title="bbox 149 502 957 545">
    <p class='ocr_par' dir='ltr' id='par_1_16' title="bbox 149 503 941 545">
     <span class='ocr_line' id='line_1_16' title="bbox 149 503 941 545; baseline -0.008 -9"><span class='ocrx_word' id='word_1_96' title='bbox 149 509 247 545; x_wconf 75' lang='grc' dir='ltr'>γειννῃ</span> <span class='ocrx_word' id='word_1_97' title='bbox 262 507 425 543; x_wconf 65' lang='grc' dir='ltr'>Μραδοθῶσ</span> <span class='ocrx_word' id='word_1_98' title='bbox 443 507 488 539; x_wconf 88' lang='grc' dir='ltr'><strong>δός</strong></span> <span class='ocrx_word' id='word_1_99' title='bbox 507 515 552 542; x_wconf 84' lang='grc' dir='ltr'><strong>μοι</strong></span> <span class='ocrx_word' id='word_1_100' title='bbox 574 505 684 538; x_wconf 84' lang='grc' dir='ltr'>παῖδας,</span> <span class='ocrx_word' id='word_1_101' title='bbox 700 504 744 532; x_wconf 83' lang='grc' dir='ltr'>ῐνα</span> <span class='ocrx_word' id='word_1_102' title='bbox 755 503 802 531; x_wconf 79' lang='grc' dir='ltr'>τοῦ</span> <span class='ocrx_word' id='word_1_103' title='bbox 817 504 941 538; x_wconf 78' lang='grc' dir='ltr'>Εὐαγγε-</span> 
     </span>
    </p>
   </div>
   <div class='ocr_carea' id='block_1_17' title="bbox 1008 502 1793 545">
    <p class='ocr_par' dir='ltr' id='par_1_17' title="bbox 1008 502 1793 539">
     <span class='ocr_line' id='line_1_17' title="bbox 1008 502 1793 539; baseline -0.003 -8"><span class='ocrx_word' id='word_1_104' title='bbox 1008 504 1121 532; x_wconf 71' lang='lat' dir='ltr'><strong>Ivaritize</strong></span> <span class='ocrx_word' id='word_1_105' title='bbox 1138 508 1192 532; x_wconf 82' lang='lat' dir='ltr'><strong>est.</strong></span> <span class='ocrx_word' id='word_1_106' title='bbox 1219 503 1335 532; x_wconf 81' lang='lat' dir='ltr'><strong>Liberos</strong></span> <span class='ocrx_word' id='word_1_107' title='bbox 1363 504 1437 532; x_wconf 89' lang='lat' dir='ltr'><strong>enim</strong></span> <span class='ocrx_word' id='word_1_108' title='bbox 1454 503 1625 539; x_wconf 64' lang='lat' dir='ltr'><strong>praetexitis;</strong></span> <span class='ocrx_word' id='word_1_109' title='bbox 1644 502 1711 537; x_wconf 87' lang='lat' dir='ltr'><strong>quid</strong></span> <span class='ocrx_word' id='word_1_110' title='bbox 1727 510 1793 530; x_wconf 86' lang='lat' dir='ltr'><strong>vero</strong></span> 
     </span>
    </p>
   </div>
   <div class='ocr_carea' id='block_1_18' title="bbox 148 547 957 590">
    <p class='ocr_par' dir='ltr' id='par_1_18' title="bbox 148 553 448 590">
     <span class='ocr_line' id='line_1_18' title="bbox 148 553 448 590; baseline -0.007 -8"><span class='ocrx_word' id='word_1_111' title='bbox 148 555 206 582; x_wconf 87' lang='grc' dir='ltr'>λίου</span> <span class='ocrx_word' id='word_1_112' title='bbox 224 553 423 590; x_wconf 80' lang='grc' dir='ltr'>καταφρονήσω</span> <span class='ocrx_word' id='word_1_113' title='bbox 440 561 448 587; x_wconf 88' lang='grc'>;</span> 
     </span>
    </p>
   </div>
   <div class='ocr_carea' id='block_1_19' title="bbox 1008 547 1789 590">
    <p class='ocr_par' dir='ltr' id='par_1_19' title="bbox 1008 547 1789 586">
     <span class='ocr_line' id='line_1_19' title="bbox 1008 547 1789 586; baseline -0.005 -7"><span class='ocrx_word' id='word_1_114' title='bbox 1008 555 1072 579; x_wconf 91' lang='lat' dir='ltr'><strong>ntus</strong></span> <span class='ocrx_word' id='word_1_115' title='bbox 1094 550 1122 578; x_wconf 86' lang='lat' dir='ltr'><strong>in</strong></span> <span class='ocrx_word' id='word_1_116' title='bbox 1145 550 1230 579; x_wconf 87' lang='lat' dir='ltr'><strong>corde</strong></span> <span class='ocrx_word' id='word_1_117' title='bbox 1243 550 1291 582; x_wconf 88' lang='lat' dir='ltr'><strong>sit,</strong></span> <span class='ocrx_word' id='word_1_118' title='bbox 1304 550 1479 586; x_wconf 85' lang='lat' dir='ltr'><strong>apertissime</strong></span> <span class='ocrx_word' id='word_1_119' title='bbox 1496 549 1624 585; x_wconf 80' lang='lat' dir='ltr'><strong>proditis.</strong></span> <span class='ocrx_word' id='word_1_120' title='bbox 1640 547 1679 576; x_wconf 88' lang='lat' dir='ltr'><strong>Ne</strong></span> <span class='ocrx_word' id='word_1_121' title='bbox 1694 548 1789 576; x_wconf 89' lang='lat' dir='ltr'><strong>inson-</strong></span> 
     </span>
    </p>
   </div>
   <div class='ocr_carea' id='block_1_20' title="bbox 150 594 1791 638">
    <p class='ocr_par' dir='ltr' id='par_1_20' title="bbox 150 594 1791 638">
     <span class='ocr_line' id='line_1_20' title="bbox 150 594 1791 638; baseline -0.006 -6"><span class='ocrx_word' id='word_1_122' title='bbox 150 609 206 633; x_wconf 62' lang='lat' dir='ltr'><strong>tem</strong></span> <span class='ocrx_word' id='word_1_123' title='bbox 222 601 336 638; x_wconf 85' lang='lat' dir='ltr'><strong>culpes:</strong></span> <span class='ocrx_word' id='word_1_124' title='bbox 354 599 495 628; x_wconf 88' lang='lat' dir='ltr'><strong>dominum</strong></span> <span class='ocrx_word' id='word_1_125' title='bbox 517 606 599 627; x_wconf 82' lang='lat' dir='ltr'><strong>suum</strong></span> <span class='ocrx_word' id='word_1_126' title='bbox 613 598 707 632; x_wconf 80' lang='lat' dir='ltr'><strong>habet.</strong></span> <span class='ocrx_word' id='word_1_127' title='bbox 725 598 945 633; x_wconf 83' lang='lat' dir='ltr'><strong>dispensatorem</strong></span> <span class='ocrx_word' id='word_1_128' title='bbox 970 605 1063 625; x_wconf 92' lang='lat' dir='ltr'><strong>suum.</strong></span> <span class='ocrx_word' id='word_1_129' title='bbox 1079 597 1122 625; x_wconf 79' lang='lat' dir='ltr'><strong>Ab</strong></span> <span class='ocrx_word' id='word_1_130' title='bbox 1141 597 1196 625; x_wconf 83' lang='lat' dir='ltr'><strong>alio</strong></span> <span class='ocrx_word' id='word_1_131' title='bbox 1217 597 1301 624; x_wconf 92' lang='lat' dir='ltr'><strong>vitam</strong></span> <span class='ocrx_word' id='word_1_132' title='bbox 1317 596 1434 631; x_wconf 87' lang='lat' dir='ltr'><strong>accepit,</strong></span> <span class='ocrx_word' id='word_1_133' title='bbox 1450 600 1478 624; x_wconf 89' lang='lat' dir='ltr'><strong>et</strong></span> <span class='ocrx_word' id='word_1_134' title='bbox 1498 595 1604 630; x_wconf 87' lang='lat' dir='ltr'><strong>abipso</strong></span> <span class='ocrx_word' id='word_1_135' title='bbox 1629 594 1693 622; x_wconf 71' lang='lat' dir='ltr'><strong>vitae</strong></span> <span class='ocrx_word' id='word_1_136' title='bbox 1721 595 1791 622; x_wconf 88' lang='lat' dir='ltr'><strong>sub-</strong></span> 
     </span>
    </p>
   </div>
   <div class='ocr_carea' id='block_1_21' title="bbox 151 642 1786 684">
    <p class='ocr_par' dir='ltr' id='par_1_21' title="bbox 151 642 1786 684">
     <span class='ocr_line' id='line_1_21' title="bbox 151 642 1786 684; baseline -0.005 -6"><span class='ocrx_word' id='word_1_137' title='bbox 151 649 221 678; x_wconf 82' lang='lat' dir='ltr'><strong>sidia</strong></span> <span class='ocrx_word' id='word_1_138' title='bbox 235 647 420 684; x_wconf 67' lang='lat' dir='ltr'><strong>praestolatur.</strong></span> <span class='ocrx_word' id='word_1_139' title='bbox 437 648 477 674; x_wconf 80' lang='lat' dir='ltr'><strong>An</strong></span> <span class='ocrx_word' id='word_1_140' title='bbox 497 653 551 673; x_wconf 88' lang='lat' dir='ltr'><strong>non</strong></span> <span class='ocrx_word' id='word_1_141' title='bbox 577 646 610 673; x_wconf 84' lang='lat' dir='ltr'><strong>iis</strong></span> <span class='ocrx_word' id='word_1_142' title='bbox 626 645 672 681; x_wconf 88' lang='lat' dir='ltr'><strong>qui</strong></span> <span class='ocrx_word' id='word_1_143' title='bbox 689 645 868 673; x_wconf 86' lang='lat' dir='ltr'><strong>matrimonio</strong></span> <span class='ocrx_word' id='word_1_144' title='bbox 881 653 943 673; x_wconf 82' lang='lat' dir='ltr'><strong>sese</strong></span> <span class='ocrx_word' id='word_1_145' title='bbox 967 645 1172 680; x_wconf 79' lang='lat' dir='ltr'><strong>manciparunt,</strong></span> <span class='ocrx_word' id='word_1_146' title='bbox 1189 644 1337 680; x_wconf 78' lang='lat' dir='ltr'><strong>Evangelia</strong></span> <span class='ocrx_word' id='word_1_147' title='bbox 1351 644 1454 679; x_wconf 83' lang='lat' dir='ltr'><strong>scripta</strong></span> <span class='ocrx_word' id='word_1_148' title='bbox 1465 643 1550 680; x_wconf 66' lang='grc'><strong>488</strong></span> <span class='ocrx_word' id='word_1_149' title='bbox 1567 643 1654 671; x_wconf 85' lang='lat' dir='ltr'><strong>sunt?</strong></span> <span class='ocrx_word' id='word_1_150' title='bbox 1686 642 1717 670; x_wconf 80' lang='lat' dir='ltr'><strong>Si</strong></span> <span class='ocrx_word' id='word_1_151' title='bbox 1748 644 1786 670; x_wconf 72' lang='lat' dir='ltr'><strong>uia</strong></span> 
     </span>
    </p>
   </div>
   <div class='ocr_carea' id='block_1_22' title="bbox 152 688 1794 732">
    <p class='ocr_par' dir='ltr' id='par_1_22' title="bbox 152 688 1794 732">
     <span class='ocr_line' id='line_1_22' title="bbox 152 688 1794 732; baseline -0.004 -9"><span class='ocrx_word' id='word_1_152' title='bbox 152 696 284 732; x_wconf 70' lang='lat' dir='ltr'><strong>perfectus</strong></span> <span class='ocrx_word' id='word_1_153' title='bbox 296 702 364 727; x_wconf 73' lang='lat' dir='ltr'><strong>esse,</strong></span> <span class='ocrx_word' id='word_1_154' title='bbox 379 692 458 721; x_wconf 79' lang='lat' dir='ltr'><strong>unde</strong></span> <span class='ocrx_word' id='word_1_155' title='bbox 472 692 565 720; x_wconf 78' lang='lat' dir='ltr'><strong>omnia</strong></span> <span class='ocrx_word' id='word_1_156' title='bbox 578 699 637 727; x_wconf 66' lang='lat' dir='ltr'><strong>qua;</strong></span> <span class='ocrx_word' id='word_1_157' title='bbox 651 690 743 722; x_wconf 75' lang='lat' dir='ltr'><strong>habes,</strong></span> <span class='ocrx_word' id='word_1_158' title='bbox 758 695 783 718; x_wconf 87' lang='lat' dir='ltr'><strong>et</strong></span> <span class='ocrx_word' id='word_1_159' title='bbox 801 690 836 717; x_wconf 82' lang='lat' dir='ltr'><strong>da</strong></span> <span class='ocrx_word' id='word_1_160' title='bbox 850 690 1011 725; x_wconf 77' lang='lat' dir='ltr'><strong>pauperibus</strong></span> <span class='ocrx_word' id='word_1_161' title='bbox 1029 690 1142 726; x_wconf 76' lang='lat' dir='ltr'><strong>(Matth.</strong></span> <span class='ocrx_word' id='word_1_162' title='bbox 1183 699 1228 718; x_wconf 76' lang='lat' dir='ltr'><strong>xix</strong></span> <span class='ocrx_word' id='word_1_163' title='bbox 1239 688 1252 724; x_wconf 81' lang='grc'>,’</span> <span class='ocrx_word' id='word_1_164' title='bbox 1275 691 1332 726; x_wconf 75' lang='grc'><strong>21).</strong></span> <span class='ocrx_word' id='word_1_165' title='bbox 1374 689 1443 718; x_wconf 89' lang='lat' dir='ltr'><strong>Cum</strong></span> <span class='ocrx_word' id='word_1_166' title='bbox 1470 690 1594 718; x_wconf 79' lang='lat' dir='ltr'><strong>sobolem</strong></span> <span class='ocrx_word' id='word_1_167' title='bbox 1628 696 1643 716; x_wconf 87' lang='lat' dir='ltr'><strong>a</strong></span> <span class='ocrx_word' id='word_1_168' title='bbox 1675 689 1794 718; x_wconf 85' lang='lat' dir='ltr'><strong>Domino</strong></span> 
     </span>
    </p>
   </div>
   <div class='ocr_carea' id='block_1_23' title="bbox 152 736 1793 779">
    <p class='ocr_par' dir='ltr' id='par_1_23' title="bbox 152 736 1793 779">
     <span class='ocr_line' id='line_1_23' title="bbox 152 736 1793 779; baseline -0.005 -9"><span class='ocrx_word' id='word_1_169' title='bbox 152 742 332 779; x_wconf 84' lang='lat' dir='ltr'><strong>postulabas,</strong></span> <span class='ocrx_word' id='word_1_170' title='bbox 349 747 412 768; x_wconf 88' lang='lat' dir='ltr'><strong>cum</strong></span> <span class='ocrx_word' id='word_1_171' title='bbox 424 739 459 767; x_wconf 85' lang='lat' dir='ltr'><strong>ab</strong></span> <span class='ocrx_word' id='word_1_172' title='bbox 474 746 508 767; x_wconf 90' lang='lat' dir='ltr'><strong>eo</strong></span> <span class='ocrx_word' id='word_1_173' title='bbox 525 739 639 774; x_wconf 79' lang='lat' dir='ltr'><strong>petebas</strong></span> <span class='ocrx_word' id='word_1_174' title='bbox 651 738 690 766; x_wconf 89' lang='lat' dir='ltr'><strong>uti</strong></span> <span class='ocrx_word' id='word_1_175' title='bbox 708 742 787 773; x_wconf 87' lang='lat' dir='ltr'><strong>pater</strong></span> <span class='ocrx_word' id='word_1_176' title='bbox 806 737 896 771; x_wconf 80' lang='lat' dir='ltr'><strong>lieres,</strong></span> <span class='ocrx_word' id='word_1_177' title='bbox 912 745 946 764; x_wconf 91' lang='lat' dir='ltr'><strong>an</strong></span> <span class='ocrx_word' id='word_1_178' title='bbox 972 738 1040 765; x_wconf 89' lang='lat' dir='ltr'><strong>illud</strong></span> <span class='ocrx_word' id='word_1_179' title='bbox 1054 745 1165 773; x_wconf 87' lang='lat' dir='ltr'><strong>quoque</strong></span> <span class='ocrx_word' id='word_1_180' title='bbox 1180 737 1333 773; x_wconf 77' lang='lat' dir='ltr'><strong>adjunxisti</strong></span> <span class='ocrx_word' id='word_1_181' title='bbox 1351 744 1360 765; x_wconf 72' lang='grc' dir='ltr'><strong>ε</strong></span> <span class='ocrx_word' id='word_1_182' title='bbox 1377 736 1415 764; x_wconf 86' lang='lat' dir='ltr'><strong>Da</strong></span> <span class='ocrx_word' id='word_1_183' title='bbox 1434 736 1502 763; x_wconf 90' lang='lat' dir='ltr'><strong>mihi</strong></span> <span class='ocrx_word' id='word_1_184' title='bbox 1523 736 1638 768; x_wconf 84' lang='lat' dir='ltr'><strong>liberos,</strong></span> <span class='ocrx_word' id='word_1_185' title='bbox 1670 740 1700 763; x_wconf 92' lang='lat' dir='ltr'><strong>ut</strong></span> <span class='ocrx_word' id='word_1_186' title='bbox 1731 743 1793 762; x_wconf 87' lang='lat' dir='ltr'><strong>ava-</strong></span> 
     </span>
    </p>
   </div>
   <div class='ocr_carea' id='block_1_24' title="bbox 152 781 1795 822">
    <p class='ocr_par' dir='ltr' id='par_1_24' title="bbox 152 781 1795 822">
     <span class='ocr_line' id='line_1_24' title="bbox 152 781 1795 822; baseline -0.004 -5"><span class='ocrx_word' id='word_1_187' title='bbox 152 790 224 818; x_wconf 72' lang='lat' dir='ltr'><strong>ritiae</strong></span> <span class='ocrx_word' id='word_1_188' title='bbox 251 787 395 822; x_wconf 72' lang='lat' dir='ltr'><strong>studeant,</strong></span> <span class='ocrx_word' id='word_1_189' title='bbox 421 790 451 814; x_wconf 88' lang='lat' dir='ltr'><strong>ut</strong></span> <span class='ocrx_word' id='word_1_190' title='bbox 477 793 573 814; x_wconf 88' lang='lat' dir='ltr'><strong>eorum</strong></span> <span class='ocrx_word' id='word_1_191' title='bbox 590 792 674 813; x_wconf 85' lang='lat' dir='ltr'><strong>causa</strong></span> <span class='ocrx_word' id='word_1_192' title='bbox 695 788 724 813; x_wconf 91' lang='lat' dir='ltr'><strong>et</strong></span> <span class='ocrx_word' id='word_1_193' title='bbox 753 789 889 820; x_wconf 69' lang='lat' dir='ltr'><strong>praetextu</strong></span> <span class='ocrx_word' id='word_1_194' title='bbox 918 785 946 812; x_wconf 92' lang='lat' dir='ltr'><strong>in</strong></span> <span class='ocrx_word' id='word_1_195' title='bbox 975 784 1129 821; x_wconf 72' lang='lat' dir='ltr'><strong>gehennam</strong></span> <span class='ocrx_word' id='word_1_196' title='bbox 1147 784 1302 820; x_wconf 81' lang='lat' dir='ltr'><strong>conjiciar?</strong></span> <span class='ocrx_word' id='word_1_197' title='bbox 1324 783 1362 811; x_wconf 90' lang='lat' dir='ltr'><strong>Da</strong></span> <span class='ocrx_word' id='word_1_198' title='bbox 1387 783 1454 811; x_wconf 87' lang='lat' dir='ltr'><strong>mibi</strong></span> <span class='ocrx_word' id='word_1_199' title='bbox 1475 783 1589 816; x_wconf 88' lang='lat' dir='ltr'><strong>liberos,</strong></span> <span class='ocrx_word' id='word_1_200' title='bbox 1617 786 1648 810; x_wconf 90' lang='lat' dir='ltr'><strong>ut</strong></span> <span class='ocrx_word' id='word_1_201' title='bbox 1673 781 1795 818; x_wconf 73' lang='lat' dir='ltr'><strong>Evange-</strong></span> 
     </span>
    </p>
   </div>
   <div class='ocr_carea' id='block_1_25' title="bbox 153 830 1772 865">
    <p class='ocr_par' dir='ltr' id='par_1_25' title="bbox 153 830 1772 865">
     <span class='ocr_line' id='line_1_25' title="bbox 153 830 1772 865; baseline -0.019 -2"><span class='ocrx_word' id='word_1_202' title='bbox 153 837 220 865; x_wconf 82' lang='lat' dir='ltr'><strong>tium</strong></span> <span class='ocrx_word' id='word_1_203' title='bbox 234 831 429 862; x_wconf 72' lang='lat' dir='ltr'><strong>contemnam?</strong></span> <span class='ocrx_word' id='word_1_204' title='bbox 462 851 466 854; x_wconf 51' lang='grc' dir='ltr'><strong>ι</strong></span> <span class='ocrx_word' id='word_1_205' title='bbox 1057 843 1060 847; x_wconf 89' lang='grc'>,</span> <span class='ocrx_word' id='word_1_206' title='bbox 1770 830 1772 832; x_wconf 76' lang='grc'><strong>,</strong></span> 
     </span>
    </p>
   </div>
   <div class='ocr_carea' id='block_1_26' title="bbox 190 870 957 914">
    <p class='ocr_par' dir='ltr' id='par_1_26' title="bbox 190 876 946 914">
     <span class='ocr_line' id='line_1_26' title="bbox 190 876 946 914; baseline -0.005 -7"><span class='ocrx_word' id='word_1_207' title='bbox 190 879 282 912; x_wconf 79' lang='grc' dir='ltr'><strong>Δεῖξον</strong></span> <span class='ocrx_word' id='word_1_208' title='bbox 302 880 336 906; x_wconf 75' lang='grc' dir='ltr'>τὰ</span> <span class='ocrx_word' id='word_1_209' title='bbox 351 878 429 914; x_wconf 75' lang='grc' dir='ltr'>ἔργα,</span> <span class='ocrx_word' id='word_1_210' title='bbox 446 876 495 904; x_wconf 74' lang='grc' dir='ltr'><strong>καὶ</strong></span> <span class='ocrx_word' id='word_1_211' title='bbox 516 876 628 904; x_wconf 77' lang='grc' dir='ltr'>ἀπαίτει</span> <span class='ocrx_word' id='word_1_212' title='bbox 644 876 694 908; x_wconf 81' lang='grc' dir='ltr'><strong>τὰς</strong></span> <span class='ocrx_word' id='word_1_213' title='bbox 714 877 874 908; x_wconf 81' lang='grc' dir='ltr'><strong>ἀντιδόσεις.</strong></span> <span class='ocrx_word' id='word_1_214' title='bbox 893 876 946 903; x_wconf 86' lang='grc' dir='ltr'><strong>Οὺ-</strong></span> 
     </span>
    </p>
   </div>
   <div class='ocr_carea' id='block_1_27' title="bbox 1008 870 1796 914">
    <p class='ocr_par' dir='ltr' id='par_1_27' title="bbox 1034 870 1796 909">
     <span class='ocr_line' id='line_1_27' title="bbox 1034 870 1796 909; baseline -0.004 -8"><span class='ocrx_word' id='word_1_215' title='bbox 1034 873 1104 901; x_wconf 81' lang='lat' dir='ltr'><strong>Ibid.</strong></span> <span class='ocrx_word' id='word_1_216' title='bbox 1118 873 1286 902; x_wconf 84' lang='lat' dir='ltr'><strong>—Ostende</strong></span> <span class='ocrx_word' id='word_1_217' title='bbox 1303 880 1401 909; x_wconf 82' lang='lat' dir='ltr'><strong>opera.</strong></span> <span class='ocrx_word' id='word_1_218' title='bbox 1426 876 1454 900; x_wconf 85' lang='lat' dir='ltr'><strong>et</strong></span> <span class='ocrx_word' id='word_1_219' title='bbox 1468 879 1551 907; x_wconf 85' lang='lat' dir='ltr'><strong>posce</strong></span> <span class='ocrx_word' id='word_1_220' title='bbox 1571 871 1692 906; x_wconf 73' lang='lat' dir='ltr'><strong>praemia.</strong></span> <span class='ocrx_word' id='word_1_221' title='bbox 1710 870 1796 898; x_wconf 82' lang='lat' dir='ltr'><strong>Nemo</strong></span> 
     </span>
    </p>
   </div>
   <div class='ocr_carea' id='block_1_28' title="bbox 154 922 947 962">
    <p class='ocr_par' dir='ltr' id='par_1_28' title="bbox 154 922 947 962">
     <span class='ocr_line' id='line_1_28' title="bbox 154 922 947 962; baseline -0.005 -8"><span class='ocrx_word' id='word_1_222' title='bbox 154 927 209 959; x_wconf 80' lang='grc' dir='ltr'>δεὶς</span> <span class='ocrx_word' id='word_1_223' title='bbox 226 925 295 962; x_wconf 75' lang='grc' dir='ltr'>μετὰ</span> <span class='ocrx_word' id='word_1_224' title='bbox 307 924 338 952; x_wconf 80' lang='grc' dir='ltr'><strong>τὸ</strong></span> <span class='ocrx_word' id='word_1_225' title='bbox 353 923 469 959; x_wconf 79' lang='grc' dir='ltr'><strong>λυθῆναι</strong></span> <span class='ocrx_word' id='word_1_226' title='bbox 482 923 532 959; x_wconf 84' lang='grc' dir='ltr'>τὴν</span> <span class='ocrx_word' id='word_1_227' title='bbox 543 923 697 958; x_wconf 84' lang='grc' dir='ltr'>πανήγυριν</span> <span class='ocrx_word' id='word_1_228' title='bbox 709 922 947 959; x_wconf 80' lang='grc' dir='ltr'><strong>πραγματεύεται,</strong></span> 
     </span>
    </p>
   </div>
   <div class='ocr_carea' id='block_1_29' title="bbox 154 969 950 1008">
    <p class='ocr_par' dir='ltr' id='par_1_29' title="bbox 154 969 950 1008">
     <span class='ocr_line' id='line_1_29' title="bbox 154 969 950 1008; baseline -0.005 -8"><span class='ocrx_word' id='word_1_229' title='bbox 154 972 215 1000; x_wconf 72' lang='grc' dir='ltr'>οὐδὲ</span> <span class='ocrx_word' id='word_1_230' title='bbox 235 971 306 1008; x_wconf 84' lang='grc' dir='ltr'>μετὰ</span> <span class='ocrx_word' id='word_1_231' title='bbox 330 971 393 1002; x_wconf 82' lang='grc' dir='ltr'>τοὺς</span> <span class='ocrx_word' id='word_1_232' title='bbox 414 969 524 1004; x_wconf 84' lang='grc' dir='ltr'>ἀγῶνας</span> <span class='ocrx_word' id='word_1_233' title='bbox 542 969 664 996; x_wconf 75' lang='grc' dir='ltr'>ἐπελθὼν</span> <span class='ocrx_word' id='word_1_234' title='bbox 684 970 876 1004; x_wconf 83' lang='grc' dir='ltr'>στεφανοῦται,</span> <span class='ocrx_word' id='word_1_235' title='bbox 889 970 950 997; x_wconf 78' lang='grc' dir='ltr'>οὐδὲ</span> 
     </span>
    </p>
   </div>
   <div class='ocr_carea' id='block_1_30' title="bbox 157 1014 951 1055">
    <p class='ocr_par' dir='ltr' id='par_1_30' title="bbox 157 1014 951 1055">
     <span class='ocr_line' id='line_1_30' title="bbox 157 1014 951 1055; baseline -0.004 -10"><span class='ocrx_word' id='word_1_236' title='bbox 157 1018 227 1055; x_wconf 79' lang='grc' dir='ltr'>μετὰ</span> <span class='ocrx_word' id='word_1_237' title='bbox 237 1018 300 1049; x_wconf 64' lang='grc' dir='ltr'>τοὺς</span> <span class='ocrx_word' id='word_1_238' title='bbox 313 1016 449 1052; x_wconf 77' lang='grc' dir='ltr'><strong>πολέμους</strong></span> <span class='ocrx_word' id='word_1_239' title='bbox 465 1015 631 1051; x_wconf 83' lang='grc' dir='ltr'>ἀνδραγαθεϊ</span> <span class='ocrx_word' id='word_1_240' title='bbox 642 1023 649 1030; x_wconf 88' lang='grc'>·</span> <span class='ocrx_word' id='word_1_241' title='bbox 666 1015 697 1042; x_wconf 81' lang='grc' dir='ltr'>οὐ</span> <span class='ocrx_word' id='word_1_242' title='bbox 709 1015 799 1042; x_wconf 84' lang='grc' dir='ltr'>τοίνυν</span> <span class='ocrx_word' id='word_1_243' title='bbox 817 1014 887 1051; x_wconf 85' lang='grc' dir='ltr'>μετὰ</span> <span class='ocrx_word' id='word_1_244' title='bbox 900 1015 951 1051; x_wconf 81' lang='grc' dir='ltr'>τὴν</span> 
     </span>
    </p>
   </div>
   <div class='ocr_carea' id='block_1_31' title="bbox 156 1060 950 1099">
    <p class='ocr_par' dir='ltr' id='par_1_31' title="bbox 156 1060 950 1099">
     <span class='ocr_line' id='line_1_31' title="bbox 156 1060 950 1099; baseline -0.004 -9"><span class='ocrx_word' id='word_1_245' title='bbox 156 1063 229 1099; x_wconf 81' lang='grc' dir='ltr'>ζωὴν</span> <span class='ocrx_word' id='word_1_246' title='bbox 261 1061 369 1089; x_wconf 80' lang='grc' dir='ltr'>εὐσεδεί</span> <span class='ocrx_word' id='word_1_247' title='bbox 387 1060 520 1097; x_wconf 81' lang='grc' dir='ltr'>δηλονότι.</span> <span class='ocrx_word' id='word_1_248' title='bbox 542 1060 587 1088; x_wconf 84' lang='grc' dir='ltr'><strong>Ἐν</strong></span> <span class='ocrx_word' id='word_1_249' title='bbox 613 1060 708 1096; x_wconf 78' lang='grc' dir='ltr'>μέλανι</span> <span class='ocrx_word' id='word_1_250' title='bbox 729 1060 778 1087; x_wconf 79' lang='grc' dir='ltr'><strong>καὶ</strong></span> <span class='ocrx_word' id='word_1_251' title='bbox 802 1060 950 1096; x_wconf 87' lang='grc' dir='ltr'>γράμμασι</span> 
     </span>
    </p>
   </div>
   <div class='ocr_carea' id='block_1_32' title="bbox 157 1104 952 1144">
    <p class='ocr_par' dir='ltr' id='par_1_32' title="bbox 157 1104 952 1144">
     <span class='ocr_line' id='line_1_32' title="bbox 157 1104 952 1144; baseline -0.004 -7"><span class='ocrx_word' id='word_1_252' title='bbox 157 1108 367 1144; x_wconf 78' lang='grc' dir='ltr'>κατεπαγγέλλῃ</span> <span class='ocrx_word' id='word_1_253' title='bbox 383 1108 432 1139; x_wconf 84' lang='grc' dir='ltr'>τὰς</span> <span class='ocrx_word' id='word_1_254' title='bbox 452 1107 587 1139; x_wconf 81' lang='grc' dir='ltr'>εὐποιίας.</span> <span class='ocrx_word' id='word_1_255' title='bbox 602 1107 650 1138; x_wconf 86' lang='grc' dir='ltr'>Τίς</span> <span class='ocrx_word' id='word_1_256' title='bbox 672 1104 720 1134; x_wconf 85' lang='grc' dir='ltr'>οὖν</span> <span class='ocrx_word' id='word_1_257' title='bbox 747 1106 896 1141; x_wconf 78' lang='grc' dir='ltr'>ἀναγγελεῖ</span> <span class='ocrx_word' id='word_1_258' title='bbox 910 1115 952 1134; x_wconf 91' lang='grc' dir='ltr'><strong>σοι</strong></span> 
     </span>
    </p>
   </div>
   <div class='ocr_carea' id='block_1_33' title="bbox 156 1152 950 1190">
    <p class='ocr_par' dir='ltr' id='par_1_33' title="bbox 156 1152 950 1190">
     <span class='ocr_line' id='line_1_33' title="bbox 156 1152 950 1190; baseline -0.005 -7"><span class='ocrx_word' id='word_1_259' title='bbox 156 1156 203 1184; x_wconf 71' lang='grc' dir='ltr'><strong>τὸν</strong></span> <span class='ocrx_word' id='word_1_260' title='bbox 214 1155 309 1190; x_wconf 75' lang='grc' dir='ltr'>καιρὸν</span> <span class='ocrx_word' id='word_1_261' title='bbox 321 1154 371 1189; x_wconf 83' lang='grc' dir='ltr'>τῆς</span> <span class='ocrx_word' id='word_1_262' title='bbox 385 1153 487 1187; x_wconf 65' lang='grc' dir='ltr'>ἐξόδου,</span> <span class='ocrx_word' id='word_1_263' title='bbox 497 1152 541 1185; x_wconf 82' lang='grc' dir='ltr'><strong>τίς</strong></span> <span class='ocrx_word' id='word_1_264' title='bbox 552 1152 690 1188; x_wconf 74' lang='grc' dir='ltr'>ἐγγυητὴς</span> <span class='ocrx_word' id='word_1_265' title='bbox 701 1152 778 1179; x_wconf 71' lang='grc' dir='ltr'>ἔσται</span> <span class='ocrx_word' id='word_1_266' title='bbox 789 1152 837 1180; x_wconf 85' lang='grc' dir='ltr'>τοῦ</span> <span class='ocrx_word' id='word_1_267' title='bbox 849 1152 950 1188; x_wconf 84' lang='grc' dir='ltr'>τρόπου</span> 
     </span>
    </p>
   </div>
   <div class='ocr_carea' id='block_1_34' title="bbox 157 1198 951 1237">
    <p class='ocr_par' dir='ltr' id='par_1_34' title="bbox 157 1198 951 1237">
     <span class='ocr_line' id='line_1_34' title="bbox 157 1198 951 1237; baseline -0.004 -9"><span class='ocrx_word' id='word_1_268' title='bbox 157 1202 206 1237; x_wconf 82' lang='grc' dir='ltr'>τῆς</span> <span class='ocrx_word' id='word_1_269' title='bbox 220 1200 366 1236; x_wconf 73' lang='grc' dir='ltr'>τελευτῆςς</span> <span class='ocrx_word' id='word_1_270' title='bbox 383 1199 465 1226; x_wconf 88' lang='grc' dir='ltr'>Πόσοι</span> <span class='ocrx_word' id='word_1_271' title='bbox 492 1198 547 1227; x_wconf 75' lang='grc' dir='ltr'>ἀπὸ</span> <span class='ocrx_word' id='word_1_272' title='bbox 568 1198 665 1233; x_wconf 84' lang='grc' dir='ltr'>βιαίων</span> <span class='ocrx_word' id='word_1_273' title='bbox 680 1199 864 1234; x_wconf 80' lang='grc' dir='ltr'><strong>ἡρπάσθησαν</strong></span> <span class='ocrx_word' id='word_1_274' title='bbox 880 1207 951 1234; x_wconf 85' lang='grc' dir='ltr'>συμ-</span> 
     </span>
    </p>
   </div>
   <div class='ocr_carea' id='block_1_35' title="bbox 158 1242 952 1282">
    <p class='ocr_par' dir='ltr' id='par_1_35' title="bbox 158 1242 952 1282">
     <span class='ocr_line' id='line_1_35' title="bbox 158 1242 952 1282; baseline -0.005 -8"><span class='ocrx_word' id='word_1_275' title='bbox 158 1246 323 1282; x_wconf 75' lang='grc' dir='ltr'>πτωμάτων,</span> <span class='ocrx_word' id='word_1_276' title='bbox 341 1244 403 1271; x_wconf 76' lang='grc' dir='ltr'>οὐδὲ</span> <span class='ocrx_word' id='word_1_277' title='bbox 430 1243 523 1279; x_wconf 85' lang='grc' dir='ltr'>φωνὴν</span> <span class='ocrx_word' id='word_1_278' title='bbox 542 1242 623 1279; x_wconf 79' lang='grc' dir='ltr'>ῥῆξαι</span> <span class='ocrx_word' id='word_1_279' title='bbox 647 1243 872 1278; x_wconf 82' lang='grc' dir='ltr'>συγχωρηθέντες</span> <span class='ocrx_word' id='word_1_280' title='bbox 899 1243 952 1270; x_wconf 79' lang='grc' dir='ltr'><strong>ὑπὸ</strong></span> 
     </span>
    </p>
   </div>
   <div class='ocr_carea' id='block_1_36' title="bbox 159 1289 952 1326">
    <p class='ocr_par' dir='ltr' id='par_1_36' title="bbox 159 1289 952 1326">
     <span class='ocr_line' id='line_1_36' title="bbox 159 1289 952 1326; baseline -0.005 -6"><span class='ocrx_word' id='word_1_281' title='bbox 159 1291 206 1320; x_wconf 76' lang='grc' dir='ltr'>τοῦ</span> <span class='ocrx_word' id='word_1_282' title='bbox 222 1291 343 1324; x_wconf 70' lang='grc' dir='ltr'>πάθουςς</span> <span class='ocrx_word' id='word_1_283' title='bbox 359 1290 460 1321; x_wconf 85' lang='grc' dir='ltr'>πόσους</span> <span class='ocrx_word' id='word_1_284' title='bbox 472 1289 590 1326; x_wconf 70' lang='grc' dir='ltr'>πυρετὸς</span> <span class='ocrx_word' id='word_1_285' title='bbox 608 1289 737 1325; x_wconf 75' lang='grc' dir='ltr'>ἐποίησεν</span> <span class='ocrx_word' id='word_1_286' title='bbox 750 1289 903 1325; x_wconf 75' lang='grc' dir='ltr'>ἐκφροναςς</span> <span class='ocrx_word' id='word_1_287' title='bbox 919 1289 952 1316; x_wconf 85' lang='grc' dir='ltr'>Τί</span> 
     </span>
    </p>
   </div>
   <div class='ocr_carea' id='block_1_37' title="bbox 160 1330 953 1371">
    <p class='ocr_par' dir='ltr' id='par_1_37' title="bbox 160 1330 953 1371">
     <span class='ocr_line' id='line_1_37' title="bbox 160 1330 953 1371; baseline -0.004 -7"><span class='ocrx_word' id='word_1_288' title='bbox 160 1334 208 1364; x_wconf 76' lang='grc' dir='ltr'>οὖν</span> <span class='ocrx_word' id='word_1_289' title='bbox 231 1336 377 1371; x_wconf 70' lang='grc' dir='ltr'>ἀναμένεις</span> <span class='ocrx_word' id='word_1_290' title='bbox 401 1334 508 1371; x_wconf 72' lang='grc' dir='ltr'>καιρὸν,</span> <span class='ocrx_word' id='word_1_291' title='bbox 539 1335 569 1361; x_wconf 77' lang='grc' dir='ltr'>ὲν</span> <span class='ocrx_word' id='word_1_292' title='bbox 597 1330 619 1368; x_wconf 83' lang='grc' dir='ltr'>ᾧ</span> <span class='ocrx_word' id='word_1_293' title='bbox 647 1333 779 1365; x_wconf 85' lang='grc' dir='ltr'>πολλάκις</span> <span class='ocrx_word' id='word_1_294' title='bbox 811 1333 872 1360; x_wconf 75' lang='grc' dir='ltr'>οὐδὲ</span> <span class='ocrx_word' id='word_1_295' title='bbox 897 1334 953 1361; x_wconf 84' lang='grc' dir='ltr'>τῶν</span> 
     </span>
    </p>
   </div>
   <div class='ocr_carea' id='block_1_38' title="bbox 160 1379 953 1417">
    <p class='ocr_par' dir='ltr' id='par_1_38' title="bbox 160 1379 953 1417">
     <span class='ocr_line' id='line_1_38' title="bbox 160 1379 953 1417; baseline -0.004 -7"><span class='ocrx_word' id='word_1_296' title='bbox 160 1382 276 1410; x_wconf 71' lang='grc' dir='ltr'>σεαυτοῦ</span> <span class='ocrx_word' id='word_1_297' title='bbox 291 1380 430 1416; x_wconf 85' lang='grc' dir='ltr'>λογισμῶν</span> <span class='ocrx_word' id='word_1_298' title='bbox 445 1380 511 1417; x_wconf 63' lang='lat' dir='ltr'><strong>Eon;</strong></span> <span class='ocrx_word' id='word_1_299' title='bbox 530 1379 589 1412; x_wconf 81' lang='grc' dir='ltr'><strong>Νὺξ</strong></span> <span class='ocrx_word' id='word_1_300' title='bbox 614 1379 722 1415; x_wconf 82' lang='grc' dir='ltr'>βαθεῖα,</span> <span class='ocrx_word' id='word_1_301' title='bbox 741 1379 789 1406; x_wconf 78' lang='grc' dir='ltr'><strong>καὶ</strong></span> <span class='ocrx_word' id='word_1_302' title='bbox 808 1379 886 1412; x_wconf 72' lang='grc' dir='ltr'>νόσος</span> <span class='ocrx_word' id='word_1_303' title='bbox 904 1379 953 1415; x_wconf 87' lang='grc' dir='ltr'><strong>βα-</strong></span> 
     </span>
    </p>
   </div>
   <div class='ocr_carea' id='block_1_39' title="bbox 161 1425 953 1464">
    <p class='ocr_par' dir='ltr' id='par_1_39' title="bbox 161 1425 953 1464">
     <span class='ocr_line' id='line_1_39' title="bbox 161 1425 953 1464; baseline -0.004 -9"><span class='ocrx_word' id='word_1_304' title='bbox 161 1429 233 1464; x_wconf 79' lang='grc' dir='ltr'>ρεῐα,</span> <span class='ocrx_word' id='word_1_305' title='bbox 249 1428 297 1454; x_wconf 71' lang='grc' dir='ltr'><strong>καὶ</strong></span> <span class='ocrx_word' id='word_1_306' title='bbox 316 1428 331 1454; x_wconf 85' lang='grc' dir='ltr'><strong>ὀ</strong></span> <span class='ocrx_word' id='word_1_307' title='bbox 355 1425 461 1462; x_wconf 82' lang='grc' dir='ltr'>βοηθῶν</span> <span class='ocrx_word' id='word_1_308' title='bbox 476 1425 607 1461; x_wconf 79' lang='grc' dir='ltr'>οὐδαμοῦ,</span> <span class='ocrx_word' id='word_1_309' title='bbox 630 1426 679 1453; x_wconf 74' lang='grc' dir='ltr'><strong>καὶ</strong></span> <span class='ocrx_word' id='word_1_310' title='bbox 705 1425 719 1452; x_wconf 85' lang='grc' dir='ltr'><strong>ό</strong></span> <span class='ocrx_word' id='word_1_311' title='bbox 738 1425 892 1462; x_wconf 69' lang='grc' dir='ltr'>ἐφεδρεύων</span> <span class='ocrx_word' id='word_1_312' title='bbox 914 1426 953 1462; x_wconf 85' lang='grc' dir='ltr'>τῷ</span> 
     </span>
    </p>
   </div>
   <div class='ocr_carea' id='block_1_40' title="bbox 160 1471 952 1509">
    <p class='ocr_par' dir='ltr' id='par_1_40' title="bbox 160 1471 952 1509">
     <span class='ocr_line' id='line_1_40' title="bbox 160 1471 952 1509; baseline -0.001 -8"><span class='ocrx_word' id='word_1_313' title='bbox 160 1474 254 1509; x_wconf 78' lang='grc' dir='ltr'>κλήρῳ</span> <span class='ocrx_word' id='word_1_314' title='bbox 266 1473 385 1508; x_wconf 72' lang='grc' dir='ltr'>ἓτοιμος.</span> <span class='ocrx_word' id='word_1_315' title='bbox 401 1472 495 1499; x_wconf 85' lang='grc' dir='ltr'>Πάντα</span> <span class='ocrx_word' id='word_1_316' title='bbox 505 1472 574 1508; x_wconf 78' lang='grc' dir='ltr'>πρὺς</span> <span class='ocrx_word' id='word_1_317' title='bbox 591 1471 622 1498; x_wconf 79' lang='grc' dir='ltr'>τὸ</span> <span class='ocrx_word' id='word_1_318' title='bbox 640 1471 738 1499; x_wconf 76' lang='grc' dir='ltr'>ἑαυτοῦ</span> <span class='ocrx_word' id='word_1_319' title='bbox 756 1471 868 1507; x_wconf 75' lang='grc' dir='ltr'>δόκιμον</span> <span class='ocrx_word' id='word_1_320' title='bbox 883 1481 952 1508; x_wconf 83' lang='grc' dir='ltr'>χρη-</span> 
     </span>
    </p>
   </div>
   <div class='ocr_carea' id='block_1_41' title="bbox 162 1516 953 1554">
    <p class='ocr_par' dir='ltr' id='par_1_41' title="bbox 162 1516 953 1554">
     <span class='ocr_line' id='line_1_41' title="bbox 162 1516 953 1554; baseline -0.003 -8"><span class='ocrx_word' id='word_1_321' title='bbox 162 1519 279 1554; x_wconf 76' lang='grc' dir='ltr'>σάμενος</span> <span class='ocrx_word' id='word_1_322' title='bbox 301 1518 433 1554; x_wconf 76' lang='grc' dir='ltr'>ἄπρακτά</span> <span class='ocrx_word' id='word_1_323' title='bbox 454 1527 500 1545; x_wconf 89' lang='grc' dir='ltr'><strong>σου</strong></span> <span class='ocrx_word' id='word_1_324' title='bbox 523 1518 558 1545; x_wconf 82' lang='grc' dir='ltr'><strong>τὰ</strong></span> <span class='ocrx_word' id='word_1_325' title='bbox 579 1517 751 1553; x_wconf 80' lang='grc' dir='ltr'>βουλεύματα</span> <span class='ocrx_word' id='word_1_326' title='bbox 761 1517 865 1545; x_wconf 72' lang='grc' dir='ltr'><strong>⁴ιιοιῶν.</strong></span> <span class='ocrx_word' id='word_1_327' title='bbox 886 1516 953 1545; x_wconf 62' lang='lat' dir='ltr'><strong>Etsi:</strong></span> 
     </span>
    </p>
   </div>
   <div class='ocr_carea' id='block_1_42' title="bbox 1001 917 1793 955">
    <p class='ocr_par' dir='ltr' id='par_1_42' title="bbox 1001 917 1793 955">
     <span class='ocr_line' id='line_1_42' title="bbox 1001 917 1793 955; baseline -0.006 -7"><span class='ocrx_word' id='word_1_328' title='bbox 1001 920 1100 948; x_wconf 87' lang='lat' dir='ltr'><strong>solutis</strong></span> <span class='ocrx_word' id='word_1_329' title='bbox 1113 919 1247 948; x_wconf 88' lang='lat' dir='ltr'><strong>nundinis</strong></span> <span class='ocrx_word' id='word_1_330' title='bbox 1261 919 1425 955; x_wconf 80' lang='lat' dir='ltr'><strong>negotiatur,</strong></span> <span class='ocrx_word' id='word_1_331' title='bbox 1442 926 1491 946; x_wconf 91' lang='lat' dir='ltr'><strong>nec</strong></span> <span class='ocrx_word' id='word_1_332' title='bbox 1506 917 1553 953; x_wconf 88' lang='lat' dir='ltr'><strong>qui</strong></span> <span class='ocrx_word' id='word_1_333' title='bbox 1566 921 1627 953; x_wconf 89' lang='lat' dir='ltr'><strong>post</strong></span> <span class='ocrx_word' id='word_1_334' title='bbox 1643 917 1793 945; x_wconf 78' lang='lat' dir='ltr'><strong>certamina</strong></span> 
     </span>
    </p>
   </div>
   <div class='ocr_carea' id='block_1_43' title="bbox 1001 962 1793 999">
    <p class='ocr_par' dir='ltr' id='par_1_43' title="bbox 1001 962 1793 999">
     <span class='ocr_line' id='line_1_43' title="bbox 1001 962 1793 999; baseline -0.004 -7"><span class='ocrx_word' id='word_1_335' title='bbox 1001 965 1131 997; x_wconf 79' lang='lat' dir='ltr'><strong>advenit,</strong></span> <span class='ocrx_word' id='word_1_336' title='bbox 1160 971 1264 992; x_wconf 86' lang='lat' dir='ltr'><strong>corona</strong></span> <span class='ocrx_word' id='word_1_337' title='bbox 1292 964 1428 996; x_wconf 87' lang='lat' dir='ltr'><strong>donatur,</strong></span> <span class='ocrx_word' id='word_1_338' title='bbox 1457 971 1546 999; x_wconf 88' lang='lat' dir='ltr'><strong>ncqtte</strong></span> <span class='ocrx_word' id='word_1_339' title='bbox 1572 967 1681 999; x_wconf 80' lang='lat' dir='ltr'><strong>patrato</strong></span> <span class='ocrx_word' id='word_1_340' title='bbox 1705 962 1793 994; x_wconf 83' lang='lat' dir='ltr'><strong>bello,</strong></span> 
     </span>
    </p>
   </div>
   <div class='ocr_carea' id='block_1_44' title="bbox 1000 1008 1796 1046">
    <p class='ocr_par' dir='ltr' id='par_1_44' title="bbox 1000 1008 1796 1046">
     <span class='ocr_line' id='line_1_44' title="bbox 1000 1008 1796 1046; baseline -0.006 -8"><span class='ocrx_word' id='word_1_341' title='bbox 1000 1010 1143 1046; x_wconf 80' lang='lat' dir='ltr'><strong>egregium</strong></span> <span class='ocrx_word' id='word_1_342' title='bbox 1160 1010 1224 1044; x_wconf 86' lang='lat' dir='ltr'><strong>quis</strong></span> <span class='ocrx_word' id='word_1_343' title='bbox 1240 1009 1348 1038; x_wconf 78' lang='lat' dir='ltr'><strong>facinus</strong></span> <span class='ocrx_word' id='word_1_344' title='bbox 1367 1009 1442 1041; x_wconf 83' lang='lat' dir='ltr'><strong>edit;</strong></span> <span class='ocrx_word' id='word_1_345' title='bbox 1464 1016 1517 1037; x_wconf 90' lang='lat' dir='ltr'><strong>nec</strong></span> <span class='ocrx_word' id='word_1_346' title='bbox 1532 1009 1648 1045; x_wconf 83' lang='lat' dir='ltr'><strong>proinde</strong></span> <span class='ocrx_word' id='word_1_347' title='bbox 1668 1008 1796 1036; x_wconf 78' lang='lat' dir='ltr'><strong>confecto</strong></span> 
     </span>
    </p>
   </div>
   <div class='ocr_carea' id='block_1_45' title="bbox 1001 1053 1798 1090">
    <p class='ocr_par' dir='ltr' id='par_1_45' title="bbox 1001 1053 1798 1090">
     <span class='ocr_line' id='line_1_45' title="bbox 1001 1053 1798 1090; baseline -0.004 -7"><span class='ocrx_word' id='word_1_348' title='bbox 1001 1056 1064 1083; x_wconf 64' lang='lat' dir='ltr'><strong>vitae</strong></span> <span class='ocrx_word' id='word_1_349' title='bbox 1078 1055 1232 1088; x_wconf 85' lang='lat' dir='ltr'><strong>curriculo,</strong></span> <span class='ocrx_word' id='word_1_350' title='bbox 1250 1055 1345 1090; x_wconf 89' lang='lat' dir='ltr'><strong>pietati</strong></span> <span class='ocrx_word' id='word_1_351' title='bbox 1358 1054 1404 1081; x_wconf 88' lang='lat' dir='ltr'><strong>dat</strong></span> <span class='ocrx_word' id='word_1_352' title='bbox 1423 1062 1548 1088; x_wconf 86' lang='lat' dir='ltr'><strong>operam.</strong></span> <span class='ocrx_word' id='word_1_353' title='bbox 1561 1053 1589 1081; x_wconf 88' lang='lat' dir='ltr'><strong>In</strong></span> <span class='ocrx_word' id='word_1_354' title='bbox 1605 1057 1759 1081; x_wconf 82' lang='lat' dir='ltr'><strong>atramento</strong></span> <span class='ocrx_word' id='word_1_355' title='bbox 1770 1059 1798 1080; x_wconf 84' lang='lat' dir='ltr'><strong>et</strong></span> 
     </span>
    </p>
   </div>
   <div class='ocr_carea' id='block_1_46' title="bbox 1001 1100 1800 1137">
    <p class='ocr_par' dir='ltr' id='par_1_46' title="bbox 1001 1100 1800 1137">
     <span class='ocr_line' id='line_1_46' title="bbox 1001 1100 1800 1137; baseline -0.004 -8"><span class='ocrx_word' id='word_1_356' title='bbox 1001 1102 1098 1129; x_wconf 77' lang='lat' dir='ltr'><strong>charta</strong></span> <span class='ocrx_word' id='word_1_357' title='bbox 1113 1101 1247 1130; x_wconf 78' lang='lat' dir='ltr'><strong>beneﬁcia</strong></span> <span class='ocrx_word' id='word_1_358' title='bbox 1261 1101 1414 1137; x_wconf 87' lang='lat' dir='ltr'><strong>polliceris.</strong></span> <span class='ocrx_word' id='word_1_359' title='bbox 1432 1100 1500 1135; x_wconf 86' lang='lat' dir='ltr'><strong>Quis</strong></span> <span class='ocrx_word' id='word_1_360' title='bbox 1517 1104 1545 1128; x_wconf 86' lang='lat' dir='ltr'><strong>te</strong></span> <span class='ocrx_word' id='word_1_361' title='bbox 1563 1100 1598 1128; x_wconf 90' lang='lat' dir='ltr'><strong>de</strong></span> <span class='ocrx_word' id='word_1_362' title='bbox 1620 1100 1712 1128; x_wconf 80' lang='lat' dir='ltr'><strong>exitus</strong></span> <span class='ocrx_word' id='word_1_363' title='bbox 1733 1104 1800 1127; x_wconf 91' lang='lat' dir='ltr'><strong>tem-</strong></span> 
     </span>
    </p>
   </div>
   <div class='ocr_carea' id='block_1_47' title="bbox 1001 1146 1801 1184">
    <p class='ocr_par' dir='ltr' id='par_1_47' title="bbox 1001 1146 1801 1184">
     <span class='ocr_line' id='line_1_47' title="bbox 1001 1146 1801 1184; baseline -0.003 -8"><span class='ocrx_word' id='word_1_364' title='bbox 1001 1156 1070 1184; x_wconf 91' lang='lat' dir='ltr'><strong>pore</strong></span> <span class='ocrx_word' id='word_1_365' title='bbox 1095 1149 1244 1176; x_wconf 82' lang='lat' dir='ltr'><strong>certiorem</strong></span> <span class='ocrx_word' id='word_1_366' title='bbox 1261 1148 1360 1176; x_wconf 80' lang='lat' dir='ltr'><strong>faciet?</strong></span> <span class='ocrx_word' id='word_1_367' title='bbox 1382 1148 1445 1183; x_wconf 88' lang='lat' dir='ltr'><strong>quis</strong></span> <span class='ocrx_word' id='word_1_368' title='bbox 1462 1148 1561 1175; x_wconf 88' lang='lat' dir='ltr'><strong>mortis</strong></span> <span class='ocrx_word' id='word_1_369' title='bbox 1587 1147 1635 1175; x_wconf 91' lang='lat' dir='ltr'><strong>tibi</strong></span> <span class='ocrx_word' id='word_1_370' title='bbox 1654 1146 1801 1182; x_wconf 88' lang='lat' dir='ltr'><strong>spondebit</strong></span> 
     </span>
    </p>
   </div>
   <div class='ocr_carea' id='block_1_48' title="bbox 1002 1193 1799 1228">
    <p class='ocr_par' dir='ltr' id='par_1_48' title="bbox 1002 1193 1799 1228">
     <span class='ocr_line' id='line_1_48' title="bbox 1002 1193 1799 1228; baseline -0.003 -5"><span class='ocrx_word' id='word_1_371' title='bbox 1002 1195 1137 1223; x_wconf 81' lang='lat' dir='ltr'><strong>modum?</strong></span> <span class='ocrx_word' id='word_1_372' title='bbox 1150 1194 1223 1228; x_wconf 86' lang='lat' dir='ltr'><strong>Quot</strong></span> <span class='ocrx_word' id='word_1_373' title='bbox 1239 1195 1366 1223; x_wconf 83' lang='lat' dir='ltr'><strong>homines</strong></span> <span class='ocrx_word' id='word_1_374' title='bbox 1378 1195 1508 1223; x_wconf 83' lang='lat' dir='ltr'><strong>violentis</strong></span> <span class='ocrx_word' id='word_1_375' title='bbox 1525 1193 1639 1222; x_wconf 81' lang='lat' dir='ltr'><strong>casibus</strong></span> <span class='ocrx_word' id='word_1_376' title='bbox 1656 1193 1690 1222; x_wconf 85' lang='lat' dir='ltr'><strong>de</strong></span> <span class='ocrx_word' id='word_1_377' title='bbox 1708 1194 1799 1225; x_wconf 83' lang='lat' dir='ltr'><strong>medio</strong></span> 
     </span>
    </p>
   </div>
   <div class='ocr_carea' id='block_1_49' title="bbox 1002 1242 1797 1278">
    <p class='ocr_par' dir='ltr' id='par_1_49' title="bbox 1002 1242 1797 1278">
     <span class='ocr_line' id='line_1_49' title="bbox 1002 1242 1797 1278; baseline -0.003 -9"><span class='ocrx_word' id='word_1_378' title='bbox 1002 1242 1109 1278; x_wconf 87' lang='lat' dir='ltr'><strong>abrepti</strong></span> <span class='ocrx_word' id='word_1_379' title='bbox 1132 1249 1208 1276; x_wconf 82' lang='lat' dir='ltr'><strong>sunt,</strong></span> <span class='ocrx_word' id='word_1_380' title='bbox 1233 1247 1263 1270; x_wconf 93' lang='lat' dir='ltr'><strong>ut</strong></span> <span class='ocrx_word' id='word_1_381' title='bbox 1290 1251 1347 1278; x_wconf 75' lang='lat' dir='ltr'><strong>pra:</strong></span> <span class='ocrx_word' id='word_1_382' title='bbox 1372 1243 1460 1271; x_wconf 89' lang='lat' dir='ltr'><strong>morbi</strong></span> <span class='ocrx_word' id='word_1_383' title='bbox 1478 1242 1630 1270; x_wconf 84' lang='lat' dir='ltr'><strong>acerbitate</strong></span> <span class='ocrx_word' id='word_1_384' title='bbox 1644 1249 1681 1269; x_wconf 89' lang='lat' dir='ltr'><strong>ne</strong></span> <span class='ocrx_word' id='word_1_385' title='bbox 1701 1247 1797 1268; x_wconf 86' lang='lat' dir='ltr'><strong>vocem</strong></span> 
     </span>
    </p>
   </div>
   <div class='ocr_carea' id='block_1_50' title="bbox 1002 1286 1798 1324">
    <p class='ocr_par' dir='ltr' id='par_1_50' title="bbox 1002 1286 1798 1324">
     <span class='ocr_line' id='line_1_50' title="bbox 1002 1286 1798 1324; baseline -0.003 -9"><span class='ocrx_word' id='word_1_386' title='bbox 1002 1288 1114 1324; x_wconf 84' lang='lat' dir='ltr'><strong>quidem</strong></span> <span class='ocrx_word' id='word_1_387' title='bbox 1129 1288 1199 1324; x_wconf 87' lang='lat' dir='ltr'><strong>ipsis</strong></span> <span class='ocrx_word' id='word_1_388' title='bbox 1212 1289 1321 1317; x_wconf 85' lang='lat' dir='ltr'><strong>mittere</strong></span> <span class='ocrx_word' id='word_1_389' title='bbox 1333 1289 1465 1317; x_wconf 79' lang='lat' dir='ltr'><strong>licuerit?</strong></span> <span class='ocrx_word' id='word_1_390' title='bbox 1478 1288 1551 1322; x_wconf 86' lang='lat' dir='ltr'><strong>Quot</strong></span> <span class='ocrx_word' id='word_1_391' title='bbox 1567 1287 1695 1315; x_wconf 87' lang='lat' dir='ltr'><strong>homines</strong></span> <span class='ocrx_word' id='word_1_392' title='bbox 1712 1286 1798 1314; x_wconf 80' lang='lat' dir='ltr'><strong>febris</strong></span> 
     </span>
    </p>
   </div>
   <div class='ocr_carea' id='block_1_51' title="bbox 1002 1332 1799 1371">
    <p class='ocr_par' dir='ltr' id='par_1_51' title="bbox 1002 1332 1799 1371">
     <span class='ocr_line' id='line_1_51' title="bbox 1002 1332 1799 1371; baseline -0.004 -10"><span class='ocrx_word' id='word_1_393' title='bbox 1002 1338 1127 1362; x_wconf 83' lang='lat' dir='ltr'><strong>amentes</strong></span> <span class='ocrx_word' id='word_1_394' title='bbox 1155 1334 1245 1363; x_wconf 72' lang='lat' dir='ltr'><strong>fecit?</strong></span> <span class='ocrx_word' id='word_1_395' title='bbox 1268 1336 1336 1371; x_wconf 89' lang='lat' dir='ltr'><strong>quid</strong></span> <span class='ocrx_word' id='word_1_396' title='bbox 1362 1340 1472 1370; x_wconf 86' lang='lat' dir='ltr'><strong>tempus</strong></span> <span class='ocrx_word' id='word_1_397' title='bbox 1498 1333 1568 1362; x_wconf 87' lang='lat' dir='ltr'><strong>illud</strong></span> <span class='ocrx_word' id='word_1_398' title='bbox 1593 1336 1751 1368; x_wconf 76' lang='lat' dir='ltr'><strong>exspectas,</strong></span> <span class='ocrx_word' id='word_1_399' title='bbox 1770 1332 1799 1359; x_wconf 87' lang='lat' dir='ltr'><strong>iu</strong></span> 
     </span>
    </p>
   </div>
   <div class='ocr_carea' id='block_1_52' title="bbox 1003 1379 1804 1417">
    <p class='ocr_par' dir='ltr' id='par_1_52' title="bbox 1003 1379 1804 1417">
     <span class='ocr_line' id='line_1_52' title="bbox 1003 1379 1804 1417; baseline -0.002 -10"><span class='ocrx_word' id='word_1_400' title='bbox 1003 1387 1059 1415; x_wconf 90' lang='lat' dir='ltr'><strong>quo</strong></span> <span class='ocrx_word' id='word_1_401' title='bbox 1074 1387 1146 1415; x_wconf 65' lang='lat' dir='ltr'><strong>saepe</strong></span> <span class='ocrx_word' id='word_1_402' title='bbox 1162 1389 1197 1409; x_wconf 88' lang='lat' dir='ltr'><strong>ne</strong></span> <span class='ocrx_word' id='word_1_403' title='bbox 1218 1381 1336 1410; x_wconf 84' lang='lat' dir='ltr'><strong>rationis</strong></span> <span class='ocrx_word' id='word_1_404' title='bbox 1356 1381 1469 1417; x_wconf 85' lang='lat' dir='ltr'><strong>quidem</strong></span> <span class='ocrx_word' id='word_1_405' title='bbox 1485 1387 1601 1416; x_wconf 89' lang='lat' dir='ltr'><strong>compos</strong></span> <span class='ocrx_word' id='word_1_406' title='bbox 1627 1379 1738 1407; x_wconf 76' lang='lat' dir='ltr'><strong>futurus</strong></span> <span class='ocrx_word' id='word_1_407' title='bbox 1751 1384 1804 1411; x_wconf 72' lang='grc' dir='ltr'>εστ</span> 
     </span>
    </p>
   </div>
   <div class='ocr_carea' id='block_1_53' title="bbox 1003 1425 1803 1462">
    <p class='ocr_par' dir='ltr' id='par_1_53' title="bbox 1003 1425 1803 1462">
     <span class='ocr_line' id='line_1_53' title="bbox 1003 1425 1803 1462; baseline -0.005 -8"><span class='ocrx_word' id='word_1_408' title='bbox 1003 1426 1063 1454; x_wconf 80' lang='lat' dir='ltr'><strong>Nox</strong></span> <span class='ocrx_word' id='word_1_409' title='bbox 1079 1427 1226 1462; x_wconf 77' lang='lat' dir='ltr'><strong>profunda,</strong></span> <span class='ocrx_word' id='word_1_410' title='bbox 1257 1427 1375 1460; x_wconf 84' lang='lat' dir='ltr'><strong>morbus</strong></span> <span class='ocrx_word' id='word_1_411' title='bbox 1394 1427 1497 1462; x_wconf 80' lang='lat' dir='ltr'><strong>gravis,</strong></span> <span class='ocrx_word' id='word_1_412' title='bbox 1523 1430 1551 1453; x_wconf 90' lang='lat' dir='ltr'><strong>et</strong></span> <span class='ocrx_word' id='word_1_413' title='bbox 1568 1425 1615 1461; x_wconf 88' lang='lat' dir='ltr'><strong>qui</strong></span> <span class='ocrx_word' id='word_1_414' title='bbox 1640 1425 1691 1452; x_wconf 87' lang='lat' dir='ltr'><strong>tibi</strong></span> <span class='ocrx_word' id='word_1_415' title='bbox 1721 1431 1803 1459; x_wconf 88' lang='lat' dir='ltr'><strong>opem</strong></span> 
     </span>
    </p>
   </div>
   <div class='ocr_carea' id='block_1_54' title="bbox 1004 1467 1804 1507">
    <p class='ocr_par' dir='ltr' id='par_1_54' title="bbox 1004 1467 1804 1507">
     <span class='ocr_line' id='line_1_54' title="bbox 1004 1467 1804 1507; baseline -0.004 -9"><span class='ocrx_word' id='word_1_416' title='bbox 1004 1471 1088 1504; x_wconf 79' lang='lat' dir='ltr'><strong>ferat,</strong></span> <span class='ocrx_word' id='word_1_417' title='bbox 1113 1479 1252 1507; x_wconf 89' lang='lat' dir='ltr'><strong>nusquam</strong></span> <span class='ocrx_word' id='word_1_418' title='bbox 1265 1475 1328 1506; x_wconf 87' lang='lat' dir='ltr'><strong>est;</strong></span> <span class='ocrx_word' id='word_1_419' title='bbox 1348 1472 1396 1507; x_wconf 91' lang='lat' dir='ltr'><strong>qui</strong></span> <span class='ocrx_word' id='word_1_420' title='bbox 1411 1475 1504 1499; x_wconf 87' lang='lat' dir='ltr'><strong>autem</strong></span> <span class='ocrx_word' id='word_1_421' title='bbox 1530 1470 1684 1499; x_wconf 68' lang='lat' dir='ltr'><strong>haereditati</strong></span> <span class='ocrx_word' id='word_1_422' title='bbox 1711 1467 1804 1497; x_wconf 89' lang='lat' dir='ltr'><strong>immi-</strong></span> 
     </span>
    </p>
   </div>
   <div class='ocr_carea' id='block_1_55' title="bbox 1005 1517 1804 1553">
    <p class='ocr_par' dir='ltr' id='par_1_55' title="bbox 1005 1517 1804 1553">
     <span class='ocr_line' id='line_1_55' title="bbox 1005 1517 1804 1553; baseline -0.003 -9"><span class='ocrx_word' id='word_1_423' title='bbox 1005 1521 1069 1545; x_wconf 86' lang='lat' dir='ltr'><strong>neat</strong></span> <span class='ocrx_word' id='word_1_424' title='bbox 1082 1522 1184 1552; x_wconf 62' lang='lat' dir='ltr'><strong>prazsto</strong></span> <span class='ocrx_word' id='word_1_425' title='bbox 1198 1522 1251 1552; x_wconf 86' lang='lat' dir='ltr'><strong>est,</strong></span> <span class='ocrx_word' id='word_1_426' title='bbox 1268 1518 1374 1553; x_wconf 88' lang='lat' dir='ltr'><strong>quique</strong></span> <span class='ocrx_word' id='word_1_427' title='bbox 1395 1518 1488 1545; x_wconf 89' lang='lat' dir='ltr'><strong>omnia</strong></span> <span class='ocrx_word' id='word_1_428' title='bbox 1504 1517 1539 1545; x_wconf 92' lang='lat' dir='ltr'><strong>ad</strong></span> <span class='ocrx_word' id='word_1_429' title='bbox 1555 1517 1703 1544; x_wconf 85' lang='lat' dir='ltr'><strong>utilitatem</strong></span> <span class='ocrx_word' id='word_1_430' title='bbox 1724 1523 1804 1543; x_wconf 84' lang='lat' dir='ltr'><strong>suam</strong></span> 
     </span>
    </p>
   </div>
   <div class='ocr_carea' id='block_1_56' title="bbox 162 1556 957 1600">
    <p class='ocr_par' dir='ltr' id='par_1_56' title="bbox 162 1559 955 1600">
     <span class='ocr_line' id='line_1_56' title="bbox 162 1559 955 1600; baseline -0.001 -9"><span class='ocrx_word' id='word_1_431' title='bbox 162 1563 397 1600; x_wconf 72' lang='grc' dir='ltr'>περιϐλεψάμενος</span> <span class='ocrx_word' id='word_1_432' title='bbox 408 1560 459 1591; x_wconf 79' lang='grc' dir='ltr'>ὧδε</span> <span class='ocrx_word' id='word_1_433' title='bbox 475 1564 524 1591; x_wconf 75' lang='grc' dir='ltr'><strong>καὶ</strong></span> <span class='ocrx_word' id='word_1_434' title='bbox 533 1559 596 1596; x_wconf 81' lang='grc' dir='ltr'>ὦδε,</span> <span class='ocrx_word' id='word_1_435' title='bbox 610 1564 658 1590; x_wconf 72' lang='grc' dir='ltr'>καὶ</span> <span class='ocrx_word' id='word_1_436' title='bbox 671 1562 732 1590; x_wconf 71' lang='grc' dir='ltr'>ἰδὼν</span> <span class='ocrx_word' id='word_1_437' title='bbox 742 1563 792 1598; x_wconf 80' lang='grc' dir='ltr'>τὴν</span> <span class='ocrx_word' id='word_1_438' title='bbox 804 1564 955 1600; x_wconf 80' lang='grc' dir='ltr'>περιεστῶ-</span> 
     </span>
    </p>
   </div>
   <div class='ocr_carea' id='block_1_57' title="bbox 1008 1556 1804 1600">
    <p class='ocr_par' dir='ltr' id='par_1_57' title="bbox 1008 1562 1804 1596">
     <span class='ocr_line' id='line_1_57' title="bbox 1008 1562 1804 1596; baseline -0.003 -6"><span class='ocrx_word' id='word_1_439' title='bbox 1008 1562 1195 1596; x_wconf 83' lang='lat' dir='ltr'><strong>administret,</strong></span> <span class='ocrx_word' id='word_1_440' title='bbox 1212 1567 1239 1591; x_wconf 88' lang='lat' dir='ltr'><strong>et</strong></span> <span class='ocrx_word' id='word_1_441' title='bbox 1264 1564 1344 1591; x_wconf 83' lang='lat' dir='ltr'><strong>irrita</strong></span> <span class='ocrx_word' id='word_1_442' title='bbox 1363 1563 1483 1591; x_wconf 84' lang='lat' dir='ltr'><strong>consilia</strong></span> <span class='ocrx_word' id='word_1_443' title='bbox 1499 1567 1546 1590; x_wconf 90' lang='lat' dir='ltr'><strong>tua</strong></span> <span class='ocrx_word' id='word_1_444' title='bbox 1563 1562 1669 1591; x_wconf 87' lang='lat' dir='ltr'><strong>reddat.</strong></span> <span class='ocrx_word' id='word_1_445' title='bbox 1688 1563 1728 1589; x_wconf 80' lang='lat' dir='ltr'><strong>Ac</strong></span> <span class='ocrx_word' id='word_1_446' title='bbox 1745 1566 1804 1589; x_wconf 85' lang='lat' dir='ltr'><strong>tum</strong></span> 
     </span>
    </p>
   </div>
   <div class='ocr_carea' id='block_1_58' title="bbox 164 1607 954 1644">
    <p class='ocr_par' dir='ltr' id='par_1_58' title="bbox 164 1607 954 1644">
     <span class='ocr_line' id='line_1_58' title="bbox 164 1607 954 1644; baseline 0 -8"><span class='ocrx_word' id='word_1_447' title='bbox 164 1609 214 1637; x_wconf 85' lang='grc' dir='ltr'><strong>σάν</strong></span> <span class='ocrx_word' id='word_1_448' title='bbox 230 1617 260 1635; x_wconf 83' lang='grc' dir='ltr'><strong>σε</strong></span> <span class='ocrx_word' id='word_1_449' title='bbox 279 1608 410 1644; x_wconf 68' lang='grc' dir='ltr'>ἐρημίαν,</span> <span class='ocrx_word' id='word_1_450' title='bbox 424 1609 485 1635; x_wconf 83' lang='grc' dir='ltr'>τότε</span> <span class='ocrx_word' id='word_1_451' title='bbox 503 1607 623 1643; x_wconf 82' lang='grc' dir='ltr'>αίσθήσῃ</span> <span class='ocrx_word' id='word_1_452' title='bbox 648 1607 699 1643; x_wconf 79' lang='grc' dir='ltr'>τῆς</span> <span class='ocrx_word' id='word_1_453' title='bbox 729 1607 871 1640; x_wconf 76' lang='grc' dir='ltr'>ἀϐουλίας,</span> <span class='ocrx_word' id='word_1_454' title='bbox 892 1609 954 1636; x_wconf 83' lang='grc' dir='ltr'>τότε</span> 
     </span>
    </p>
   </div>
   <div class='ocr_carea' id='block_1_59' title="bbox 164 1649 957 1688">
    <p class='ocr_par' dir='ltr' id='par_1_59' title="bbox 164 1649 957 1688">
     <span class='ocr_line' id='line_1_59' title="bbox 164 1649 957 1688; baseline 0.001 -9"><span class='ocrx_word' id='word_1_455' title='bbox 164 1651 304 1686; x_wconf 78' lang='grc' dir='ltr'>στενάξεις</span> <span class='ocrx_word' id='word_1_456' title='bbox 318 1652 369 1688; x_wconf 80' lang='grc' dir='ltr'>τὴν</span> <span class='ocrx_word' id='word_1_457' title='bbox 386 1652 489 1683; x_wconf 77' lang='grc' dir='ltr'>ἄνοιαν,</span> <span class='ocrx_word' id='word_1_458' title='bbox 505 1653 545 1683; x_wconf 82' lang='grc' dir='ltr'><strong>εις</strong></span> <span class='ocrx_word' id='word_1_459' title='bbox 560 1649 616 1678; x_wconf 74' lang='grc' dir='ltr'>οἷον</span> <span class='ocrx_word' id='word_1_460' title='bbox 631 1651 727 1688; x_wconf 77' lang='grc' dir='ltr'>καιρὸν</span> <span class='ocrx_word' id='word_1_461' title='bbox 741 1652 889 1687; x_wconf 80' lang='grc' dir='ltr'>ὲταμιεύου</span> <span class='ocrx_word' id='word_1_462' title='bbox 906 1653 957 1688; x_wconf 77' lang='grc' dir='ltr'>τὴν</span> 
     </span>
    </p>
   </div>
   <div class='ocr_carea' id='block_1_60' title="bbox 164 1696 958 1733">
    <p class='ocr_par' dir='ltr' id='par_1_60' title="bbox 164 1696 958 1733">
     <span class='ocr_line' id='line_1_60' title="bbox 164 1696 958 1733; baseline -0.001 -9"><span class='ocrx_word' id='word_1_463' title='bbox 164 1697 292 1733; x_wconf 65' lang='grc' dir='ltr'>ἐντολήν·</span> <span class='ocrx_word' id='word_1_464' title='bbox 314 1697 359 1724; x_wconf 82' lang='grc' dir='ltr'>ὅτε</span> <span class='ocrx_word' id='word_1_465' title='bbox 382 1698 399 1733; x_wconf 75' lang='grc' dir='ltr'>ἡ</span> <span class='ocrx_word' id='word_1_466' title='bbox 422 1697 473 1732; x_wconf 79' lang='grc' dir='ltr'>μὲν</span> <span class='ocrx_word' id='word_1_467' title='bbox 495 1696 608 1731; x_wconf 84' lang='grc' dir='ltr'>γλῶσσα</span> <span class='ocrx_word' id='word_1_468' title='bbox 641 1697 782 1732; x_wconf 76' lang='grc' dir='ltr'>παρεῖται,</span> <span class='ocrx_word' id='word_1_469' title='bbox 798 1698 815 1732; x_wconf 82' lang='grc' dir='ltr'>ἠ</span> <span class='ocrx_word' id='word_1_470' title='bbox 838 1697 868 1724; x_wconf 76' lang='grc' dir='ltr'>δὲ</span> <span class='ocrx_word' id='word_1_471' title='bbox 895 1698 958 1733; x_wconf 72' lang='grc' dir='ltr'>χεὶρ</span> 
     </span>
    </p>
   </div>
   <div class='ocr_carea' id='block_1_61' title="bbox 165 1741 958 1780">
    <p class='ocr_par' dir='ltr' id='par_1_61' title="bbox 165 1741 958 1780">
     <span class='ocr_line' id='line_1_61' title="bbox 165 1741 958 1780; baseline 0.003 -12"><span class='ocrx_word' id='word_1_472' title='bbox 165 1741 320 1777; x_wconf 76' lang='grc' dir='ltr'>ὑπότρομος</span> <span class='ocrx_word' id='word_1_473' title='bbox 336 1742 387 1778; x_wconf 75' lang='grc' dir='ltr'>ήδη</span> <span class='ocrx_word' id='word_1_474' title='bbox 406 1741 572 1778; x_wconf 78' lang='grc' dir='ltr'>χλονουμένη</span> <span class='ocrx_word' id='word_1_475' title='bbox 586 1743 648 1774; x_wconf 80' lang='grc' dir='ltr'>ταῖς</span> <span class='ocrx_word' id='word_1_476' title='bbox 663 1742 819 1775; x_wconf 81' lang='grc' dir='ltr'>συνολκαῖς,</span> <span class='ocrx_word' id='word_1_477' title='bbox 831 1743 870 1775; x_wconf 84' lang='grc' dir='ltr'>ὡς</span> <span class='ocrx_word' id='word_1_478' title='bbox 888 1744 958 1780; x_wconf 83' lang='grc' dir='ltr'>μήτε</span> 
     </span>
    </p>
   </div>
   <div class='ocr_carea' id='block_1_62' title="bbox 166 1787 960 1824">
    <p class='ocr_par' dir='ltr' id='par_1_62' title="bbox 166 1787 960 1824">
     <span class='ocr_line' id='line_1_62' title="bbox 166 1787 960 1824; baseline 0.003 -10"><span class='ocrx_word' id='word_1_479' title='bbox 166 1788 254 1822; x_wconf 80' lang='grc' dir='ltr'>φωνῇ,</span> <span class='ocrx_word' id='word_1_480' title='bbox 264 1788 334 1824; x_wconf 81' lang='grc' dir='ltr'>μήτε</span> <span class='ocrx_word' id='word_1_481' title='bbox 341 1788 488 1824; x_wconf 82' lang='grc' dir='ltr'>γράμμασι</span> <span class='ocrx_word' id='word_1_482' title='bbox 496 1788 664 1823; x_wconf 81' lang='grc' dir='ltr'>διασημᾶναι</span> <span class='ocrx_word' id='word_1_483' title='bbox 671 1787 721 1824; x_wconf 83' lang='grc' dir='ltr'>τὴν</span> <span class='ocrx_word' id='word_1_484' title='bbox 729 1788 852 1823; x_wconf 73' lang='grc' dir='ltr'>γνώμην.</span> <span class='ocrx_word' id='word_1_485' title='bbox 863 1789 960 1816; x_wconf 84' lang='grc' dir='ltr'>Καίτοι</span> 
     </span>
    </p>
   </div>
   <div class='ocr_carea' id='block_1_63' title="bbox 166 1833 961 1870">
    <p class='ocr_par' dir='ltr' id='par_1_63' title="bbox 166 1833 961 1870">
     <span class='ocr_line' id='line_1_63' title="bbox 166 1833 961 1870; baseline 0.003 -11"><span class='ocrx_word' id='word_1_486' title='bbox 166 1833 192 1860; x_wconf 80' lang='grc' dir='ltr'><strong>εί</strong></span> <span class='ocrx_word' id='word_1_487' title='bbox 211 1833 260 1860; x_wconf 81' lang='grc' dir='ltr'><strong>καὶ</strong></span> <span class='ocrx_word' id='word_1_488' title='bbox 272 1834 361 1861; x_wconf 81' lang='grc' dir='ltr'>πάντα</span> <span class='ocrx_word' id='word_1_489' title='bbox 378 1833 505 1869; x_wconf 79' lang='grc' dir='ltr'>φανερῶς</span> <span class='ocrx_word' id='word_1_490' title='bbox 529 1833 699 1869; x_wconf 72' lang='grc' dir='ltr'>ἐγέγραπτο,</span> <span class='ocrx_word' id='word_1_491' title='bbox 719 1833 768 1860; x_wconf 78' lang='grc' dir='ltr'><strong>καὶ</strong></span> <span class='ocrx_word' id='word_1_492' title='bbox 786 1834 863 1861; x_wconf 76' lang='grc' dir='ltr'>πᾶσα</span> <span class='ocrx_word' id='word_1_493' title='bbox 883 1835 961 1870; x_wconf 80' lang='grc' dir='ltr'>φωνὴ</span> 
     </span>
    </p>
   </div>
   <div class='ocr_carea' id='block_1_64' title="bbox 166 1878 961 1916">
    <p class='ocr_par' dir='ltr' id='par_1_64' title="bbox 166 1878 961 1916">
     <span class='ocr_line' id='line_1_64' title="bbox 166 1878 961 1916; baseline 0.001 -11"><span class='ocrx_word' id='word_1_494' title='bbox 166 1878 316 1916; x_wconf 74' lang='grc' dir='ltr'>διαρρήδην</span> <span class='ocrx_word' id='word_1_495' title='bbox 333 1880 501 1916; x_wconf 80' lang='grc' dir='ltr'>κεκήρυκτο,</span> <span class='ocrx_word' id='word_1_496' title='bbox 523 1879 553 1906; x_wconf 76' lang='grc' dir='ltr'>ἓν</span> <span class='ocrx_word' id='word_1_497' title='bbox 575 1879 694 1916; x_wconf 85' lang='grc' dir='ltr'>γράμμα</span> <span class='ocrx_word' id='word_1_498' title='bbox 715 1879 882 1915; x_wconf 82' lang='grc' dir='ltr'>παρεντεθὲν</span> <span class='ocrx_word' id='word_1_499' title='bbox 902 1880 961 1907; x_wconf 78' lang='grc' dir='ltr'><strong>ἱκα-</strong></span> 
     </span>
    </p>
   </div>
   <div class='ocr_carea' id='block_1_65' title="bbox 169 1923 766 1968">
    <p class='ocr_par' dir='ltr' id='par_1_65' title="bbox 169 1923 766 1968">
     <span class='ocr_line' id='line_1_65' title="bbox 169 1923 766 1968; baseline 0.003 -17"><span class='ocrx_word' id='word_1_500' title='bbox 169 1924 214 1952; x_wconf 80' lang='grc' dir='ltr'><strong>νδν</strong></span> <span class='ocrx_word' id='word_1_501' title='bbox 225 1923 260 1962; x_wconf 83' lang='grc' dir='ltr'>ἦν</span> <span class='ocrx_word' id='word_1_502' title='bbox 276 1926 368 1954; x_wconf 84' lang='grc' dir='ltr'>πᾶσαν</span> <span class='ocrx_word' id='word_1_503' title='bbox 384 1926 568 1962; x_wconf 79' lang='grc' dir='ltr'>μεταποιῆσαι</span> <span class='ocrx_word' id='word_1_504' title='bbox 581 1926 634 1968; x_wconf 71' lang='grc' dir='ltr'>τὴν</span> <span class='ocrx_word' id='word_1_505' title='bbox 642 1925 766 1962; x_wconf 85' lang='grc' dir='ltr'>γνώμην.</span> 
     </span>
    </p>
   </div>
   <div class='ocr_carea' id='block_1_66' title="bbox 1007 1606 1808 1644">
    <p class='ocr_par' dir='ltr' id='par_1_66' title="bbox 1007 1606 1808 1644">
     <span class='ocr_line' id='line_1_66' title="bbox 1007 1606 1808 1644; baseline -0.001 -9"><span class='ocrx_word' id='word_1_506' title='bbox 1007 1607 1063 1635; x_wconf 90' lang='lat' dir='ltr'><strong>huc</strong></span> <span class='ocrx_word' id='word_1_507' title='bbox 1078 1607 1201 1643; x_wconf 88' lang='lat' dir='ltr'><strong>illucque</strong></span> <span class='ocrx_word' id='word_1_508' title='bbox 1216 1608 1456 1644; x_wconf 82' lang='lat' dir='ltr'><strong>circumspiciens.</strong></span> <span class='ocrx_word' id='word_1_509' title='bbox 1471 1615 1582 1644; x_wconf 89' lang='lat' dir='ltr'><strong>quaque</strong></span> <span class='ocrx_word' id='word_1_510' title='bbox 1598 1608 1627 1635; x_wconf 90' lang='lat' dir='ltr'><strong>in</strong></span> <span class='ocrx_word' id='word_1_511' title='bbox 1652 1606 1808 1635; x_wconf 86' lang='lat' dir='ltr'><strong>solitudine</strong></span> 
     </span>
    </p>
   </div>
   <div class='ocr_carea' id='block_1_67' title="bbox 1008 1652 1804 1689">
    <p class='ocr_par' dir='ltr' id='par_1_67' title="bbox 1008 1652 1804 1689">
     <span class='ocr_line' id='line_1_67' title="bbox 1008 1652 1804 1689; baseline -0.001 -9"><span class='ocrx_word' id='word_1_512' title='bbox 1008 1653 1131 1681; x_wconf 80' lang='lat' dir='ltr'><strong>verseris</strong></span> <span class='ocrx_word' id='word_1_513' title='bbox 1143 1652 1267 1686; x_wconf 89' lang='lat' dir='ltr'><strong>intuens,</strong></span> <span class='ocrx_word' id='word_1_514' title='bbox 1288 1661 1371 1689; x_wconf 90' lang='lat' dir='ltr'><strong>quam</strong></span> <span class='ocrx_word' id='word_1_515' title='bbox 1388 1654 1460 1681; x_wconf 92' lang='lat' dir='ltr'><strong>male</strong></span> <span class='ocrx_word' id='word_1_516' title='bbox 1477 1653 1525 1681; x_wconf 90' lang='lat' dir='ltr'><strong>tibi</strong></span> <span class='ocrx_word' id='word_1_517' title='bbox 1552 1652 1728 1681; x_wconf 82' lang='lat' dir='ltr'><strong>consulueris</strong></span> <span class='ocrx_word' id='word_1_518' title='bbox 1741 1659 1804 1680; x_wconf 89' lang='lat' dir='ltr'><strong>sen-</strong></span> 
     </span>
    </p>
   </div>
   <div class='ocr_carea' id='block_1_68' title="bbox 1008 1697 1806 1737">
    <p class='ocr_par' dir='ltr' id='par_1_68' title="bbox 1008 1697 1806 1737">
     <span class='ocr_line' id='line_1_68' title="bbox 1008 1697 1806 1737; baseline 0 -12"><span class='ocrx_word' id='word_1_519' title='bbox 1008 1697 1074 1737; x_wconf 82' lang='lat' dir='ltr'><strong>ties,</strong></span> <span class='ocrx_word' id='word_1_520' title='bbox 1087 1702 1169 1733; x_wconf 86' lang='lat' dir='ltr'><strong>atque</strong></span> <span class='ocrx_word' id='word_1_521' title='bbox 1186 1698 1336 1726; x_wconf 88' lang='lat' dir='ltr'><strong>amentiam</strong></span> <span class='ocrx_word' id='word_1_522' title='bbox 1352 1702 1426 1726; x_wconf 84' lang='lat' dir='ltr'><strong>tuam</strong></span> <span class='ocrx_word' id='word_1_523' title='bbox 1443 1699 1616 1734; x_wconf 88' lang='lat' dir='ltr'><strong>deplorabis,</strong></span> <span class='ocrx_word' id='word_1_524' title='bbox 1628 1698 1676 1733; x_wconf 88' lang='lat' dir='ltr'><strong>qui</strong></span> <span class='ocrx_word' id='word_1_525' title='bbox 1699 1697 1726 1725; x_wconf 87' lang='lat' dir='ltr'><strong>in</strong></span> <span class='ocrx_word' id='word_1_526' title='bbox 1751 1698 1806 1725; x_wconf 83' lang='lat' dir='ltr'><strong>tale</strong></span> 
     </span>
    </p>
   </div>
   <div class='ocr_carea' id='block_1_69' title="bbox 1010 1742 1804 1778">
    <p class='ocr_par' dir='ltr' id='par_1_69' title="bbox 1010 1742 1804 1778">
     <span class='ocr_line' id='line_1_69' title="bbox 1010 1742 1804 1778; baseline -0.003 -8"><span class='ocrx_word' id='word_1_527' title='bbox 1010 1747 1120 1778; x_wconf 86' lang='lat' dir='ltr'><strong>tempus</strong></span> <span class='ocrx_word' id='word_1_528' title='bbox 1133 1742 1260 1770; x_wconf 91' lang='lat' dir='ltr'><strong>divinum</strong></span> <span class='ocrx_word' id='word_1_529' title='bbox 1271 1743 1433 1771; x_wconf 89' lang='lat' dir='ltr'><strong>mandatum</strong></span> <span class='ocrx_word' id='word_1_530' title='bbox 1451 1744 1639 1774; x_wconf 82' lang='lat' dir='ltr'><strong>reservaveris</strong></span> <span class='ocrx_word' id='word_1_531' title='bbox 1650 1753 1658 1778; x_wconf 90' lang='lat'><strong>;</strong></span> <span class='ocrx_word' id='word_1_532' title='bbox 1671 1751 1734 1771; x_wconf 86' lang='lat' dir='ltr'><strong>cum</strong></span> <span class='ocrx_word' id='word_1_533' title='bbox 1746 1743 1804 1778; x_wconf 85' lang='lat' dir='ltr'><strong>jam</strong></span> 
     </span>
    </p>
   </div>
   <div class='ocr_carea' id='block_1_70' title="bbox 1009 1787 1804 1824">
    <p class='ocr_par' dir='ltr' id='par_1_70' title="bbox 1009 1787 1804 1824">
     <span class='ocr_line' id='line_1_70' title="bbox 1009 1787 1804 1824; baseline -0.003 -8"><span class='ocrx_word' id='word_1_534' title='bbox 1009 1791 1037 1816; x_wconf 85' lang='lat' dir='ltr'><strong>et</strong></span> <span class='ocrx_word' id='word_1_535' title='bbox 1048 1787 1141 1824; x_wconf 87' lang='lat' dir='ltr'><strong>lingua</strong></span> <span class='ocrx_word' id='word_1_536' title='bbox 1151 1787 1251 1821; x_wconf 79' lang='lat' dir='ltr'><strong>fracta,</strong></span> <span class='ocrx_word' id='word_1_537' title='bbox 1263 1792 1291 1816; x_wconf 89' lang='lat' dir='ltr'><strong>et</strong></span> <span class='ocrx_word' id='word_1_538' title='bbox 1302 1788 1442 1824; x_wconf 79' lang='lat' dir='ltr'><strong>languida,</strong></span> <span class='ocrx_word' id='word_1_539' title='bbox 1451 1793 1477 1816; x_wconf 87' lang='lat' dir='ltr'><strong>et</strong></span> <span class='ocrx_word' id='word_1_540' title='bbox 1489 1796 1587 1817; x_wconf 92' lang='lat' dir='ltr'><strong>manus</strong></span> <span class='ocrx_word' id='word_1_541' title='bbox 1599 1788 1717 1816; x_wconf 88' lang='lat' dir='ltr'><strong>tremula</strong></span> <span class='ocrx_word' id='word_1_542' title='bbox 1732 1788 1784 1815; x_wconf 88' lang='lat' dir='ltr'><strong>erit</strong></span> <span class='ocrx_word' id='word_1_543' title='bbox 1796 1797 1804 1814; x_wconf 88' lang='lat'>:</span> 
     </span>
    </p>
   </div>
   <div class='ocr_carea' id='block_1_71' title="bbox 1011 1834 1806 1870">
    <p class='ocr_par' dir='ltr' id='par_1_71' title="bbox 1011 1834 1806 1870">
     <span class='ocr_line' id='line_1_71' title="bbox 1011 1834 1806 1870; baseline -0.004 -8"><span class='ocrx_word' id='word_1_544' title='bbox 1011 1838 1108 1870; x_wconf 86' lang='lat' dir='ltr'><strong>utpote</strong></span> <span class='ocrx_word' id='word_1_545' title='bbox 1125 1834 1230 1862; x_wconf 88' lang='lat' dir='ltr'><strong>crebris</strong></span> <span class='ocrx_word' id='word_1_546' title='bbox 1249 1835 1492 1863; x_wconf 85' lang='lat' dir='ltr'><strong>contractionibus</strong></span> <span class='ocrx_word' id='word_1_547' title='bbox 1515 1835 1631 1870; x_wconf 85' lang='lat' dir='ltr'><strong>agitata,</strong></span> <span class='ocrx_word' id='word_1_548' title='bbox 1647 1835 1687 1861; x_wconf 89' lang='lat' dir='ltr'><strong>ita</strong></span> <span class='ocrx_word' id='word_1_549' title='bbox 1708 1837 1738 1861; x_wconf 89' lang='lat' dir='ltr'><strong>ut</strong></span> <span class='ocrx_word' id='word_1_550' title='bbox 1753 1840 1806 1860; x_wconf 83' lang='lat' dir='ltr'><strong>nec</strong></span> 
     </span>
    </p>
   </div>
   <div class='ocr_carea' id='block_1_72' title="bbox 1011 1879 1806 1915">
    <p class='ocr_par' dir='ltr' id='par_1_72' title="bbox 1011 1879 1806 1915">
     <span class='ocr_line' id='line_1_72' title="bbox 1011 1879 1806 1915; baseline 0 -9"><span class='ocrx_word' id='word_1_551' title='bbox 1011 1887 1091 1913; x_wconf 87' lang='lat' dir='ltr'><strong>voce,</strong></span> <span class='ocrx_word' id='word_1_552' title='bbox 1108 1887 1161 1908; x_wconf 87' lang='lat' dir='ltr'><strong>nec</strong></span> <span class='ocrx_word' id='word_1_553' title='bbox 1172 1880 1278 1915; x_wconf 89' lang='lat' dir='ltr'><strong>scripto</strong></span> <span class='ocrx_word' id='word_1_554' title='bbox 1295 1880 1466 1908; x_wconf 83' lang='lat' dir='ltr'><strong>voluntatem</strong></span> <span class='ocrx_word' id='word_1_555' title='bbox 1485 1886 1562 1907; x_wconf 89' lang='lat' dir='ltr'><strong>tuam</strong></span> <span class='ocrx_word' id='word_1_556' title='bbox 1587 1879 1686 1907; x_wconf 72' lang='lat' dir='ltr'><strong>ctierre</strong></span> <span class='ocrx_word' id='word_1_557' title='bbox 1708 1886 1806 1915; x_wconf 84' lang='lat' dir='ltr'><strong>queas.</strong></span> 
     </span>
    </p>
   </div>
   <div class='ocr_carea' id='block_1_73' title="bbox 1011 1925 1811 1962">
    <p class='ocr_par' dir='ltr' id='par_1_73' title="bbox 1011 1925 1811 1962">
     <span class='ocr_line' id='line_1_73' title="bbox 1011 1925 1811 1962; baseline 0.003 -9"><span class='ocrx_word' id='word_1_558' title='bbox 1011 1925 1177 1962; x_wconf 88' lang='lat' dir='ltr'><strong>Quanquam</strong></span> <span class='ocrx_word' id='word_1_559' title='bbox 1191 1926 1303 1954; x_wconf 87' lang='lat' dir='ltr'><strong>etiamsi</strong></span> <span class='ocrx_word' id='word_1_560' title='bbox 1317 1926 1411 1954; x_wconf 85' lang='lat' dir='ltr'><strong>omnia</strong></span> <span class='ocrx_word' id='word_1_561' title='bbox 1425 1927 1573 1962; x_wconf 80' lang='lat' dir='ltr'><strong>perspicue</strong></span> <span class='ocrx_word' id='word_1_562' title='bbox 1583 1926 1687 1962; x_wconf 86' lang='lat' dir='ltr'><strong>scripta</strong></span> <span class='ocrx_word' id='word_1_563' title='bbox 1702 1929 1811 1958; x_wconf 73' lang='lat' dir='ltr'><strong>essent,</strong></span> 
     </span>
    </p>
   </div>
   <div class='ocr_carea' id='block_1_74' title="bbox 169 1971 1809 2008">
    <p class='ocr_par' dir='ltr' id='par_1_74' title="bbox 169 1971 1809 2008">
     <span class='ocr_line' id='line_1_74' title="bbox 169 1971 1809 2008; baseline 0.002 -12"><span class='ocrx_word' id='word_1_564' title='bbox 169 1976 202 1997; x_wconf 91' lang='lat' dir='ltr'><strong>ac</strong></span> <span class='ocrx_word' id='word_1_565' title='bbox 221 1978 302 1999; x_wconf 90' lang='lat' dir='ltr'><strong>voces</strong></span> <span class='ocrx_word' id='word_1_566' title='bbox 322 1979 420 1999; x_wconf 81' lang='lat' dir='ltr'><strong>omnes</strong></span> <span class='ocrx_word' id='word_1_567' title='bbox 445 1975 540 2007; x_wconf 88' lang='lat' dir='ltr'><strong>aperte</strong></span> <span class='ocrx_word' id='word_1_568' title='bbox 562 1971 758 2008; x_wconf 55' lang='lat' dir='ltr'><strong>pronuntiata,</strong></span> <span class='ocrx_word' id='word_1_569' title='bbox 778 1975 899 2000; x_wconf 83' lang='lat' dir='ltr'><strong>attamen</strong></span> <span class='ocrx_word' id='word_1_570' title='bbox 918 1972 961 2000; x_wconf 85' lang='lat' dir='ltr'><strong>vel</strong></span> <span class='ocrx_word' id='word_1_571' title='bbox 985 1971 1069 2001; x_wconf 85' lang='lat' dir='ltr'><strong>unius</strong></span> <span class='ocrx_word' id='word_1_572' title='bbox 1085 1972 1185 2000; x_wconf 75' lang='lat' dir='ltr'><strong>littera:</strong></span> <span class='ocrx_word' id='word_1_573' title='bbox 1200 1972 1360 2008; x_wconf 71' lang='lat' dir='ltr'><strong>interiectio</strong></span> <span class='ocrx_word' id='word_1_574' title='bbox 1371 1973 1423 2000; x_wconf 91' lang='lat' dir='ltr'><strong>toti</strong></span> <span class='ocrx_word' id='word_1_575' title='bbox 1448 1973 1596 2003; x_wconf 55' lang='lat' dir='ltr'><strong>sententias</strong></span> <span class='ocrx_word' id='word_1_576' title='bbox 1629 1977 1682 2002; x_wconf 76' lang='lat' dir='ltr'><strong>tute</strong></span> <span class='ocrx_word' id='word_1_577' title='bbox 1708 1973 1809 2001; x_wconf 87' lang='lat' dir='ltr'><strong>immu-</strong></span> 
     </span>
    </p>
   </div>
   <div class='ocr_carea' id='block_1_75' title="bbox 170 2014 503 2044">
    <p class='ocr_par' dir='ltr' id='par_1_75' title="bbox 170 2014 503 2044">
     <span class='ocr_line' id='line_1_75' title="bbox 170 2014 503 2044; baseline 0.003 -1"><span class='ocrx_word' id='word_1_578' title='bbox 170 2015 259 2043; x_wconf 76' lang='lat' dir='ltr'><strong>tandae</strong></span> <span class='ocrx_word' id='word_1_579' title='bbox 274 2014 413 2044; x_wconf 80' lang='lat' dir='ltr'><strong>sumciens</strong></span> <span class='ocrx_word' id='word_1_580' title='bbox 422 2015 503 2044; x_wconf 81' lang='lat' dir='ltr'><strong>foret.</strong></span> 
     </span>
    </p>
   </div>
   <div class='ocr_carea' id='block_1_76' title="bbox 204 2054 989 2100">
    <p class='ocr_par' dir='ltr' id='par_1_76' title="bbox 204 2054 989 2100">
     <span class='ocr_line' id='line_1_76' title="bbox 204 2054 989 2100; baseline 0.001 -10"><span class='ocrx_word' id='word_1_581' title='bbox 204 2059 271 2090; x_wconf 68' lang='lat' dir='ltr'><strong>orca</strong></span> <span class='ocrx_word' id='word_1_582' title='bbox 293 2062 408 2094; x_wconf 78' lang='grc' dir='ltr'>πολλοὺς</span> <span class='ocrx_word' id='word_1_583' title='bbox 421 2063 612 2099; x_wconf 79' lang='grc' dir='ltr'>νηστεύοντας,</span> <span class='ocrx_word' id='word_1_584' title='bbox 628 2064 876 2100; x_wconf 82' lang='grc' dir='ltr'>προσευχομένους,</span> <span class='ocrx_word' id='word_1_585' title='bbox 897 2073 959 2091; x_wconf 86' lang='grc' dir='ltr'>στε-</span> <span class='ocrx_word' id='word_1_586' title='bbox 978 2054 989 2061; x_wconf 69' lang='grc'><em>”</em></span> 
     </span>
    </p>
   </div>
   <div class='ocr_carea' id='block_1_77' title="bbox 168 2109 960 2145">
    <p class='ocr_par' dir='ltr' id='par_1_77' title="bbox 168 2109 960 2145">
     <span class='ocr_line' id='line_1_77' title="bbox 168 2109 960 2145; baseline 0.001 -8"><span class='ocrx_word' id='word_1_587' title='bbox 168 2110 313 2142; x_wconf 75' lang='grc' dir='ltr'>νάζοντας,</span> <span class='ocrx_word' id='word_1_588' title='bbox 326 2109 416 2136; x_wconf 76' lang='grc' dir='ltr'>πᾶσαν</span> <span class='ocrx_word' id='word_1_589' title='bbox 426 2109 477 2145; x_wconf 81' lang='grc' dir='ltr'>τὴν</span> <span class='ocrx_word' id='word_1_590' title='bbox 492 2109 630 2137; x_wconf 79' lang='grc' dir='ltr'>ἀδάπανον</span> <span class='ocrx_word' id='word_1_591' title='bbox 647 2110 791 2138; x_wconf 76' lang='grc' dir='ltr'>εὐλάϐειαν</span> <span class='ocrx_word' id='word_1_592' title='bbox 806 2111 960 2138; x_wconf 63' lang='grc' dir='ltr'>ἐπιδεικνυ-</span> 
     </span>
    </p>
   </div>
   <div class='ocr_carea' id='block_1_78' title="bbox 171 2154 961 2192">
    <p class='ocr_par' dir='ltr' id='par_1_78' title="bbox 171 2154 961 2192">
     <span class='ocr_line' id='line_1_78' title="bbox 171 2154 961 2192; baseline 0.001 -10"><span class='ocrx_word' id='word_1_593' title='bbox 171 2156 278 2192; x_wconf 86' lang='grc' dir='ltr'>μένους,</span> <span class='ocrx_word' id='word_1_594' title='bbox 291 2154 389 2190; x_wconf 71' lang='grc' dir='ltr'>ζόδολὺν</span> <span class='ocrx_word' id='word_1_595' title='bbox 402 2154 431 2182; x_wconf 79' lang='grc' dir='ltr'>δὲ</span> <span class='ocrx_word' id='word_1_596' title='bbox 445 2155 493 2182; x_wconf 71' lang='grc' dir='ltr'>ἕνα</span> <span class='ocrx_word' id='word_1_597' title='bbox 508 2155 546 2191; x_wconf 86' lang='grc' dir='ltr'>μὴ</span> <span class='ocrx_word' id='word_1_598' title='bbox 564 2156 746 2192; x_wconf 82' lang='grc' dir='ltr'>προϊεμένους</span> <span class='ocrx_word' id='word_1_599' title='bbox 755 2157 812 2188; x_wconf 87' lang='grc' dir='ltr'>τοῖς</span> <span class='ocrx_word' id='word_1_600' title='bbox 833 2156 961 2192; x_wconf 80' lang='grc' dir='ltr'><strong>Θλιὸομέ-</strong></span> 
     </span>
    </p>
   </div>
   <div class='ocr_carea' id='block_1_79' title="bbox 991 2052 1809 2099">
    <p class='ocr_par' dir='ltr' id='par_1_79' title="bbox 991 2052 1809 2099">
     <span class='ocr_line' id='line_1_79' title="bbox 991 2052 1809 2099; baseline 0.004 -10"><span class='ocrx_word' id='word_1_601' title='bbox 991 2052 1021 2062; x_wconf 78' lang='grc'><strong>”’</strong></span> <span class='ocrx_word' id='word_1_602' title='bbox 1049 2061 1120 2089; x_wconf 79' lang='lat' dir='ltr'><strong>Ibid.</strong></span> <span class='ocrx_word' id='word_1_603' title='bbox 1130 2078 1164 2084; x_wconf 96' lang='lat'>—</span> <span class='ocrx_word' id='word_1_604' title='bbox 1180 2062 1281 2091; x_wconf 82' lang='lat' dir='ltr'><strong>Multos</strong></span> <span class='ocrx_word' id='word_1_605' title='bbox 1296 2062 1360 2091; x_wconf 87' lang='lat' dir='ltr'><strong>novi</strong></span> <span class='ocrx_word' id='word_1_606' title='bbox 1373 2062 1544 2098; x_wconf 86' lang='lat' dir='ltr'><strong>jejunantes,</strong></span> <span class='ocrx_word' id='word_1_607' title='bbox 1557 2067 1681 2097; x_wconf 84' lang='lat' dir='ltr'><strong>orantes,</strong></span> <span class='ocrx_word' id='word_1_608' title='bbox 1695 2072 1809 2099; x_wconf 84' lang='lat' dir='ltr'><strong>gemen-</strong></span> 
     </span>
    </p>
   </div>
   <div class='ocr_carea' id='block_1_80' title="bbox 1014 2107 1810 2144">
    <p class='ocr_par' dir='ltr' id='par_1_80' title="bbox 1014 2107 1810 2144">
     <span class='ocr_line' id='line_1_80' title="bbox 1014 2107 1810 2144; baseline 0.004 -10"><span class='ocrx_word' id='word_1_609' title='bbox 1014 2111 1066 2139; x_wconf 88' lang='lat' dir='ltr'><strong>tes,</strong></span> <span class='ocrx_word' id='word_1_610' title='bbox 1082 2114 1164 2134; x_wconf 92' lang='lat' dir='ltr'><strong>omne</strong></span> <span class='ocrx_word' id='word_1_611' title='bbox 1180 2107 1299 2143; x_wconf 88' lang='lat' dir='ltr'><strong>denique</strong></span> <span class='ocrx_word' id='word_1_612' title='bbox 1324 2111 1437 2143; x_wconf 89' lang='lat' dir='ltr'><strong>sumptu</strong></span> <span class='ocrx_word' id='word_1_613' title='bbox 1454 2115 1570 2136; x_wconf 89' lang='lat' dir='ltr'><strong>vacuum</strong></span> <span class='ocrx_word' id='word_1_614' title='bbox 1587 2116 1675 2144; x_wconf 75' lang='lat' dir='ltr'><strong>genus</strong></span> <span class='ocrx_word' id='word_1_615' title='bbox 1696 2109 1810 2144; x_wconf 81' lang='lat' dir='ltr'><strong>pietatis</strong></span> 
     </span>
    </p>
   </div>
   <div class='ocr_carea' id='block_1_81' title="bbox 1014 2153 1810 2191">
    <p class='ocr_par' dir='ltr' id='par_1_81' title="bbox 1014 2153 1810 2191">
     <span class='ocr_line' id='line_1_81' title="bbox 1014 2153 1810 2191; baseline 0.003 -11"><span class='ocrx_word' id='word_1_616' title='bbox 1014 2159 1071 2188; x_wconf 64' lang='lat' dir='ltr'><strong>pra:</strong></span> <span class='ocrx_word' id='word_1_617' title='bbox 1086 2160 1116 2181; x_wconf 83' lang='lat' dir='ltr'><strong>se</strong></span> <span class='ocrx_word' id='word_1_618' title='bbox 1130 2153 1272 2186; x_wconf 75' lang='lat' dir='ltr'><strong>ferentes;</strong></span> <span class='ocrx_word' id='word_1_619' title='bbox 1287 2154 1334 2189; x_wconf 91' lang='lat' dir='ltr'><strong>qui</strong></span> <span class='ocrx_word' id='word_1_620' title='bbox 1350 2161 1384 2181; x_wconf 87' lang='lat' dir='ltr'><strong>ne</strong></span> <span class='ocrx_word' id='word_1_621' title='bbox 1400 2161 1484 2182; x_wconf 89' lang='lat' dir='ltr'><strong>unum</strong></span> <span class='ocrx_word' id='word_1_622' title='bbox 1501 2153 1613 2190; x_wconf 90' lang='lat' dir='ltr'><strong>quidem</strong></span> <span class='ocrx_word' id='word_1_623' title='bbox 1631 2154 1743 2182; x_wconf 90' lang='lat' dir='ltr'><strong>obolum</strong></span> <span class='ocrx_word' id='word_1_624' title='bbox 1759 2163 1810 2191; x_wconf 91' lang='lat' dir='ltr'><strong>op-</strong></span> 
     </span>
    </p>
   </div>
   <div class='ocr_carea' id='block_1_82' title="bbox 171 2199 957 2238">
    <p class='ocr_par' dir='ltr' id='par_1_82' title="bbox 171 2200 957 2238">
     <span class='ocr_line' id='line_1_82' title="bbox 171 2200 957 2238; baseline 0.001 -10"><span class='ocrx_word' id='word_1_625' title='bbox 171 2210 235 2233; x_wconf 70' lang='lat' dir='ltr'><strong>JOLC.</strong></span> <span class='ocrx_word' id='word_1_626' title='bbox 260 2201 293 2227; x_wconf 92' lang='grc' dir='ltr'>Τί</span> <span class='ocrx_word' id='word_1_627' title='bbox 312 2200 408 2236; x_wconf 79' lang='grc' dir='ltr'>δφελος</span> <span class='ocrx_word' id='word_1_628' title='bbox 422 2201 528 2234; x_wconf 79' lang='grc' dir='ltr'>τούτοις</span> <span class='ocrx_word' id='word_1_629' title='bbox 544 2202 594 2237; x_wconf 84' lang='grc' dir='ltr'>τῆς</span> <span class='ocrx_word' id='word_1_630' title='bbox 615 2202 713 2237; x_wconf 83' lang='grc' dir='ltr'>λοιπῆς</span> <span class='ocrx_word' id='word_1_631' title='bbox 731 2202 848 2238; x_wconf 55' lang='grc' dir='ltr'>ἀρετῆς</span> <span class='ocrx_word' id='word_1_632' title='bbox 862 2202 894 2229; x_wconf 85' lang='grc' dir='ltr'>οὐ</span> <span class='ocrx_word' id='word_1_633' title='bbox 907 2202 957 2237; x_wconf 71' lang='grc' dir='ltr'><strong>γὰρ</strong></span> 
     </span>
    </p>
   </div>
   <div class='ocr_carea' id='block_1_83' title="bbox 1008 2199 1811 2238">
    <p class='ocr_par' dir='ltr' id='par_1_83' title="bbox 1015 2199 1811 2236">
     <span class='ocr_line' id='line_1_83' title="bbox 1015 2199 1811 2236; baseline 0.005 -11"><span class='ocrx_word' id='word_1_634' title='bbox 1015 2199 1120 2234; x_wconf 86' lang='lat' dir='ltr'><strong>pressis</strong></span> <span class='ocrx_word' id='word_1_635' title='bbox 1136 2199 1314 2236; x_wconf 80' lang='lat' dir='ltr'><strong>projicerent.</strong></span> <span class='ocrx_word' id='word_1_636' title='bbox 1327 2200 1375 2228; x_wconf 89' lang='lat' dir='ltr'><strong>His</strong></span> <span class='ocrx_word' id='word_1_637' title='bbox 1387 2207 1470 2236; x_wconf 87' lang='lat' dir='ltr'><strong>porro</strong></span> <span class='ocrx_word' id='word_1_638' title='bbox 1481 2201 1547 2236; x_wconf 93' lang='lat' dir='ltr'><strong>quid</strong></span> <span class='ocrx_word' id='word_1_639' title='bbox 1559 2201 1669 2229; x_wconf 86' lang='lat' dir='ltr'><strong>tandem</strong></span> <span class='ocrx_word' id='word_1_640' title='bbox 1681 2201 1811 2230; x_wconf 79' lang='lat' dir='ltr'><strong>utilitatis</strong></span> 
     </span>
    </p>
   </div>
   <div class='ocr_carea' id='block_1_84' title="bbox 170 2246 869 2284">
    <p class='ocr_par' dir='ltr' id='par_1_84' title="bbox 170 2246 869 2284">
     <span class='ocr_line' id='line_1_84' title="bbox 170 2246 869 2284; baseline 0.004 -11"><span class='ocrx_word' id='word_1_641' title='bbox 170 2246 357 2283; x_wconf 78' lang='grc' dir='ltr'>παραδέχεται</span> <span class='ocrx_word' id='word_1_642' title='bbox 373 2247 472 2279; x_wconf 80' lang='grc' dir='ltr'>αὐτοὺς</span> <span class='ocrx_word' id='word_1_643' title='bbox 487 2248 504 2282; x_wconf 76' lang='grc' dir='ltr'>ἡ</span> <span class='ocrx_word' id='word_1_644' title='bbox 522 2247 648 2283; x_wconf 83' lang='grc' dir='ltr'>βασιλεία</span> <span class='ocrx_word' id='word_1_645' title='bbox 662 2247 718 2275; x_wconf 87' lang='grc' dir='ltr'>τῶν</span> <span class='ocrx_word' id='word_1_646' title='bbox 733 2248 869 2284; x_wconf 80' lang='grc' dir='ltr'>οὐρανῶν.</span> 
     </span>
    </p>
   </div>
   <div class='ocr_carea' id='block_1_85' title="bbox 208 2332 966 2369">
    <p class='ocr_par' dir='ltr' id='par_1_85' title="bbox 208 2332 966 2369">
     <span class='ocr_line' id='line_1_85' title="bbox 208 2332 966 2369; baseline 0.003 -10"><span class='ocrx_word' id='word_1_647' title='bbox 208 2332 337 2367; x_wconf 79' lang='grc' dir='ltr'>Πώλησόν</span> <span class='ocrx_word' id='word_1_648' title='bbox 353 2341 399 2360; x_wconf 87' lang='grc' dir='ltr'><strong>σου</strong></span> <span class='ocrx_word' id='word_1_649' title='bbox 413 2334 448 2360; x_wconf 68' lang='grc' dir='ltr'>τὰ</span> <span class='ocrx_word' id='word_1_650' title='bbox 463 2333 630 2369; x_wconf 78' lang='grc' dir='ltr'>ὑπάρχοντα,</span> <span class='ocrx_word' id='word_1_651' title='bbox 646 2334 693 2361; x_wconf 74' lang='grc' dir='ltr'><strong>καὶ</strong></span> <span class='ocrx_word' id='word_1_652' title='bbox 705 2333 750 2366; x_wconf 75' lang='grc' dir='ltr'><strong>δὸς</strong></span> <span class='ocrx_word' id='word_1_653' title='bbox 772 2335 901 2369; x_wconf 81' lang='grc' dir='ltr'>πτωχοῖς,</span> <span class='ocrx_word' id='word_1_654' title='bbox 921 2333 966 2361; x_wconf 74' lang='grc' dir='ltr'><strong>ἵνα</strong></span> 
     </span>
    </p>
   </div>
   <div class='ocr_carea' id='block_1_86' title="bbox 173 2378 966 2416">
    <p class='ocr_par' dir='ltr' id='par_1_86' title="bbox 173 2378 966 2416">
     <span class='ocr_line' id='line_1_86' title="bbox 173 2378 966 2416; baseline 0.003 -11"><span class='ocrx_word' id='word_1_655' title='bbox 173 2378 239 2415; x_wconf 66' lang='grc' dir='ltr'>ἔχῃς</span> <span class='ocrx_word' id='word_1_656' title='bbox 253 2379 359 2414; x_wconf 64' lang='grc' dir='ltr'>ἑφόδιον</span> <span class='ocrx_word' id='word_1_657' title='bbox 386 2380 455 2415; x_wconf 81' lang='grc' dir='ltr'>πρὸς</span> <span class='ocrx_word' id='word_1_658' title='bbox 469 2380 583 2407; x_wconf 74' lang='grc' dir='ltr'>αἰωνίαν</span> <span class='ocrx_word' id='word_1_659' title='bbox 602 2380 762 2408; x_wconf 80' lang='grc' dir='ltr'>ἀπόλαυσιν.</span> <span class='ocrx_word' id='word_1_660' title='bbox 781 2380 902 2416; x_wconf 84' lang='grc' dir='ltr'>Ἀπέρχῃ</span> <span class='ocrx_word' id='word_1_661' title='bbox 919 2380 966 2407; x_wconf 82' lang='grc' dir='ltr'>λυ-</span> 
     </span>
    </p>
   </div>
   <div class='ocr_carea' id='block_1_87' title="bbox 175 2424 966 2462">
    <p class='ocr_par' dir='ltr' id='par_1_87' title="bbox 175 2424 966 2462">
     <span class='ocr_line' id='line_1_87' title="bbox 175 2424 966 2462; baseline 0.004 -11"><span class='ocrx_word' id='word_1_662' title='bbox 175 2424 329 2460; x_wconf 84' lang='grc' dir='ltr'>πούμενος;</span> <span class='ocrx_word' id='word_1_663' title='bbox 357 2425 420 2452; x_wconf 78' lang='grc' dir='ltr'><strong>Ἐὰν</strong></span> <span class='ocrx_word' id='word_1_664' title='bbox 443 2425 471 2452; x_wconf 83' lang='grc' dir='ltr'>δὲ</span> <span class='ocrx_word' id='word_1_665' title='bbox 492 2425 622 2461; x_wconf 80' lang='grc' dir='ltr'>ἀκούσῃς,</span> <span class='ocrx_word' id='word_1_666' title='bbox 637 2425 687 2458; x_wconf 83' lang='grc' dir='ltr'>Δδς</span> <span class='ocrx_word' id='word_1_667' title='bbox 705 2426 836 2462; x_wconf 85' lang='grc' dir='ltr'>χρήματα</span> <span class='ocrx_word' id='word_1_668' title='bbox 859 2427 966 2461; x_wconf 78' lang='grc' dir='ltr'>γυναιξὶ</span> 
     </span>
    </p>
   </div>
   <div class='ocr_carea' id='block_1_88' title="bbox 175 2469 968 2507">
    <p class='ocr_par' dir='ltr' id='par_1_88' title="bbox 175 2469 968 2507">
     <span class='ocr_line' id='line_1_88' title="bbox 175 2469 968 2507; baseline 0.004 -11"><span class='ocrx_word' id='word_1_669' title='bbox 175 2469 329 2505; x_wconf 84' lang='grc' dir='ltr'>χλιδώσαις,</span> <span class='ocrx_word' id='word_1_670' title='bbox 353 2470 397 2502; x_wconf 76' lang='grc' dir='ltr'>δὸς</span> <span class='ocrx_word' id='word_1_671' title='bbox 415 2469 557 2503; x_wconf 78' lang='grc' dir='ltr'>λιθοξόοις,</span> <span class='ocrx_word' id='word_1_672' title='bbox 578 2471 697 2504; x_wconf 83' lang='grc' dir='ltr'>τέκτοσι,</span> <span class='ocrx_word' id='word_1_673' title='bbox 717 2470 898 2507; x_wconf 80' lang='grc' dir='ltr'>ψηφοθέταις,</span> <span class='ocrx_word' id='word_1_674' title='bbox 914 2472 968 2504; x_wconf 81' lang='grc' dir='ltr'><strong>ζω-</strong></span> 
     </span>
    </p>
   </div>
   <div class='ocr_carea' id='block_1_89' title="bbox 175 2516 968 2553">
    <p class='ocr_par' dir='ltr' id='par_1_89' title="bbox 175 2516 968 2553">
     <span class='ocr_line' id='line_1_89' title="bbox 175 2516 968 2553; baseline 0.001 -10"><span class='ocrx_word' id='word_1_675' title='bbox 175 2517 301 2552; x_wconf 79' lang='grc' dir='ltr'>γράφοις,</span> <span class='ocrx_word' id='word_1_676' title='bbox 315 2516 420 2552; x_wconf 83' lang='grc' dir='ltr'>χαίρεις</span> <span class='ocrx_word' id='word_1_677' title='bbox 435 2517 473 2548; x_wconf 81' lang='grc' dir='ltr'>ὡς</span> <span class='ocrx_word' id='word_1_678' title='bbox 486 2516 518 2552; x_wconf 83' lang='grc' dir='ltr'>δή</span> <span class='ocrx_word' id='word_1_679' title='bbox 534 2525 560 2544; x_wconf 84' lang='grc' dir='ltr'><strong>τι</strong></span> <span class='ocrx_word' id='word_1_680' title='bbox 573 2517 724 2552; x_wconf 82' lang='grc' dir='ltr'>χρημάτων</span> <span class='ocrx_word' id='word_1_681' title='bbox 739 2516 902 2553; x_wconf 83' lang='grc' dir='ltr'>τιμιώτερον</span> <span class='ocrx_word' id='word_1_682' title='bbox 919 2526 968 2544; x_wconf 83' lang='grc' dir='ltr'>κα-</span> 
     </span>
    </p>
   </div>
   <div class='ocr_carea' id='block_1_90' title="bbox 174 2560 969 2597">
    <p class='ocr_par' dir='ltr' id='par_1_90' title="bbox 174 2560 969 2597">
     <span class='ocr_line' id='line_1_90' title="bbox 174 2560 969 2597; baseline 0 -9"><span class='ocrx_word' id='word_1_683' title='bbox 174 2560 359 2596; x_wconf 84' lang='grc' dir='ltr'>τακτώμενος.</span> <span class='ocrx_word' id='word_1_684' title='bbox 372 2561 428 2597; x_wconf 81' lang='grc' dir='ltr'>οὐχ</span> <span class='ocrx_word' id='word_1_685' title='bbox 435 2562 501 2597; x_wconf 79' lang='grc' dir='ltr'>ὁρᾷς</span> <span class='ocrx_word' id='word_1_686' title='bbox 514 2561 578 2594; x_wconf 78' lang='grc' dir='ltr'>τοὺς</span> <span class='ocrx_word' id='word_1_687' title='bbox 589 2561 695 2597; x_wconf 84' lang='grc' dir='ltr'>τοίχους</span> <span class='ocrx_word' id='word_1_688' title='bbox 708 2561 830 2595; x_wconf 82' lang='grc' dir='ltr'>τούτους,</span> <span class='ocrx_word' id='word_1_689' title='bbox 837 2562 902 2594; x_wconf 79' lang='grc' dir='ltr'>τοὺς</span> <span class='ocrx_word' id='word_1_690' title='bbox 915 2561 969 2588; x_wconf 73' lang='grc' dir='ltr'>ὑπὸ</span> 
     </span>
    </p>
   </div>
   <div class='ocr_carea' id='block_1_91' title="bbox 175 2604 967 2643">
    <p class='ocr_par' dir='ltr' id='par_1_91' title="bbox 175 2604 967 2643">
     <span class='ocr_line' id='line_1_91' title="bbox 175 2604 967 2643; baseline 0.003 -11"><span class='ocrx_word' id='word_1_691' title='bbox 175 2606 224 2633; x_wconf 82' lang='grc' dir='ltr'>τοῦ</span> <span class='ocrx_word' id='word_1_692' title='bbox 251 2607 349 2642; x_wconf 90' lang='grc' dir='ltr'>χρόνου</span> <span class='ocrx_word' id='word_1_693' title='bbox 365 2607 583 2643; x_wconf 69' lang='grc' dir='ltr'>καταρρυέντας,</span> <span class='ocrx_word' id='word_1_694' title='bbox 612 2604 650 2634; x_wconf 81' lang='grc' dir='ltr'>ὧν</span> <span class='ocrx_word' id='word_1_695' title='bbox 674 2607 709 2634; x_wconf 85' lang='grc' dir='ltr'><strong>τὰ</strong></span> <span class='ocrx_word' id='word_1_696' title='bbox 732 2607 846 2642; x_wconf 82' lang='grc' dir='ltr'>λείψανα</span> <span class='ocrx_word' id='word_1_697' title='bbox 871 2606 967 2642; x_wconf 84' lang='grc' dir='ltr'>ὥσπερ</span> 
     </span>
    </p>
   </div>
   <div class='ocr_carea' id='block_1_92' title="bbox 177 2652 969 2690">
    <p class='ocr_par' dir='ltr' id='par_1_92' title="bbox 177 2652 969 2690">
     <span class='ocr_line' id='line_1_92' title="bbox 177 2652 969 2690; baseline 0.001 -11"><span class='ocrx_word' id='word_1_698' title='bbox 177 2652 307 2679; x_wconf 78' lang='grc' dir='ltr'>σκόπελοί</span> <span class='ocrx_word' id='word_1_699' title='bbox 318 2661 391 2685; x_wconf 87' lang='grc' dir='ltr'>τινες</span> <span class='ocrx_word' id='word_1_700' title='bbox 407 2653 452 2680; x_wconf 87' lang='grc' dir='ltr'><strong>διὰ</strong></span> <span class='ocrx_word' id='word_1_701' title='bbox 459 2654 508 2690; x_wconf 85' lang='grc' dir='ltr'>τῆς</span> <span class='ocrx_word' id='word_1_702' title='bbox 525 2653 629 2685; x_wconf 85' lang='grc' dir='ltr'>πόλεως</span> <span class='ocrx_word' id='word_1_703' title='bbox 642 2653 734 2687; x_wconf 85' lang='grc' dir='ltr'>πάσης</span> <span class='ocrx_word' id='word_1_704' title='bbox 747 2653 895 2690; x_wconf 80' lang='grc' dir='ltr'>ἁνέχουσι;</span> <span class='ocrx_word' id='word_1_705' title='bbox 915 2653 969 2680; x_wconf 78' lang='grc' dir='ltr'><strong>Πό‹</strong></span> 
     </span>
    </p>
   </div>
   <div class='ocr_carea' id='block_1_93' title="bbox 178 2697 970 2736">
    <p class='ocr_par' dir='ltr' id='par_1_93' title="bbox 178 2697 970 2736">
     <span class='ocr_line' id='line_1_93' title="bbox 178 2697 970 2736; baseline 0.001 -10"><span class='ocrx_word' id='word_1_706' title='bbox 178 2707 220 2727; x_wconf 80' lang='grc' dir='ltr'><strong>σοι</strong></span> <span class='ocrx_word' id='word_1_707' title='bbox 235 2697 307 2735; x_wconf 75' lang='grc' dir='ltr'>ἦσαν</span> <span class='ocrx_word' id='word_1_708' title='bbox 322 2699 394 2727; x_wconf 81' lang='grc' dir='ltr'>κατὰ</span> <span class='ocrx_word' id='word_1_709' title='bbox 412 2700 463 2736; x_wconf 81' lang='grc' dir='ltr'>τὴν</span> <span class='ocrx_word' id='word_1_710' title='bbox 489 2700 567 2728; x_wconf 87' lang='grc' dir='ltr'>πόλιν</span> <span class='ocrx_word' id='word_1_711' title='bbox 593 2700 710 2736; x_wconf 79' lang='grc' dir='ltr'>πένητες</span> <span class='ocrx_word' id='word_1_712' title='bbox 735 2700 840 2728; x_wconf 84' lang='grc' dir='ltr'>τούτων</span> <span class='ocrx_word' id='word_1_713' title='bbox 864 2701 970 2736; x_wconf 70' lang='grc' dir='ltr'>ιγειρο-</span> 
     </span>
    </p>
   </div>
   <div class='ocr_carea' id='block_1_94' title="bbox 180 2745 970 2783">
    <p class='ocr_par' dir='ltr' id='par_1_94' title="bbox 180 2745 970 2783">
     <span class='ocr_line' id='line_1_94' title="bbox 180 2745 970 2783; baseline 0.001 -11"><span class='ocrx_word' id='word_1_714' title='bbox 180 2745 280 2782; x_wconf 71' lang='grc' dir='ltr'>μένων,</span> <span class='ocrx_word' id='word_1_715' title='bbox 296 2745 322 2773; x_wconf 79' lang='grc' dir='ltr'>οἶ</span> <span class='ocrx_word' id='word_1_716' title='bbox 339 2746 384 2772; x_wconf 82' lang='grc' dir='ltr'><strong>διὰ</strong></span> <span class='ocrx_word' id='word_1_717' title='bbox 397 2745 447 2782; x_wconf 78' lang='grc' dir='ltr'>τὴν</span> <span class='ocrx_word' id='word_1_718' title='bbox 459 2746 524 2780; x_wconf 80' lang='grc' dir='ltr'>περὶ</span> <span class='ocrx_word' id='word_1_719' title='bbox 535 2746 622 2774; x_wconf 82' lang='grc' dir='ltr'>ταῦτα</span> <span class='ocrx_word' id='word_1_720' title='bbox 636 2746 763 2783; x_wconf 82' lang='grc' dir='ltr'>σπουδὴν,</span> <span class='ocrx_word' id='word_1_721' title='bbox 779 2746 832 2774; x_wconf 79' lang='grc' dir='ltr'><strong>ὑπὸ</strong></span> <span class='ocrx_word' id='word_1_722' title='bbox 841 2746 896 2774; x_wconf 86' lang='grc' dir='ltr'><strong>τῶν</strong></span> <span class='ocrx_word' id='word_1_723' title='bbox 909 2747 970 2774; x_wconf 83' lang='grc' dir='ltr'>τότε</span> 
     </span>
    </p>
   </div>
   <div class='ocr_carea' id='block_1_95' title="bbox 178 2791 970 2828">
    <p class='ocr_par' dir='ltr' id='par_1_95' title="bbox 178 2791 970 2828">
     <span class='ocr_line' id='line_1_95' title="bbox 178 2791 970 2828; baseline 0.001 -10"><span class='ocrx_word' id='word_1_724' title='bbox 178 2791 317 2819; x_wconf 75' lang='grc' dir='ltr'>πλουσίων</span> <span class='ocrx_word' id='word_1_725' title='bbox 333 2792 535 2828; x_wconf 78' lang='grc' dir='ltr'>παρεωρῶντος</span> <span class='ocrx_word' id='word_1_726' title='bbox 558 2793 613 2820; x_wconf 61' lang='lat' dir='ltr'><strong>[Iob</strong></span> <span class='ocrx_word' id='word_1_727' title='bbox 636 2793 726 2819; x_wconf 84' lang='grc' dir='ltr'>τοίνυν</span> <span class='ocrx_word' id='word_1_728' title='bbox 742 2794 758 2828; x_wconf 85' lang='grc' dir='ltr'>ἡ</span> <span class='ocrx_word' id='word_1_729' title='bbox 781 2792 898 2828; x_wconf 81' lang='grc' dir='ltr'>λαμπρὰ</span> <span class='ocrx_word' id='word_1_730' title='bbox 915 2793 970 2819; x_wconf 86' lang='grc' dir='ltr'>τῶν</span> 
     </span>
    </p>
   </div>
   <div class='ocr_carea' id='block_1_96' title="bbox 180 2839 971 2877">
    <p class='ocr_par' dir='ltr' id='par_1_96' title="bbox 180 2839 971 2877">
     <span class='ocr_line' id='line_1_96' title="bbox 180 2839 971 2877; baseline -0.001 -10"><span class='ocrx_word' id='word_1_731' title='bbox 180 2840 269 2876; x_wconf 78' lang='grc' dir='ltr'>ερτων</span> <span class='ocrx_word' id='word_1_732' title='bbox 282 2841 440 2877; x_wconf 82' lang='grc' dir='ltr'>κατασκευή</span> <span class='ocrx_word' id='word_1_733' title='bbox 451 2849 459 2873; x_wconf 88' lang='grc'><strong>;</strong></span> <span class='ocrx_word' id='word_1_734' title='bbox 473 2840 524 2867; x_wconf 86' lang='grc' dir='ltr'>ποῦ</span> <span class='ocrx_word' id='word_1_735' title='bbox 537 2840 566 2867; x_wconf 81' lang='grc' dir='ltr'>δὲ</span> <span class='ocrx_word' id='word_1_736' title='bbox 582 2841 596 2867; x_wconf 86' lang='grc' dir='ltr'><strong>ό</strong></span> <span class='ocrx_word' id='word_1_737' title='bbox 608 2840 655 2868; x_wconf 81' lang='grc' dir='ltr'><strong>ἐπὶ</strong></span> <span class='ocrx_word' id='word_1_738' title='bbox 664 2841 768 2867; x_wconf 82' lang='grc' dir='ltr'>τούτων</span> <span class='ocrx_word' id='word_1_739' title='bbox 784 2839 971 2876; x_wconf 71' lang='grc' dir='ltr'>μεγαλουργίᾳ</span> 
     </span>
    </p>
   </div>
   <div class='ocr_carea' id='block_1_97' title="bbox 180 2887 971 2924">
    <p class='ocr_par' dir='ltr' id='par_1_97' title="bbox 180 2887 971 2924">
     <span class='ocr_line' id='line_1_97' title="bbox 180 2887 971 2924; baseline 0.001 -9"><span class='ocrx_word' id='word_1_740' title='bbox 180 2887 364 2924; x_wconf 75' lang='grc' dir='ltr'>ζηλούμενοςς</span> <span class='ocrx_word' id='word_1_741' title='bbox 386 2889 424 2916; x_wconf 73' lang='grc' dir='ltr'><strong>Οὐ</strong></span> <span class='ocrx_word' id='word_1_742' title='bbox 445 2888 480 2916; x_wconf 80' lang='grc' dir='ltr'><strong>τὰ</strong></span> <span class='ocrx_word' id='word_1_743' title='bbox 503 2889 554 2924; x_wconf 81' lang='grc' dir='ltr'>μὲν</span> <span class='ocrx_word' id='word_1_744' title='bbox 568 2888 734 2924; x_wconf 80' lang='grc' dir='ltr'>συγκέχυται</span> <span class='ocrx_word' id='word_1_745' title='bbox 749 2888 795 2915; x_wconf 64' lang='grc' dir='ltr'><strong>καὶ</strong></span> <span class='ocrx_word' id='word_1_746' title='bbox 814 2888 971 2923; x_wconf 81' lang='grc' dir='ltr'>ἠφάνισται.</span> 
     </span>
    </p>
   </div>
   <div class='ocr_carea' id='block_1_98' title="bbox 1017 2243 1812 2282">
    <p class='ocr_par' dir='ltr' id='par_1_98' title="bbox 1017 2243 1812 2282">
     <span class='ocr_line' id='line_1_98' title="bbox 1017 2243 1812 2282; baseline 0.004 -11"><span class='ocrx_word' id='word_1_747' title='bbox 1017 2243 1117 2272; x_wconf 80' lang='lat' dir='ltr'><strong>aﬂ‘erre</strong></span> <span class='ocrx_word' id='word_1_748' title='bbox 1142 2245 1256 2280; x_wconf 68' lang='lat' dir='ltr'><strong>reliquae</strong></span> <span class='ocrx_word' id='word_1_749' title='bbox 1279 2245 1396 2273; x_wconf 82' lang='lat' dir='ltr'><strong>virtutes</strong></span> <span class='ocrx_word' id='word_1_750' title='bbox 1422 2249 1538 2280; x_wconf 87' lang='lat' dir='ltr'><strong>queant,</strong></span> <span class='ocrx_word' id='word_1_751' title='bbox 1552 2253 1616 2274; x_wconf 90' lang='lat' dir='ltr'><strong>cum</strong></span> <span class='ocrx_word' id='word_1_752' title='bbox 1630 2252 1678 2274; x_wconf 89' lang='lat' dir='ltr'><strong>eos</strong></span> <span class='ocrx_word' id='word_1_753' title='bbox 1693 2254 1812 2282; x_wconf 77' lang='lat' dir='ltr'><strong>regnum</strong></span> 
     </span>
    </p>
   </div>
   <div class='ocr_carea' id='block_1_99' title="bbox 1017 2289 1547 2326">
    <p class='ocr_par' dir='ltr' id='par_1_99' title="bbox 1017 2289 1547 2326">
     <span class='ocr_line' id='line_1_99' title="bbox 1017 2289 1547 2326; baseline 0.002 -9"><span class='ocrx_word' id='word_1_754' title='bbox 1017 2289 1150 2317; x_wconf 61' lang='lat' dir='ltr'><strong>caelorum</strong></span> <span class='ocrx_word' id='word_1_755' title='bbox 1171 2290 1383 2326; x_wconf 88' lang='lat' dir='ltr'><strong>haudquaquam</strong></span> <span class='ocrx_word' id='word_1_756' title='bbox 1403 2291 1547 2320; x_wconf 72' lang='lat' dir='ltr'><strong>admittat?</strong></span> 
     </span>
    </p>
   </div>
   <div class='ocr_carea' id='block_1_100' title="bbox 1054 2335 1812 2378">
    <p class='ocr_par' dir='ltr' id='par_1_100' title="bbox 1054 2335 1812 2378">
     <span class='ocr_line' id='line_1_100' title="bbox 1054 2335 1812 2378; baseline 0.003 -15"><span class='ocrx_word' id='word_1_757' title='bbox 1054 2335 1127 2363; x_wconf 81' lang='lat' dir='ltr'><strong>Ibid.</strong></span> <span class='ocrx_word' id='word_1_758' title='bbox 1142 2351 1179 2357; x_wconf 91' lang='lat'><strong>—</strong></span> <span class='ocrx_word' id='word_1_759' title='bbox 1193 2336 1288 2365; x_wconf 79' lang='lat' dir='ltr'><strong>Vende</strong></span> <span class='ocrx_word' id='word_1_760' title='bbox 1305 2345 1367 2373; x_wconf 81' lang='lat' dir='ltr'><strong>quae</strong></span> <span class='ocrx_word' id='word_1_761' title='bbox 1384 2337 1522 2378; x_wconf 87' lang='lat' dir='ltr'><strong>habes,_et</strong></span> <span class='ocrx_word' id='word_1_762' title='bbox 1538 2337 1572 2365; x_wconf 83' lang='lat' dir='ltr'><strong>da</strong></span> <span class='ocrx_word' id='word_1_763' title='bbox 1588 2338 1766 2374; x_wconf 87' lang='lat' dir='ltr'><strong>pauperibus,</strong></span> <span class='ocrx_word' id='word_1_764' title='bbox 1781 2342 1812 2366; x_wconf 86' lang='lat' dir='ltr'><strong>ut</strong></span> 
     </span>
    </p>
   </div>
   <div class='ocr_carea' id='block_1_101' title="bbox 1020 2380 1812 2418">
    <p class='ocr_par' dir='ltr' id='par_1_101' title="bbox 1020 2380 1812 2418">
     <span class='ocr_line' id='line_1_101' title="bbox 1020 2380 1812 2418; baseline 0.003 -11"><span class='ocrx_word' id='word_1_765' title='bbox 1020 2380 1054 2408; x_wconf 82' lang='lat' dir='ltr'><strong>ad</strong></span> <span class='ocrx_word' id='word_1_766' title='bbox 1068 2385 1199 2408; x_wconf 71' lang='lat' dir='ltr'><strong>aeternam</strong></span> <span class='ocrx_word' id='word_1_767' title='bbox 1214 2381 1383 2417; x_wconf 87' lang='lat' dir='ltr'><strong>voluptatem</strong></span> <span class='ocrx_word' id='word_1_768' title='bbox 1402 2382 1533 2410; x_wconf 84' lang='lat' dir='ltr'><strong>viaticum</strong></span> <span class='ocrx_word' id='word_1_769' title='bbox 1553 2387 1742 2418; x_wconf 83' lang='lat' dir='ltr'><strong>comparatum</strong></span> <span class='ocrx_word' id='word_1_770' title='bbox 1762 2383 1812 2409; x_wconf 88' lang='lat' dir='ltr'><strong>ba-</strong></span> 
     </span>
    </p>
   </div>
   <div class='ocr_carea' id='block_1_102' title="bbox 1019 2427 1812 2464">
    <p class='ocr_par' dir='ltr' id='par_1_102' title="bbox 1019 2427 1812 2464">
     <span class='ocr_line' id='line_1_102' title="bbox 1019 2427 1812 2464; baseline 0 -8"><span class='ocrx_word' id='word_1_771' title='bbox 1019 2428 1096 2456; x_wconf 86' lang='lat' dir='ltr'><strong>beas.</strong></span> <span class='ocrx_word' id='word_1_772' title='bbox 1114 2427 1230 2456; x_wconf 75' lang='lat' dir='ltr'><strong>Moestus</strong></span> <span class='ocrx_word' id='word_1_773' title='bbox 1248 2428 1393 2455; x_wconf 88' lang='lat' dir='ltr'><strong>abscedis?</strong></span> <span class='ocrx_word' id='word_1_774' title='bbox 1410 2428 1439 2455; x_wconf 89' lang='lat' dir='ltr'><strong>Si</strong></span> <span class='ocrx_word' id='word_1_775' title='bbox 1457 2433 1548 2456; x_wconf 89' lang='lat' dir='ltr'><strong>autem</strong></span> <span class='ocrx_word' id='word_1_776' title='bbox 1563 2429 1697 2461; x_wconf 88' lang='lat' dir='ltr'><strong>audieris,</strong></span> <span class='ocrx_word' id='word_1_777' title='bbox 1711 2428 1744 2456; x_wconf 90' lang='lat' dir='ltr'><strong>da</strong></span> <span class='ocrx_word' id='word_1_778' title='bbox 1764 2436 1812 2464; x_wconf 90' lang='lat' dir='ltr'><strong>pe-</strong></span> 
     </span>
    </p>
   </div>
   <div class='ocr_carea' id='block_1_103' title="bbox 1020 2472 1833 2507">
    <p class='ocr_par' dir='ltr' id='par_1_103' title="bbox 1020 2472 1833 2507">
     <span class='ocr_line' id='line_1_103' title="bbox 1020 2472 1833 2507; baseline 0 -6"><span class='ocrx_word' id='word_1_779' title='bbox 1020 2473 1120 2501; x_wconf 80' lang='lat' dir='ltr'><strong>cunias</strong></span> <span class='ocrx_word' id='word_1_780' title='bbox 1149 2472 1314 2501; x_wconf 86' lang='lat' dir='ltr'><strong>mulieribus</strong></span> <span class='ocrx_word' id='word_1_781' title='bbox 1341 2473 1368 2500; x_wconf 91' lang='lat' dir='ltr'><strong>in</strong></span> <span class='ocrx_word' id='word_1_782' title='bbox 1396 2473 1492 2501; x_wconf 80' lang='lat' dir='ltr'><strong>luxum</strong></span> <span class='ocrx_word' id='word_1_783' title='bbox 1508 2472 1665 2507; x_wconf 75' lang='lat' dir='ltr'><strong>elfusis,da</strong></span> <span class='ocrx_word' id='word_1_784' title='bbox 1689 2473 1833 2507; x_wconf 61' lang='lat' dir='ltr'><strong>latomis,»</strong></span> 
     </span>
    </p>
   </div>
   <div class='ocr_carea' id='block_1_104' title="bbox 1020 2518 1811 2555">
    <p class='ocr_par' dir='ltr' id='par_1_104' title="bbox 1020 2518 1811 2555">
     <span class='ocr_line' id='line_1_104' title="bbox 1020 2518 1811 2555; baseline 0 -10"><span class='ocrx_word' id='word_1_785' title='bbox 1020 2518 1118 2552; x_wconf 82' lang='lat' dir='ltr'><strong>fabris,</strong></span> <span class='ocrx_word' id='word_1_786' title='bbox 1135 2518 1304 2551; x_wconf 84' lang='lat' dir='ltr'><strong>calculariis,</strong></span> <span class='ocrx_word' id='word_1_787' title='bbox 1318 2518 1490 2554; x_wconf 89' lang='lat' dir='ltr'><strong>pictoribus;</strong></span> <span class='ocrx_word' id='word_1_788' title='bbox 1516 2519 1632 2554; x_wconf 88' lang='lat' dir='ltr'><strong>gaudes,</strong></span> <span class='ocrx_word' id='word_1_789' title='bbox 1649 2519 1764 2555; x_wconf 85' lang='lat' dir='ltr'><strong>perinde</strong></span> <span class='ocrx_word' id='word_1_790' title='bbox 1779 2526 1811 2546; x_wconf 81' lang='lat' dir='ltr'><strong>ac</strong></span> 
     </span>
    </p>
   </div>
   <div class='ocr_carea' id='block_1_105' title="bbox 1021 2563 1811 2601">
    <p class='ocr_par' dir='ltr' id='par_1_105' title="bbox 1021 2563 1811 2601">
     <span class='ocr_line' id='line_1_105' title="bbox 1021 2563 1811 2601; baseline 0.001 -10"><span class='ocrx_word' id='word_1_791' title='bbox 1021 2564 1045 2591; x_wconf 85' lang='lat' dir='ltr'><strong>si</strong></span> <span class='ocrx_word' id='word_1_792' title='bbox 1072 2563 1248 2599; x_wconf 62' lang='lat' dir='ltr'><strong>praestantius</strong></span> <span class='ocrx_word' id='word_1_793' title='bbox 1276 2564 1402 2600; x_wconf 88' lang='lat' dir='ltr'><strong>pecuniis</strong></span> <span class='ocrx_word' id='word_1_794' title='bbox 1427 2563 1575 2600; x_wconf 75' lang='lat' dir='ltr'><strong>quidquam</strong></span> <span class='ocrx_word' id='word_1_795' title='bbox 1605 2565 1746 2601; x_wconf 83' lang='lat' dir='ltr'><strong>acquiras.</strong></span> <span class='ocrx_word' id='word_1_796' title='bbox 1762 2564 1811 2592; x_wconf 85' lang='lat' dir='ltr'><strong>Vi-</strong></span> 
     </span>
    </p>
   </div>
   <div class='ocr_carea' id='block_1_106' title="bbox 1022 2609 1811 2647">
    <p class='ocr_par' dir='ltr' id='par_1_106' title="bbox 1022 2609 1811 2647">
     <span class='ocr_line' id='line_1_106' title="bbox 1022 2609 1811 2647; baseline 0 -9"><span class='ocrx_word' id='word_1_797' title='bbox 1022 2609 1106 2638; x_wconf 88' lang='lat' dir='ltr'><strong>desne</strong></span> <span class='ocrx_word' id='word_1_798' title='bbox 1136 2610 1255 2645; x_wconf 88' lang='lat' dir='ltr'><strong>parietes</strong></span> <span class='ocrx_word' id='word_1_799' title='bbox 1276 2610 1345 2638; x_wconf 85' lang='lat' dir='ltr'><strong>istos</strong></span> <span class='ocrx_word' id='word_1_800' title='bbox 1364 2615 1501 2639; x_wconf 86' lang='lat' dir='ltr'><strong>vetustate</strong></span> <span class='ocrx_word' id='word_1_801' title='bbox 1523 2611 1673 2647; x_wconf 85' lang='lat' dir='ltr'><strong>collapsos,</strong></span> <span class='ocrx_word' id='word_1_802' title='bbox 1692 2611 1811 2647; x_wconf 80' lang='lat' dir='ltr'><strong>quorum</strong></span> 
     </span>
    </p>
   </div>
   <div class='ocr_carea' id='block_1_107' title="bbox 1023 2657 1812 2694">
    <p class='ocr_par' dir='ltr' id='par_1_107' title="bbox 1023 2657 1812 2694">
     <span class='ocr_line' id='line_1_107' title="bbox 1023 2657 1812 2694; baseline 0.001 -10"><span class='ocrx_word' id='word_1_803' title='bbox 1023 2657 1156 2692; x_wconf 71' lang='lat' dir='ltr'><strong>reliquiae,</strong></span> <span class='ocrx_word' id='word_1_804' title='bbox 1175 2660 1308 2691; x_wconf 87' lang='lat' dir='ltr'><strong>tanquam</strong></span> <span class='ocrx_word' id='word_1_805' title='bbox 1337 2657 1445 2692; x_wconf 83' lang='lat' dir='ltr'><strong>scopuli</strong></span> <span class='ocrx_word' id='word_1_806' title='bbox 1468 2657 1599 2693; x_wconf 84' lang='lat' dir='ltr'><strong>quidam,</strong></span> <span class='ocrx_word' id='word_1_807' title='bbox 1625 2659 1728 2694; x_wconf 86' lang='lat' dir='ltr'><strong>passim</strong></span> <span class='ocrx_word' id='word_1_808' title='bbox 1757 2662 1812 2686; x_wconf 73' lang='lat' dir='ltr'><strong>tota</strong></span> 
     </span>
    </p>
   </div>
   <div class='ocr_carea' id='block_1_108' title="bbox 1022 2701 1813 2739">
    <p class='ocr_par' dir='ltr' id='par_1_108' title="bbox 1022 2701 1813 2739">
     <span class='ocr_line' id='line_1_108' title="bbox 1022 2701 1813 2739; baseline 0 -9"><span class='ocrx_word' id='word_1_809' title='bbox 1022 2702 1092 2730; x_wconf 85' lang='lat' dir='ltr'><strong>urbe</strong></span> <span class='ocrx_word' id='word_1_810' title='bbox 1109 2702 1285 2738; x_wconf 82' lang='lat' dir='ltr'><strong>prominent?</strong></span> <span class='ocrx_word' id='word_1_811' title='bbox 1303 2701 1441 2736; x_wconf 80' lang='lat' dir='ltr'><strong>Quotnam</strong></span> <span class='ocrx_word' id='word_1_812' title='bbox 1462 2702 1490 2730; x_wconf 87' lang='lat' dir='ltr'><strong>in</strong></span> <span class='ocrx_word' id='word_1_813' title='bbox 1508 2702 1588 2736; x_wconf 89' lang='lat' dir='ltr'><strong>urbe,</strong></span> <span class='ocrx_word' id='word_1_814' title='bbox 1612 2711 1674 2731; x_wconf 87' lang='lat' dir='ltr'><strong>cum</strong></span> <span class='ocrx_word' id='word_1_815' title='bbox 1692 2702 1710 2730; x_wconf 92' lang='lat' dir='ltr'><strong>ii</strong></span> <span class='ocrx_word' id='word_1_816' title='bbox 1725 2704 1813 2739; x_wconf 68' lang='lat' dir='ltr'><strong>erige-</strong></span> 
     </span>
    </p>
   </div>
   <div class='ocr_carea' id='block_1_109' title="bbox 1023 2748 1815 2785">
    <p class='ocr_par' dir='ltr' id='par_1_109' title="bbox 1023 2748 1815 2785">
     <span class='ocr_line' id='line_1_109' title="bbox 1023 2748 1815 2785; baseline 0.003 -10"><span class='ocrx_word' id='word_1_817' title='bbox 1023 2748 1135 2781; x_wconf 84' lang='lat' dir='ltr'><strong>bantur,</strong></span> <span class='ocrx_word' id='word_1_818' title='bbox 1163 2756 1298 2784; x_wconf 84' lang='lat' dir='ltr'><strong>paupercs</strong></span> <span class='ocrx_word' id='word_1_819' title='bbox 1315 2753 1405 2782; x_wconf 86' lang='lat' dir='ltr'><strong>erant,</strong></span> <span class='ocrx_word' id='word_1_820' title='bbox 1436 2756 1507 2784; x_wconf 90' lang='lat' dir='ltr'><strong>quos</strong></span> <span class='ocrx_word' id='word_1_821' title='bbox 1534 2750 1708 2785; x_wconf 87' lang='lat' dir='ltr'><strong>tempestatis</strong></span> <span class='ocrx_word' id='word_1_822' title='bbox 1739 2750 1815 2778; x_wconf 81' lang='lat' dir='ltr'><strong>illius</strong></span> 
     </span>
    </p>
   </div>
   <div class='ocr_carea' id='block_1_110' title="bbox 1024 2793 1816 2830">
    <p class='ocr_par' dir='ltr' id='par_1_110' title="bbox 1024 2793 1816 2830">
     <span class='ocr_line' id='line_1_110' title="bbox 1024 2793 1816 2830; baseline 0.001 -10"><span class='ocrx_word' id='word_1_823' title='bbox 1024 2794 1123 2821; x_wconf 84' lang='lat' dir='ltr'><strong>divites</strong></span> <span class='ocrx_word' id='word_1_824' title='bbox 1139 2793 1176 2822; x_wconf 92' lang='lat' dir='ltr'><strong>ob</strong></span> <span class='ocrx_word' id='word_1_825' title='bbox 1195 2793 1354 2829; x_wconf 87' lang='lat' dir='ltr'><strong>hujusmodi</strong></span> <span class='ocrx_word' id='word_1_826' title='bbox 1372 2801 1465 2821; x_wconf 88' lang='lat' dir='ltr'><strong>rerum</strong></span> <span class='ocrx_word' id='word_1_827' title='bbox 1487 2794 1610 2822; x_wconf 86' lang='lat' dir='ltr'><strong>studium</strong></span> <span class='ocrx_word' id='word_1_828' title='bbox 1628 2795 1816 2830; x_wconf 76' lang='lat' dir='ltr'><strong>aspernaban-</strong></span> 
     </span>
    </p>
   </div>
   <div class='ocr_carea' id='block_1_111' title="bbox 1024 2840 1816 2877">
    <p class='ocr_par' dir='ltr' id='par_1_111' title="bbox 1024 2840 1816 2877">
     <span class='ocr_line' id='line_1_111' title="bbox 1024 2840 1816 2877; baseline -0.001 -10"><span class='ocrx_word' id='word_1_829' title='bbox 1024 2840 1088 2868; x_wconf 80' lang='lat' dir='ltr'><strong>tur?</strong></span> <span class='ocrx_word' id='word_1_830' title='bbox 1102 2840 1220 2868; x_wconf 86' lang='lat' dir='ltr'><strong>Ubinam</strong></span> <span class='ocrx_word' id='word_1_831' title='bbox 1241 2840 1326 2876; x_wconf 78' lang='lat' dir='ltr'><strong>igitur</strong></span> <span class='ocrx_word' id='word_1_832' title='bbox 1345 2844 1387 2868; x_wconf 86' lang='lat' dir='ltr'><strong>est</strong></span> <span class='ocrx_word' id='word_1_833' title='bbox 1403 2840 1534 2876; x_wconf 70' lang='lat' dir='ltr'><strong>prmclara</strong></span> <span class='ocrx_word' id='word_1_834' title='bbox 1550 2841 1594 2868; x_wconf 90' lang='lat' dir='ltr'><strong>illa</strong></span> <span class='ocrx_word' id='word_1_835' title='bbox 1611 2848 1725 2877; x_wconf 89' lang='lat' dir='ltr'><strong>operum</strong></span> <span class='ocrx_word' id='word_1_836' title='bbox 1741 2847 1816 2868; x_wconf 76' lang='lat' dir='ltr'><strong>stru—</strong></span> 
     </span>
    </p>
   </div>
   <div class='ocr_carea' id='block_1_112' title="bbox 1026 2887 1814 2927">
    <p class='ocr_par' dir='ltr' id='par_1_112' title="bbox 1026 2887 1814 2927">
     <span class='ocr_line' id='line_1_112' title="bbox 1026 2887 1814 2927; baseline -0.001 -12"><span class='ocrx_word' id='word_1_837' title='bbox 1026 2887 1123 2915; x_wconf 84' lang='lat' dir='ltr'><strong>ctura‘l</strong></span> <span class='ocrx_word' id='word_1_838' title='bbox 1141 2887 1187 2915; x_wconf 88' lang='lat' dir='ltr'><strong>ubi</strong></span> <span class='ocrx_word' id='word_1_839' title='bbox 1203 2887 1259 2918; x_wconf 83' lang='lat' dir='ltr'><strong>ille.</strong></span> <span class='ocrx_word' id='word_1_840' title='bbox 1279 2887 1325 2923; x_wconf 84' lang='lat' dir='ltr'><strong>qui</strong></span> <span class='ocrx_word' id='word_1_841' title='bbox 1349 2891 1461 2924; x_wconf 83' lang='lat' dir='ltr'><strong>propter</strong></span> <span class='ocrx_word' id='word_1_842' title='bbox 1476 2895 1536 2918; x_wconf 81' lang='lat' dir='ltr'><strong>catu</strong></span> <span class='ocrx_word' id='word_1_843' title='bbox 1552 2895 1665 2927; x_wconf 82' lang='lat' dir='ltr'><strong>operum</strong></span> <span class='ocrx_word' id='word_1_844' title='bbox 1687 2887 1814 2923; x_wconf 75' lang='lat' dir='ltr'><strong>magniﬁ-</strong></span> 
     </span>
    </p>
   </div>
  </div>
