2056 3113
257 153 324 186 1491

828 154 858 184 S’.
870 153 1033 184 JOANNIS
1052 153 1268 184 DAMASCENI

1821 151 1892 185 i499

254 210 373 236 centiam
388 208 515 236 laudibus
527 208 554 236 in
573 208 673 236 coelum
689 208 852 237 ferebatur?
866 208 908 236 An
921 215 975 236 non
990 208 1047 236 haec

1104 208 1194 245 ὥσπερ
1208 207 1321 237 αίκατὰ
1334 208 1445 237 παιδιὰν
1471 207 1500 234 ἐν
1523 208 1581 240 ταῖς
1608 207 1734 243 ψάμμοις
1758 207 1811 234 ὕπο
1834 209 1894 235 τῶν

253 256 378 290 quidem,
393 263 446 283 non
461 262 543 283 secus
556 259 638 290 atque
660 262 691 283 ea
709 262 770 291 qua:
787 263 802 282 ιι
815 255 909 290 pueris
920 255 948 283 in
963 262 1046 282 arena

253 310 300 337 per
312 302 406 329 ludum
415 301 726 334 aediﬁcantur,conl'nsa
739 301 798 338 jam
808 302 952 338 deletaque
965 302 1047 330 sunt?

252 346 301 374 Ille
314 351 405 374 autem
419 347 492 382 jacet
504 347 532 375 in
549 347 669 381 inferno,
682 348 787 383 ingenti
805 348 841 376 ob
856 357 948 377 rerum
964 356 1047 376 vana—

251 400 313 419 rum
334 392 459 420 studium
472 399 591 422 maerore
607 393 721 421 allectus
732 393 744 420 ί
754 393 852 429 Magno
864 393 957 422 animo
973 397 1046 422 esto.

252 435 384 470 Parietes,
399 440 458 464 tam
482 437 576 473 exigui
596 445 678 473 quam
700 438 805 474 magni.
823 437 949 466 eumdem
965 445 1046 466 usum

250 481 381 512 afferunt.
409 482 478 511 Cum
498 483 583 519 inepti
612 483 756 520 cujusdam
785 483 907 512 hominis
933 484 1046 512 domum

249 529 404 566 ingredior,
419 537 536 565 eamque
561 530 637 557 omni
665 530 764 558 ﬂorum
791 537 894 566 genere
913 529 1045 558 nitentem

240 565 404 610 ’eonspicio,
430 575 483 604 hoc
506 576 572 603 mihi
599 574 762 611 persuadeo,
790 565 860 603 nihil
885 582 947 603 eum
964 575 1046 603 rebus

250 619 306 648 illis
331 629 394 656 qua:
417 621 445 649 in
470 626 612 657 aspectum
640 621 745 649 cadunt
769 621 947 656 prmstantius
964 621 1047 658 489

250 665 409 701 possidere;
429 667 477 695 sed
491 675 553 695 cum
568 675 613 695 res
628 667 766 696 inanimas
780 671 908 699 exornat,
925 668 1045 695 animam

250 711 310 748 ipse
326 716 442 740 ornatus
462 717 602 748 expertem
619 713 710 741 habet.
725 713 812 748 Quem
827 707 948 745 tandem,
965 713 1047 741 obse-

248 764 308 789 cro,
325 758 487 794 ampliorem
510 766 591 787 usum
616 759 738 795 praebent
759 759 880 795 argentei
905 760 943 787 illi
970 759 1046 792 lecti,

250 808 386 840 argentea:
409 812 521 836 menSIe.
543 805 657 833 eburnei
682 805 746 838 tori,
766 805 896 834 eburneze
915 806 999 838 sellae,
1018 809 1047 833 ut

250 858 347 878 eorum
363 857 448 878 causa
473 858 541 886 opes
557 851 590 877 ad
606 859 741 886 pauperes
754 851 869 880 minime
885 851 1048 880 transeant?

251 895 309 923 Etsi
329 896 452 924 sexcenti
480 896 514 924 ad
537 896 612 924 l'ores
637 900 697 925 tuas
724 900 832 929 astant,
861 897 1046 925 miserabilem
1063 891 1086 922 Β

250 943 367 971 ninnino
383 951 479 971 vocem
501 943 669 978 emittentes,
694 947 723 971 tu
746 944 846 979 stipem
865 951 960 979 negas,
988 943 1049 973 ﬁeri

250 996 306 1016 non
330 997 415 1024 posse
431 989 529 1017 dicens
546 994 576 1016 ut
596 989 776 1024 poscentibus
802 988 933 1018 suliicias.
959 989 1050 1025 Atque

249 1034 346 1070 lingua
372 1035 483 1071 quidem
509 1035 610 1070 iuras;
633 1039 660 1063 te
683 1043 750 1063 vero
780 1043 878 1064 manus
906 1036 1048 1072 coarguit,

251 1081 353 1116 quippe
376 1089 438 1117 qua:
464 1081 639 1110 mendacium
669 1086 746 1109 tuum
763 1078 880 1111 tacendo
905 1083 1048 1118 praedicat,

251 1126 350 1154 annuli
379 1126 441 1162 pala
463 1127 691 1164 eircuml‘ulgens.
720 1127 791 1161 Quot
809 1127 936 1157 homines
953 1128 1050 1157 unicus

252 1172 372 1200 annulus
394 1176 458 1201 tuus
473 1181 528 1202 aere
550 1173 641 1202 alieno
659 1174 776 1203 liberare
796 1177 904 1210 potest!
919 1181 986 1211 quot
999 1177 1050 1205 do-

253 1226 314 1246 mes
335 1219 460 1248 labentes
485 1219 661 1248 instaurare!
688 1220 776 1248 Unica
795 1221 840 1248 illa
865 1229 930 1250 arca
950 1222 978 1250 in
996 1230 1051 1258 qua

253 1270 346 1294 vestes
365 1265 504 1300 recondis,
519 1267 650 1302 populum
666 1267 826 1296 universum
843 1267 945 1304 frigore
960 1270 1052 1305 rigen-

253 1315 308 1339 tem
332 1315 423 1346 potest
444 1313 569 1347 operire;
595 1317 621 1340 et
643 1316 735 1340 tamen
757 1321 907 1348 pauperem
933 1322 1051 1344 vacuum

255 1354 377 1390 ablegari
403 1350 542 1388 sustines“,
566 1356 673 1391 justum
699 1357 804 1392 jndicis
831 1359 961 1387 talionem
983 1360 1054 1388 nihil

255 1404 395 1429 metuens.
412 1400 634 1429 Misericordiam
654 1409 708 1429 non
726 1402 906 1438 impertiisti?
931 1412 981 1433 nec
1001 1405 1053 1434 tibi

257 1447 441 1481 ilnpertietur.
460 1446 546 1475 Addes
561 1451 621 1475 tuas
639 1455 695 1475 non
712 1449 869 1483 aperuisti?
888 1457 902 1477 a
924 1458 1007 1486 regno
1024 1455 1054 1479 tu

257 1491 429 1520 excluderis.
460 1492 598 1520 Esurienti
625 1501 723 1529 panem
743 1502 798 1521 non
821 1494 945 1523 dedisti?
969 1497 1052 1525 vitam

258 1541 389 1565 arternam
407 1545 462 1565 non
481 1538 612 1574 accipies.
630 1539 664 1566 At
686 1544 711 1567 te
726 1540 786 1575 ipse
801 1548 950 1576 pauperem
964 1542 1054 1572 dicis?

246 1583 340 1617 ,plane
355 1584 504 1611 assentior.
519 1584 545 1612 ls
560 1584 632 1611 enim
650 1592 753 1620 pauper
769 1589 822 1618 est,
839 1587 885 1621 qui
902 1588 995 1616 multis
1011 1589 1053 1617 in-

258 1628 342 1664 diget.
369 1629 406 1657 Ut
421 1636 487 1657 vero
512 1637 562 1657 vos
581 1630 676 1657 multis
697 1626 854 1667 indigentis,
881 1632 1053 1669 inexplebilis

260 1675 305 1701 illa
316 1675 453 1709 cupiditas
464 1674 541 1702 facit.
554 1675 650 1703 Decem
670 1676 780 1704 talentis
788 1677 881 1706 decem
894 1679 949 1706 alia
958 1680 1054 1709 studes

261 1719 420 1754 adjungcre.
436 1719 504 1747 Cum
526 1725 618 1748 autem
636 1721 734 1756 viginti
749 1727 827 1758 parta
841 1728 917 1756 sunt,
929 1725 982 1756 alia
993 1735 1055 1754 rur-

261 1771 323 1790 sum
343 1763 457 1791 totidem
474 1765 587 1798 quieris.
604 1764 645 1792 Ac
661 1766 710 1794 tibi
728 1774 837 1803 semper
853 1768 879 1796 id
891 1770 965 1804 quod
977 1779 1056 1800 acce-

259 1808 311 1842 dit,
325 1817 379 1837 non
391 1810 570 1846 cupiditatem
587 1815 708 1845 coercet,
724 1813 772 1841 sed
784 1816 935 1850 appetitum
946 1816 1056 1845 inﬂam-

259 1859 327 1884 mat.
361 1855 605 1890 Quemadmodum
632 1858 704 1885 enim
727 1859 883 1894 temulenti,
909 1869 964 1897 quo
992 1864 1056 1899 plus

1066 1568 1089 1598 C

1100 254 1205 282 παίδων
1222 254 1483 290 φιλοτεχνούμεναι;
1513 253 1543 280 Ὀ
1565 254 1594 282 δὲ
1610 254 1638 281 ἐν
1659 254 1698 290 τῷ
1717 253 1768 290 ᾅδῃ
1790 255 1889 286 κεῖται,

1097 302 1146 329 ἐπὶ
1159 303 1193 338 τῇ
1211 301 1312 336 σπουδῇ
1331 301 1385 328 τῶν
1401 300 1524 336 ματαίων
1541 300 1780 336 μεταμελόμενος;
1796 301 1891 335 Meye-

1098 348 1147 385 λην
1159 348 1204 384 ἔχε
1218 347 1268 384 τὴν
1282 347 1382 383 ψυχήν.
1398 347 1488 382 Τοτχοι
1501 347 1540 379 δὲ,
1555 346 1603 373 καὶ
1619 346 1724 381 μικροὶ,
1738 347 1786 374 καὶ
1801 346 1890 382 μεγά-

1097 395 1138 422 λοι
1165 395 1217 430 τὴν
1241 393 1326 430 αὐτὴν
1346 393 1440 429 χρείαν
1465 392 1624 428 πληροῦσιν.
1651 392 1738 420 Ὂταν
1760 393 1891 428 παρέλθω

1098 441 1138 472 είς
1156 440 1243 468 οίκίαν
1258 439 1355 476 ἀνδρὸς
1366 439 1562 475 ἀπειροκάλου,
1579 439 1627 467 καὶ
1650 440 1697 467 Bm
1719 440 1804 476 αὐτὴν
1821 449 1892 468 πανν

1097 486 1182 517 τοίοις
1196 484 1394 521 γεγανωμάνην
1406 484 1526 518 ἄνθεσιν,
1535 482 1595 513 οἶδα
1605 485 1647 511 ὃτι
1657 482 1735 516 οὗτος
1746 485 1821 512 ὠδὲν
1833 485 1891 513 τῶν

1098 530 1245 567 ὁρωμένων
1257 530 1422 567 τιμιώτερον
1435 531 1567 566 κέκτηται
1578 539 1585 546 ·
1602 530 1672 559 ἀλλὰ
1685 530 1719 557 τὰ
1736 531 1785 564 μὲν
1797 532 1891 568 ἄψυχα

1098 576 1273 610 καλλωπίζει,
1290 575 1340 612 τὴν
1358 575 1388 604 δὲ
1411 575 1500 612 ψυχὴν
1525 575 1682 611 ἀκόσμητον
1700 577 1768 611 ἔχει.
1791 577 1889 609 Ποίαν,

1098 624 1159 651 εἰπέ
1175 632 1232 659 μοι,
1248 623 1343 660 χρείαν
1364 623 1562 658 περισσοτέραν
1586 623 1753 658 παρέχουσιν
1769 623 1889 658 ἀργυραῖ

1098 669 1200 702 κλίναι,
1212 670 1259 696 καὶ
1273 669 1408 704 τράπεζαι
1423 669 1735 704 ἁργυραῖ,ὲλεφάντιναι
1750 669 1886 700 mssa“.

1098 715 1146 742 καὶ
1161 714 1329 749 ἐλεφάντινοι
1342 713 1444 749 δίφροι,
1458 712 1530 740 ὥστε
1549 713 1594 740 τὸν
1609 713 1725 740 πλοῦτον
1741 712 1786 740 διὰ
1801 713 1888 739 ταῦτα

1100 759 1138 795 μὴ
1163 759 1313 787 διαϐαίνειν
1334 758 1402 794 πρὸς
1428 758 1492 790 τοὺς
1518 758 1660 792 πτωχοὺς,
1681 757 1771 785 καίτοι
1796 757 1887 792 μυρίοι

1098 805 1266 840 ἐφεστήκασι
1277 805 1310 840 τῇ
1318 804 1388 840 θύρᾳ
1399 804 1508 831 ἃπασαν
1518 803 1644 837 ἀφιέντες
1654 803 1774 839 ιλεεινὴν
1785 804 1890 839 φωνὴν,

1101 853 1133 880 σὺ
1146 852 1175 880 δὲ
1190 851 1259 888 ἀρνῇ
1283 851 1332 886 τὴν
1355 851 1438 883 δόσιν,
1454 851 1586 878 ἀδύνατον
1607 848 1677 876 εἶναι
1701 849 1790 884 λέγων
1803 850 1890 885 ἐπαρ-

1101 899 1159 925 κεῖν
1180 899 1236 929 τοῖς
1255 896 1378 924 αἰτοῦσι·
1396 897 1444 924 καὶ
1466 898 1500 933 τῇ
1526 897 1576 932 μὲν
1599 896 1709 933 γλώσσῃ
1730 896 1889 932 ὲξόμνυσαι,

1101 943 1154 971 ὑπὸ
1170 943 1198 971 δὲ
1221 943 1272 978 τῆς
1294 943 1385 979 χειρὸς
1400 942 1526 978 διελέγχει
1537 951 1544 959 ·
1560 943 1693 970 σιωπῶσα
1717 942 1773 978 γὰρ
1793 943 1810 977 ἡ
1827 942 1890 976 χείρ

1101 999 1149 1018 σου
1168 990 1216 1026 τὴν
1234 990 1412 1025 ψευδολογίαν
1431 998 1478 1016 σου
1506 989 1650 1024 κηρύσσει.
1668 995 1890 1024 περιαστριπτο-

1104 1036 1173 1072 μένη
1190 1036 1243 1063 ὑπὸ
1254 1035 1305 1071 τῆς
1325 1034 1373 1062 τοῦ
1389 1032 1532 1062 δακτυλίου
1551 1034 1711 1070 σφενδόνης.
1725 1035 1827 1066 Πόσους
1842 1034 1891 1060 δύ·

1100 1091 1179 1109 ναται
1203 1080 1243 1114 εἷς
1271 1090 1319 1108 σου
1344 1081 1485 1113 δακτύλιος
1508 1080 1598 1116 χρεῶν
1618 1080 1767 1108 ἀπολῦσαιί
1791 1080 1892 1112 πόσους

1101 1129 1192 1161 οἴκους
1218 1128 1439 1160 καταπίπτοντας
1462 1127 1599 1164 ὸρθῶσαιί
1627 1127 1676 1162 μία
1702 1135 1750 1154 σου
1775 1127 1892 1158 atth

1103 1174 1218 1210 ίματιων
1241 1173 1352 1201 δύναται
1375 1173 1459 1209 δῆμον
1483 1173 1543 1200 ὅλον
1566 1173 1694 1209 ῥιγοῦντα
1714 1172 1890 1209 περιϐαλεῖν·

1101 1219 1159 1247 ἀλλ’
1175 1218 1320 1254 ὑπομένεις
1333 1218 1474 1254 ἄπρακτον
1496 1217 1657 1251 ἀποπέμψαι
1671 1217 1718 1244 τὸν
1733 1217 1845 1251 πένητα,
1860 1216 1891 1242 οὐ

1103 1266 1270 1300 φοῦούμενος
1281 1264 1311 1291 τὸ
1325 1264 1429 1291 δίκαιον
1439 1263 1491 1298 τῆς
1505 1262 1710 1294 ἀνταποδόσεως
1720 1262 1767 1289 τοῦ
1782 1261 1890 1297 κριτοῦ.

1103 1313 1160 1339 Οὐκ
1176 1312 1294 1347 ήλέησας
1310 1319 1317 1344 ;
1343 1311 1393 1338 οὐκ
1408 1310 1555 1346 ὲλεηθήσῃ.
1572 1310 1630 1336 Οὐκ
1654 1308 1763 1344 ήνοιξας
1784 1307 1834 1343 τὴν
1854 1309 1894 1335 οὶ-

1104 1359 1182 1392 κίαν;
1195 1357 1399 1394 ἀποπεμφθήσῃ
1410 1357 1460 1392 τῆς
1469 1356 1620 1392 βασιλείας.
1629 1356 1686 1382 οὐκ
1697 1355 1801 1386 ἔδωκας
1809 1354 1895 1390 ἄρτον

1104 1404 1144 1440 τῷ
1159 1403 1304 1437 πεινῶντι;
1320 1403 1351 1430 οὐ
1368 1403 1443 1438 λήψῃ
1460 1403 1509 1438 τὴν
1521 1402 1636 1429 αίωνίαν
1651 1400 1734 1437 ζωήν.
1752 1401 1833 1428 Ἀλλὰ
1845 1401 1896 1427 πέ-

1104 1459 1171 1485 νητα
1195 1449 1285 1484 λέγεις
1310 1449 1427 1482 σαυτόνς
1455 1448 1533 1483 κάγὼ
1561 1447 1718 1483 συντίθημι.
1732 1447 1819 1482 Πένης
1838 1446 1895 1481 γάρ

1105 1496 1179 1524 ἐστιν
1192 1496 1205 1522 6
1221 1495 1327 1522 πολλῶν
1338 1495 1442 1530 ἐνδεής.
1459 1494 1569 1522 Πολλῶν
1580 1494 1609 1521 δὲ
1623 1494 1694 1529 ὑμᾶς
1710 1493 1808 1524 ἐνδεεῖς
1820 1493 1897 1520 ποιεῖ

1106 1543 1136 1569 τὸ
1143 1542 1193 1577 τῆς
1201 1541 1349 1577 ἐπιθυμίας
1357 1541 1516 1575 ἀκόρεστον.
1523 1540 1585 1571 Τοῖς
1590 1539 1658 1566 δέκα
1667 1538 1818 1570 ταλάντοις,
1825 1538 1899 1564 seu

1106 1589 1187 1624 ἕτερα
1201 1587 1376 1624 προστιθέναι
1391 1586 1562 1618 σπουδάζεις.
1580 1585 1707 1612 Ἐπειδὰν
1717 1585 1802 1611 εἴκοσι
1814 1584 1898 1618 γένη-

1107 1644 1161 1667 ται,
1173 1636 1240 1663 ἄλλα
1250 1635 1369 1663 τοσαῦτα
1381 1636 1482 1672 ζητεῖς.
1493 1635 1548 1662 Καὶ
1559 1633 1603 1661 ἀεί
1617 1641 1658 1660 σοι
1669 1634 1700 1661 τὺ
1714 1633 1898 1670 προστιθέμε-

1107 1682 1235 1717 νθν,οὐχὶ
1258 1682 1308 1718 τὴν
1331 1682 1421 1719 ὁρμὴν
1445 1683 1561 1718 ἵστησιν,
1587 1682 1655 1710 ἀλλὰ
1680 1680 1828 1715 ἁναφλέγει
1846 1678 1899 1712 τὴν

1106 1727 1206 1764 ὄρεξιν.
1230 1728 1337 1765 Ὥσπερ
1359 1729 1414 1764 γὰρ
1427 1729 1482 1761 τοῖς
1499 1728 1645 1762 μεθύουσιν
1660 1726 1772 1762 ἀφορμὴ
1790 1724 1838 1751 τοῦ
1854 1725 1900 1750 τιξ-

1107 1783 1162 1801 νειν
1182 1776 1198 1810 ἠ
1219 1774 1364 1810 προσθήκη
1381 1774 1428 1801 τοῦ
1459 1774 1532 1802 οίνου
1559 1774 1675 1808 γίνεται,
1704 1771 1774 1798 οὕτω
1799 1770 1848 1797 καὶ
1872 1771 1898 1796 οἱ

1107 1820 1273 1853 νεόπλουτοι,
1292 1821 1378 1847 πολλὰ
1392 1821 1572 1856 κτησάμενοι,
1592 1819 1724 1846 πλειόνων
1746 1815 1900 1851 ἐπιθυμοῦ-

1106 1876 1160 1895 σιν.

259 1905 317 1933 vini
334 1908 474 1940 hauriunt,
488 1915 520 1935 eo
536 1909 597 1943 plus
614 1907 648 1936 ad
665 1908 815 1937 bibendum
831 1915 998 1947 excitantur,
1016 1914 1057 1943 sic
1068 1915 1153 1943 etiam
1171 1916 1188 1943 ii
1209 1915 1255 1950 qui
1271 1918 1384 1950 repente
1409 1914 1509 1942 divites
1534 1915 1694 1944 evaserunt,
1722 1917 1784 1938 enm
1810 1909 1899 1937 multa

261 1952 453 1987 acquisierint,
472 1955 549 1989 plura
568 1956 783 1992 concupiscunt.

298 1999 373 2027 Ibid.
389 2001 531 2036 —0pibus
548 2001 629 2031 ﬂores
647 2014 653 2031 :
668 2005 703 2032 ob
715 2005 835 2040 majores
845 2009 909 2034 tuos
924 2007 1056 2042 praeclare

261 2045 294 2072 ile
306 2049 332 2072 te
348 2047 434 2075 sentis
451 2055 458 2074 :
472 2048 566 2083 patriae
581 2049 729 2084 splendore
740 2056 766 2078 et
781 2052 908 2086 corporis
929 2053 1055 2087 pulchri-

263 2090 360 2119 tudine
379 2092 519 2128 gioriaris,
554 2094 645 2130 iisque
661 2095 815 2125 honoribus
834 2097 881 2132 qui
909 2098 943 2126 ab
965 2099 1056 2127 omni-

262 2135 313 2163 bus
329 2136 356 2163 in
375 2141 400 2165 te
423 2140 631 2174 congeruntur?
648 2140 766 2168 Attende
778 2141 824 2168 tibi
842 2142 906 2176 ipsi,
924 2144 1054 2178 quoniam

263 2181 389 2214 mortalis
409 2190 449 2215 es,
470 2185 601 2219 quoniam
623 2191 694 2213 terra
714 2195 752 2219 ea,
768 2191 793 2214 et
810 2187 839 2214 in
857 2192 956 2215 terram
971 2197 1056 2217 reuer-

265 2226 329 2253 teris
346 2226 422 2261 (Gen.
442 2236 483 2262 ut,
500 2229 556 2265 i9).
581 2229 773 2267 Circumspice
794 2233 867 2267 illos,
887 2235 933 2268 qui
951 2239 1015 2262 ante
1031 2239 1056 2263 te

263 2272 362 2300 iisdem
388 2273 416 2300 in
440 2275 636 2310 splendoribus
652 2278 750 2305 versati
780 2278 901 2307 fuerunt.
922 2279 974 2307 Ubi
993 2285 1059 2308 sunt

265 2318 312 2354 qui
336 2319 364 2346 in
386 2320 470 2348 rebus
495 2321 612 2357 publicis
640 2323 834 2352 auctorilatcm
859 2325 1058 2354 obtinuerunt?

265 2365 313 2394 ubi
335 2365 513 2395 invictissimi
534 2369 682 2396 oratores?
707 2370 755 2398 ubi
782 2371 829 2406 qui
854 2371 924 2400 festa
949 2372 1062 2407 publica.

266 2409 470 2438 instituebant?
485 2410 530 2438 ubi
548 2412 672 2446 praeclari
692 2413 730 2440 illi
746 2415 914 2449 equisones?
929 2416 967 2443 illi
986 2416 1060 2444 mili-

266 2457 342 2496 tares
368 2454 473 2483 duces?
496 2455 536 2483 illi
558 2457 685 2492 tyranni?
714 2458 810 2487 Nonne
839 2461 934 2488 omnia
958 2461 1060 2496 pulvis.

258 2494 361 2528 'bmnia
379 2500 471 2529 fabula
488 2502 569 2530 sunt?
590 2511 682 2532 nonne
695 2505 721 2531 in
735 2505 832 2539 paucis
845 2494 1062 2535 ossibus-omnis

269 2554 364 2575 eorum
381 2547 443 2575 vitae
453 2548 588 2576 memoria
602 2550 655 2578 sita
669 2552 729 2578 est?
741 2551 872 2580 lncumbe
884 2552 910 2579 in
924 2553 1062 2588 sepulcra,

269 2603 302 2623 ac
317 2595 378 2623 vide
395 2601 461 2621 num
492 2594 624 2623 famulum
649 2597 683 2624 ab
704 2597 771 2624 hero
791 2605 878 2632 queas
900 2606 1064 2631 secernere;

269 2642 316 2669 ubi
329 2648 434 2677 pauper
450 2640 552 2676 jaceat,
580 2643 626 2670 ubi
649 2642 737 2670 dives.
764 2643 917 2679 Distingue,
932 2644 956 2672 si
973 2648 1061 2679 (mles,

270 2688 391 2715 vinctum
411 2695 426 2714 a
444 2695 518 2725 rege,
539 2687 638 2715 fortem
660 2689 695 2716 ab
724 2689 864 2722 imbecilli,
886 2689 1030 2724 pulchrum
1045 2697 1061 2718 a

270 2731 399 2760 deformi.
425 2732 536 2761 Naturae
563 2734 648 2769 igitur
673 2735 696 2762 si
726 2735 896 2769 memineris,
919 2743 1072 2772 nunquam,

272 2777 379 2805 ﬂtolles
396 2779 514 2807 animos.

310 2820 381 2849 Ibid.
398 2839 433 2843 —
448 2824 568 2852 Avarum
594 2826 660 2860 quid
679 2826 750 2861 potis
774 2827 810 2855 sit
828 2827 979 2856 cohibere?
1001 2828 1062 2863 igne

277 2866 398 2894 atrocior
415 2873 466 2897 est.
488 2870 578 2898 omnia
601 2872 734 2901 continuo
759 2873 920 2912 deposcens.
940 2874 1061 2904 Proximi

1142 2008 1255 2043 Πλούτῳ
1263 2007 1415 2042 nepa-19m!
1426 2007 1472 2034 ἐπὶ
1483 2005 1625 2040 προγόνοις
1635 2002 1707 2038 μέγα
1718 2003 1825 2038 φρονεῖς
1835 2003 1899 2035 put

1108 2054 1250 2091 ἑπαγάλλῃ
1262 2053 1383 2088 πατρίδι,
1392 2052 1441 2079 καὶ
1450 2052 1544 2078 κάλλει
1552 2050 1688 2086 σώματος,
1696 2050 1742 2076 καὶ
1753 2050 1811 2080 ταῖς
1824 2049 1900 2083 παρᾶ

1108 2101 1216 2128 πάντων
1225 2101 1318 2136 τιμαῖς
1327 2109 1334 2132 ;
1344 2099 1466 2135 Πρόσεχε
1479 2097 1594 2132 σεαυτῷ,
1602 2097 1643 2123 ὅτι
1653 2096 1751 2132 θνητὸς
1760 2093 1799 2121 εἶ’
1809 2095 1849 2121 ὅτι
1859 2094 1899 2129 γῆ

1107 2147 1144 2179 εἷ,
1158 2147 1207 2174 καὶ
1219 2148 1262 2179 εὶς
1274 2144 1331 2180 γῆν
1342 2145 1510 2178 ἀπελεύσῃ.
1521 2141 1687 2178 Περίϐλεψαι
1702 2142 1766 2172 τοὺς
1777 2140 1830 2175 πρὸ
1850 2140 1899 2166 σοῦ

1108 2193 1137 2219 ὲν
1155 2192 1215 2223 ταῖς
1241 2190 1347 2225 ὁμοίαις
1370 2188 1572 2221 ὲξετασθέντας.
1588 2186 1642 2213 Ποῦ
1656 2187 1682 2213 οι
1695 2186 1745 2216 τὰς
1757 2185 1900 2216 πολιτικὰς

1109 2237 1239 2272 δυνάμεις
1272 2234 1523 2271 περιϐεϐλημένοις
1551 2232 1606 2260 Ποῦ
1636 2233 1660 2258 oi
1690 2230 1901 2267 δυσμαχώτατοι

1111 2283 1239 2318 pii-eopse;
1256 2280 1307 2307 ποῦ
1318 2281 1343 2307 oi
1356 2280 1405 2312 τὰς
1416 2279 1584 2314 πανηγύρεις
1595 2277 1777 2310 διατιθέντες;
1795 2277 1818 2303 oi
1831 2276 1903 2311 λαμ-

1089 2355 1094 2358 ,
1110 2327 1174 2363 προὶ
1187 2327 1358 2363 ἱπποτρόφοι,
1367 2327 1392 2353 οἱ
1404 2325 1561 2361 στρατηγοὶ,
1575 2324 1598 2350 oi
1607 2323 1744 2359 τύραννοις
1757 2322 1795 2348 οὐ
1807 2322 1902 2348 πάντα

1111 2375 1202 2408 κόνις;
1220 2374 1251 2400 οὐ
1267 2373 1357 2399 πάντα
1387 2371 1470 2407 μῦθος
1484 2379 1491 2404 ;
1505 2371 1554 2397 οὐκ
1574 2370 1603 2396 ὲν
1618 2369 1720 2402 ὀλίγοις
1734 2368 1840 2398 ὀστέοις
1865 2367 1903 2393 τὰ

1115 2420 1277 2456 μνημόσυνα
1301 2419 1353 2454 τῆς
1379 2418 1453 2452 ζωῆς
1484 2417 1589 2448 aucti»);
1613 2414 1752 2449 Ἐγκυψον
1771 2414 1827 2444 τοῖς
1851 2413 1904 2440 τᾶ-

1112 2474 1183 2500 φοις,
1198 2466 1222 2492 εί
1240 2464 1343 2500 δυνήσῃ
1361 2463 1508 2497 διακρῖναι,
1528 2460 1568 2492 τίς
1592 2462 1605 2487 ὁ
1629 2459 1739 2494 οἰκέτης
1750 2480 1757 2491 ,
1772 2458 1818 2485 καὶ
1832 2458 1874 2489 τίς
1889 2459 1906 2485 6

1112 2511 1263 2546 δεσπότης·
1280 2509 1332 2536 ποῦ
1358 2510 1372 2535 6
1394 2507 1511 2542 πτωχὸς,
1525 2506 1572 2533 καὶ
1589 2506 1630 2536 τίς
1649 2506 1663 2531 6
1683 2504 1821 2535 πλούσιος.
1838 2504 1905 2530 Ati-

1113 2564 1206 2592 κρινον
1218 2556 1245 2582 εῐ
1253 2555 1296 2587 τις
1310 2563 1352 2580 σοι
1367 2554 1481 2588 δύναμις
1493 2551 1540 2578 τὸν
1551 2551 1659 2586 δέσμιον
1682 2549 1736 2576 ἀπὸ
1754 2549 1802 2576 τοῦ
1827 2549 1907 2584 βασι-

1113 2602 1193 2634 λέως,
1219 2600 1264 2627 τὸν
1289 2599 1399 2635 ίσχυρὺν
1412 2598 1466 2625 ἀπὸ
1481 2596 1529 2623 τοῦ
1545 2595 1687 2627 ἀσθενοῦς,
1705 2595 1753 2621 τὸν
1776 2594 1906 2629 εὐπρεπῆ

1114 2647 1169 2673 ἀπὸ
1192 2645 1239 2673 τοῦ
1262 2644 1410 2676 δυσειδοῦς.
1434 2642 1618 2678 Μεμνημένος
1640 2639 1688 2667 οὖν
1714 2640 1765 2676 τῆς
1796 2639 1907 2675 φύσεως

1114 2693 1164 2723 οὐκ
1180 2691 1324 2727 ὲπαρθήσῃ
1339 2689 1414 2716 ποτέ.

1152 2827 1204 2854 Τὸν
1217 2826 1382 2858 πλεονέκτην
1402 2824 1428 2850 τί
1451 2823 1563 2850 δύναται
1586 2821 1725 2856 ὲπισχεῖνς
1746 2820 1834 2855 πυρός
1844 2821 1907 2847 ἐστι

1121 2873 1317 2910 (αλεπώτερος,
1329 2873 1418 2901 πάντα
1428 2871 1471 2899 διὰ
1484 2869 1622 2905 συνεχείας
1632 2867 1798 2903 νεμόμενος.
1807 2868 1818 2877 '
1827 2871 1860 2900 Ε)
1867 2872 1926 2898 an.
