  <div class='ocr_page' id='page_1' title='image "/cluster/home/n/w/nwhite01/storage/ocr_20150623/95/njp.32101077772844/756.png"; bbox 0 0 2056 3113; ppageno 0'>
   <div class='ocr_carea' id='block_1_1' title="bbox 183 136 252 171">
    <p class='ocr_par' dir='ltr' id='par_1_1' title="bbox 183 136 252 171">
     <span class='ocr_line' id='line_1_1' title="bbox 183 136 252 171; baseline -0.014 0"><span class='ocrx_word' id='word_1_1' title='bbox 183 136 252 171; x_wconf 73' lang='grc'><strong>1493</strong></span> 
     </span>
    </p>
   </div>
   <div class='ocr_carea' id='block_1_2' title="bbox 819 133 1188 165">
    <p class='ocr_par' dir='ltr' id='par_1_2' title="bbox 819 133 1188 165">
     <span class='ocr_line' id='line_1_2' title="bbox 819 133 1188 165; baseline -0.005 0"><span class='ocrx_word' id='word_1_2' title='bbox 819 135 936 165; x_wconf 73' lang='lat' dir='ltr'><strong>SACRA</strong></span> <span class='ocrx_word' id='word_1_3' title='bbox 955 133 1188 164; x_wconf 78' lang='lat' dir='ltr'><strong>PARALLELA.</strong></span> 
     </span>
    </p>
   </div>
   <div class='ocr_carea' id='block_1_3' title="bbox 1751 134 1817 166">
    <p class='ocr_par' dir='ltr' id='par_1_3' title="bbox 1751 134 1817 166">
     <span class='ocr_line' id='line_1_3' title="bbox 1751 134 1817 166; baseline -0.045 0"><span class='ocrx_word' id='word_1_4' title='bbox 1751 134 1817 166; x_wconf 64' lang='lat' dir='ltr'><strong>ttat</strong></span> 
     </span>
    </p>
   </div>
   <div class='ocr_carea' id='block_1_4' title="bbox 181 187 979 228">
    <p class='ocr_par' dir='ltr' id='par_1_4' title="bbox 181 189 975 228">
     <span class='ocr_line' id='line_1_4' title="bbox 181 189 975 228; baseline -0.006 -6"><span class='ocrx_word' id='word_1_5' title='bbox 181 195 216 223; x_wconf 68' lang='lat' dir='ltr'><strong>sit</strong></span> <span class='ocrx_word' id='word_1_6' title='bbox 242 193 289 221; x_wconf 79' lang='grc' dir='ltr'><strong>τοῦ</strong></span> <span class='ocrx_word' id='word_1_7' title='bbox 320 192 435 228; x_wconf 81' lang='grc' dir='ltr'>πλησίον</span> <span class='ocrx_word' id='word_1_8' title='bbox 480 191 561 223; x_wconf 79' lang='grc' dir='ltr'>ἄλλος</span> <span class='ocrx_word' id='word_1_9' title='bbox 589 190 714 227; x_wconf 78' lang='grc' dir='ltr'>ἀνεφάνη</span> <span class='ocrx_word' id='word_1_10' title='bbox 732 191 843 226; x_wconf 79' lang='grc' dir='ltr'><strong>γείτων,</strong></span> <span class='ocrx_word' id='word_1_11' title='bbox 863 191 912 217; x_wconf 78' lang='grc' dir='ltr'><strong>καὶ</strong></span> <span class='ocrx_word' id='word_1_12' title='bbox 939 189 975 217; x_wconf 81' lang='grc' dir='ltr'><strong>τὰ</strong></span> 
     </span>
    </p>
   </div>
   <div class='ocr_carea' id='block_1_5' title="bbox 1030 187 1822 228">
    <p class='ocr_par' dir='ltr' id='par_1_5' title="bbox 1030 187 1822 224">
     <span class='ocr_line' id='line_1_5' title="bbox 1030 187 1822 224; baseline 0.003 -8"><span class='ocrx_word' id='word_1_13' title='bbox 1030 188 1098 216; x_wconf 82' lang='lat' dir='ltr'><strong>bona</strong></span> <span class='ocrx_word' id='word_1_14' title='bbox 1118 187 1238 215; x_wconf 86' lang='lat' dir='ltr'><strong>invasit:</strong></span> <span class='ocrx_word' id='word_1_15' title='bbox 1258 187 1368 216; x_wconf 79' lang='lat' dir='ltr'><strong>Vicinus</strong></span> <span class='ocrx_word' id='word_1_16' title='bbox 1383 188 1453 217; x_wconf 87' lang='lat' dir='ltr'><strong>alter</strong></span> <span class='ocrx_word' id='word_1_17' title='bbox 1468 189 1586 222; x_wconf 78' lang='lat' dir='ltr'><strong>exstitit,</strong></span> <span class='ocrx_word' id='word_1_18' title='bbox 1602 190 1649 224; x_wconf 89' lang='lat' dir='ltr'><strong>qui</strong></span> <span class='ocrx_word' id='word_1_19' title='bbox 1671 191 1747 218; x_wconf 88' lang='lat' dir='ltr'><strong>illius</strong></span> <span class='ocrx_word' id='word_1_20' title='bbox 1759 199 1822 218; x_wconf 82' lang='lat' dir='ltr'><strong>rur-</strong></span> 
     </span>
    </p>
   </div>
   <div class='ocr_carea' id='block_1_6' title="bbox 180 236 972 274">
    <p class='ocr_par' dir='ltr' id='par_1_6' title="bbox 180 236 972 274">
     <span class='ocr_line' id='line_1_6' title="bbox 180 236 972 274; baseline -0.005 -7"><span class='ocrx_word' id='word_1_21' title='bbox 180 241 287 268; x_wconf 76' lang='grc' dir='ltr'>ἐκείνου</span> <span class='ocrx_word' id='word_1_22' title='bbox 317 238 544 274; x_wconf 64' lang='grc' dir='ltr'>ἐξιδιοποιήσατο.</span> <span class='ocrx_word' id='word_1_23' title='bbox 560 237 597 264; x_wconf 83' lang='grc' dir='ltr'><strong>Οὐ</strong></span> <span class='ocrx_word' id='word_1_24' title='bbox 621 237 678 269; x_wconf 78' lang='grc' dir='ltr'>τοῖς</span> <span class='ocrx_word' id='word_1_25' title='bbox 694 237 811 264; x_wconf 79' lang='grc' dir='ltr'><strong>κατόπιν</strong></span> <span class='ocrx_word' id='word_1_26' title='bbox 830 236 972 272; x_wconf 83' lang='grc' dir='ltr'>προσέχει,</span> 
     </span>
    </p>
   </div>
   <div class='ocr_carea' id='block_1_7' title="bbox 181 283 973 320">
    <p class='ocr_par' dir='ltr' id='par_1_7' title="bbox 181 283 973 320">
     <span class='ocr_line' id='line_1_7' title="bbox 181 283 973 320; baseline -0.005 -7"><span class='ocrx_word' id='word_1_27' title='bbox 181 286 250 313; x_wconf 77' lang='grc' dir='ltr'><strong>ἀλλά</strong></span> <span class='ocrx_word' id='word_1_28' title='bbox 260 285 340 312; x_wconf 81' lang='grc' dir='ltr'><strong>λυπεῖ</strong></span> <span class='ocrx_word' id='word_1_29' title='bbox 352 285 386 312; x_wconf 81' lang='grc' dir='ltr'><strong>τὰ</strong></span> <span class='ocrx_word' id='word_1_30' title='bbox 399 284 559 320; x_wconf 85' lang='grc' dir='ltr'>λειπόμενα.</span> <span class='ocrx_word' id='word_1_31' title='bbox 574 283 613 310; x_wconf 78' lang='grc' dir='ltr'><strong>Οὐ</strong></span> <span class='ocrx_word' id='word_1_32' title='bbox 627 284 660 319; x_wconf 82' lang='grc' dir='ltr'><strong>τῇ</strong></span> <span class='ocrx_word' id='word_1_33' title='bbox 677 283 827 310; x_wconf 81' lang='grc' dir='ltr'><strong>ἀπολαύσει</strong></span> <span class='ocrx_word' id='word_1_34' title='bbox 840 283 894 310; x_wconf 88' lang='grc' dir='ltr'><strong>τῶν</strong></span> <span class='ocrx_word' id='word_1_35' title='bbox 909 291 973 309; x_wconf 87' lang='grc' dir='ltr'>συν-</span> 
     </span>
    </p>
   </div>
   <div class='ocr_carea' id='block_1_8' title="bbox 181 330 974 368">
    <p class='ocr_par' dir='ltr' id='par_1_8' title="bbox 181 330 974 368">
     <span class='ocr_line' id='line_1_8' title="bbox 181 330 974 368; baseline -0.006 -8"><span class='ocrx_word' id='word_1_36' title='bbox 181 331 322 368; x_wconf 81' lang='grc' dir='ltr'>αχθέντων</span> <span class='ocrx_word' id='word_1_37' title='bbox 349 330 492 367; x_wconf 83' lang='grc' dir='ltr'>προσέχει,</span> <span class='ocrx_word' id='word_1_38' title='bbox 513 330 572 357; x_wconf 83' lang='grc' dir='ltr'>ἀλλ’</span> <span class='ocrx_word' id='word_1_39' title='bbox 590 330 687 357; x_wconf 72' lang='grc' dir='ltr'>ἑαυτὸν</span> <span class='ocrx_word' id='word_1_40' title='bbox 703 330 844 365; x_wconf 70' lang='grc' dir='ltr'>ικδαπανᾷ</span> <span class='ocrx_word' id='word_1_41' title='bbox 862 330 896 365; x_wconf 86' lang='grc' dir='ltr'>τῇ</span> <span class='ocrx_word' id='word_1_42' title='bbox 911 330 974 356; x_wconf 82' lang='grc' dir='ltr'>ὲπι-</span> 
     </span>
    </p>
   </div>
   <div class='ocr_carea' id='block_1_9' title="bbox 183 373 973 413">
    <p class='ocr_par' dir='ltr' id='par_1_9' title="bbox 183 373 973 413">
     <span class='ocr_line' id='line_1_9' title="bbox 183 373 973 413; baseline -0.005 -8"><span class='ocrx_word' id='word_1_43' title='bbox 183 378 269 413; x_wconf 71' lang='grc' dir='ltr'>θυμία</span> <span class='ocrx_word' id='word_1_44' title='bbox 285 377 335 413; x_wconf 84' lang='grc' dir='ltr'>τῆς</span> <span class='ocrx_word' id='word_1_45' title='bbox 353 377 401 403; x_wconf 89' lang='grc' dir='ltr'><strong>τοῦ</strong></span> <span class='ocrx_word' id='word_1_46' title='bbox 415 375 539 408; x_wconf 86' lang='grc' dir='ltr'>πλείονος</span> <span class='ocrx_word' id='word_1_47' title='bbox 561 376 696 412; x_wconf 79' lang='grc' dir='ltr'>κτήσεως.</span> <span class='ocrx_word' id='word_1_48' title='bbox 720 373 788 402; x_wconf 75' lang='grc' dir='ltr'>Εἶτα</span> <span class='ocrx_word' id='word_1_49' title='bbox 813 374 973 410; x_wconf 85' lang='grc' dir='ltr'>ἀγρυπνίαι,</span> 
     </span>
    </p>
   </div>
   <div class='ocr_carea' id='block_1_10' title="bbox 183 420 975 458">
    <p class='ocr_par' dir='ltr' id='par_1_10' title="bbox 183 420 975 458">
     <span class='ocr_line' id='line_1_10' title="bbox 183 420 975 458; baseline -0.004 -8"><span class='ocrx_word' id='word_1_50' title='bbox 183 423 309 450; x_wconf 69' lang='grc' dir='ltr'>ἐντεῦθεν</span> <span class='ocrx_word' id='word_1_51' title='bbox 321 424 350 450; x_wconf 88' lang='grc' dir='ltr'>αἱ</span> <span class='ocrx_word' id='word_1_52' title='bbox 367 422 509 458; x_wconf 81' lang='grc' dir='ltr'><strong>μέριμναι,</strong></span> <span class='ocrx_word' id='word_1_53' title='bbox 521 422 569 449; x_wconf 78' lang='grc' dir='ltr'>καὶ</span> <span class='ocrx_word' id='word_1_54' title='bbox 583 423 612 449; x_wconf 77' lang='lat' dir='ltr'><strong>at</strong></span> <span class='ocrx_word' id='word_1_55' title='bbox 644 421 800 457; x_wconf 80' lang='grc' dir='ltr'><strong>φροντίδες·</strong></span> <span class='ocrx_word' id='word_1_56' title='bbox 814 421 877 448; x_wconf 81' lang='grc' dir='ltr'>ὅσον</span> <span class='ocrx_word' id='word_1_57' title='bbox 896 420 975 454; x_wconf 75' lang='grc' dir='ltr'>αὔξει</span> 
     </span>
    </p>
   </div>
   <div class='ocr_carea' id='block_1_11' title="bbox 183 467 974 506">
    <p class='ocr_par' dir='ltr' id='par_1_11' title="bbox 183 467 974 506">
     <span class='ocr_line' id='line_1_11' title="bbox 183 467 974 506; baseline -0.003 -10"><span class='ocrx_word' id='word_1_58' title='bbox 183 471 198 497; x_wconf 82' lang='grc' dir='ltr'>ὁ</span> <span class='ocrx_word' id='word_1_59' title='bbox 213 469 339 503; x_wconf 70' lang='grc' dir='ltr'>πλοῦτος,</span> <span class='ocrx_word' id='word_1_60' title='bbox 354 468 481 506; x_wconf 74' lang='grc' dir='ltr'>τοᾳοῦτον</span> <span class='ocrx_word' id='word_1_61' title='bbox 497 468 575 504; x_wconf 83' lang='grc' dir='ltr'>φέρει</span> <span class='ocrx_word' id='word_1_62' title='bbox 586 467 632 495; x_wconf 84' lang='grc' dir='ltr'><strong>τοῦ</strong></span> <span class='ocrx_word' id='word_1_63' title='bbox 645 467 703 503; x_wconf 80' lang='grc' dir='ltr'>βίου</span> <span class='ocrx_word' id='word_1_64' title='bbox 720 467 751 494; x_wconf 81' lang='grc' dir='ltr'>τὸ</span> <span class='ocrx_word' id='word_1_65' title='bbox 767 467 974 503; x_wconf 82' lang='grc' dir='ltr'>μεριμνητικόν.</span> 
     </span>
    </p>
   </div>
   <div class='ocr_carea' id='block_1_12' title="bbox 183 513 975 551">
    <p class='ocr_par' dir='ltr' id='par_1_12' title="bbox 183 513 975 551">
     <span class='ocr_line' id='line_1_12' title="bbox 183 513 975 551; baseline -0.004 -8"><span class='ocrx_word' id='word_1_66' title='bbox 183 514 321 551; x_wconf 75' lang='grc' dir='ltr'>Δικνιστὴς</span> <span class='ocrx_word' id='word_1_67' title='bbox 347 515 542 550; x_wconf 79' lang='grc' dir='ltr'><strong>προσδοκᾶται,</strong></span> <span class='ocrx_word' id='word_1_68' title='bbox 558 513 606 541; x_wconf 68' lang='grc' dir='ltr'>καί.</span> <span class='ocrx_word' id='word_1_69' title='bbox 624 514 639 540; x_wconf 85' lang='grc' dir='ltr'><strong>ό</strong></span> <span class='ocrx_word' id='word_1_70' title='bbox 653 513 820 549; x_wconf 78' lang='grc' dir='ltr'><strong>πλεονέκτης</strong></span> <span class='ocrx_word' id='word_1_71' title='bbox 844 521 975 548; x_wconf 75' lang='grc' dir='ltr'>περισκο-</span> 
     </span>
    </p>
   </div>
   <div class='ocr_carea' id='block_1_13' title="bbox 183 557 975 597">
    <p class='ocr_par' dir='ltr' id='par_1_13' title="bbox 183 557 975 597">
     <span class='ocr_line' id='line_1_13' title="bbox 183 557 975 597; baseline -0.004 -10"><span class='ocrx_word' id='word_1_72' title='bbox 183 562 231 587; x_wconf 76' lang='grc' dir='ltr'>πεῖ</span> <span class='ocrx_word' id='word_1_73' title='bbox 257 560 296 597; x_wconf 82' lang='grc' dir='ltr'>μὴ</span> <span class='ocrx_word' id='word_1_74' title='bbox 325 561 365 592; x_wconf 89' lang='grc' dir='ltr'><strong>είς</strong></span> <span class='ocrx_word' id='word_1_75' title='bbox 390 560 554 595; x_wconf 81' lang='grc' dir='ltr'>δικαστήρια</span> <span class='ocrx_word' id='word_1_76' title='bbox 579 560 733 595; x_wconf 83' lang='grc' dir='ltr'>κατασυρῇ,</span> <span class='ocrx_word' id='word_1_77' title='bbox 753 558 790 594; x_wconf 89' lang='grc' dir='ltr'>μὴ</span> <span class='ocrx_word' id='word_1_78' title='bbox 812 558 930 594; x_wconf 83' lang='grc' dir='ltr'>ὀρφανὸς</span> <span class='ocrx_word' id='word_1_79' title='bbox 945 557 975 585; x_wconf 78' lang='grc' dir='ltr'>τὸ</span> 
     </span>
    </p>
   </div>
   <div class='ocr_carea' id='block_1_14' title="bbox 182 605 976 643">
    <p class='ocr_par' dir='ltr' id='par_1_14' title="bbox 182 605 976 643">
     <span class='ocr_line' id='line_1_14' title="bbox 182 605 976 643; baseline -0.004 -9"><span class='ocrx_word' id='word_1_80' title='bbox 182 607 301 643; x_wconf 70' lang='grc' dir='ltr'>δάκρυον</span> <span class='ocrx_word' id='word_1_81' title='bbox 323 606 407 634; x_wconf 83' lang='grc' dir='ltr'>αὑτοῦ</span> <span class='ocrx_word' id='word_1_82' title='bbox 434 607 481 633; x_wconf 72' lang='grc' dir='ltr'><strong>ἐπὶ</strong></span> <span class='ocrx_word' id='word_1_83' title='bbox 507 606 686 642; x_wconf 84' lang='grc' dir='ltr'><strong>δικαστηρίου</strong></span> <span class='ocrx_word' id='word_1_84' title='bbox 712 605 892 642; x_wconf 49' lang='grc' dir='ltr'>δημοσιεύψ.</span> <span class='ocrx_word' id='word_1_85' title='bbox 909 606 976 631; x_wconf 87' lang='grc' dir='ltr'>Βου-</span> 
     </span>
    </p>
   </div>
   <div class='ocr_carea' id='block_1_15' title="bbox 183 651 975 688">
    <p class='ocr_par' dir='ltr' id='par_1_15' title="bbox 183 651 975 688">
     <span class='ocr_line' id='line_1_15' title="bbox 183 651 975 688; baseline -0.003 -8"><span class='ocrx_word' id='word_1_86' title='bbox 183 653 291 681; x_wconf 81' lang='grc' dir='ltr'>λεύεται</span> <span class='ocrx_word' id='word_1_87' title='bbox 310 654 339 681; x_wconf 76' lang='grc' dir='ltr'>ὲν</span> <span class='ocrx_word' id='word_1_88' title='bbox 353 653 442 685; x_wconf 76' lang='grc' dir='ltr'>νυκτὶ,</span> <span class='ocrx_word' id='word_1_89' title='bbox 457 653 532 684; x_wconf 83' lang='grc' dir='ltr'>τινας</span> <span class='ocrx_word' id='word_1_90' title='bbox 550 652 605 679; x_wconf 81' lang='grc' dir='ltr'>τῶν</span> <span class='ocrx_word' id='word_1_91' title='bbox 629 652 736 688; x_wconf 86' lang='grc' dir='ltr'>πικρῶν</span> <span class='ocrx_word' id='word_1_92' title='bbox 753 651 910 688; x_wconf 85' lang='grc' dir='ltr'>συνηγόρων</span> <span class='ocrx_word' id='word_1_93' title='bbox 922 660 975 678; x_wconf 77' lang='grc' dir='ltr'><strong>παο</strong></span> 
     </span>
    </p>
   </div>
   <div class='ocr_carea' id='block_1_16' title="bbox 185 697 976 736">
    <p class='ocr_par' dir='ltr' id='par_1_16' title="bbox 185 697 976 736">
     <span class='ocr_line' id='line_1_16' title="bbox 185 697 976 736; baseline -0.004 -9"><span class='ocrx_word' id='word_1_94' title='bbox 185 701 326 736; x_wconf 79' lang='grc' dir='ltr'>ραστήσει,</span> <span class='ocrx_word' id='word_1_95' title='bbox 343 699 386 726; x_wconf 73' lang='grc' dir='ltr'>ενα</span> <span class='ocrx_word' id='word_1_96' title='bbox 400 699 508 735; x_wconf 75' lang='grc' dir='ltr'><strong>ψευδεῖς</strong></span> <span class='ocrx_word' id='word_1_97' title='bbox 525 700 677 735; x_wconf 80' lang='grc' dir='ltr'><strong>μαρτυρίας</strong></span> <span class='ocrx_word' id='word_1_98' title='bbox 694 697 976 735; x_wconf 81' lang='grc' dir='ltr'>ὲκμισοώσηται,πῶς</span> 
     </span>
    </p>
   </div>
   <div class='ocr_carea' id='block_1_17' title="bbox 184 743 975 781">
    <p class='ocr_par' dir='ltr' id='par_1_17' title="bbox 184 743 975 781">
     <span class='ocr_line' id='line_1_17' title="bbox 184 743 975 781; baseline -0.005 -8"><span class='ocrx_word' id='word_1_99' title='bbox 184 745 395 781; x_wconf 74' lang='grc' dir='ltr'>ἑκπολιορκήσει</span> <span class='ocrx_word' id='word_1_100' title='bbox 417 745 462 771; x_wconf 80' lang='grc' dir='ltr'><strong>τὸν</strong></span> <span class='ocrx_word' id='word_1_101' title='bbox 485 745 515 771; x_wconf 75' lang='grc' dir='ltr'>ἐν</span> <span class='ocrx_word' id='word_1_102' title='bbox 540 744 657 780; x_wconf 74' lang='grc' dir='ltr'>ἐρημίᾳ,</span> <span class='ocrx_word' id='word_1_103' title='bbox 675 743 926 770; x_wconf 82' lang='grc' dir='ltr'>καταδυναστεύσει</span> <span class='ocrx_word' id='word_1_104' title='bbox 946 743 975 769; x_wconf 81' lang='grc' dir='ltr'>δὲ</span> 
     </span>
    </p>
   </div>
   <div class='ocr_carea' id='block_1_18' title="bbox 183 787 974 826">
    <p class='ocr_par' dir='ltr' id='par_1_18' title="bbox 183 787 974 826">
     <span class='ocr_line' id='line_1_18' title="bbox 183 787 974 826; baseline -0.004 -9"><span class='ocrx_word' id='word_1_105' title='bbox 183 790 291 823; x_wconf 84' lang='grc' dir='ltr'>τούτου,</span> <span class='ocrx_word' id='word_1_106' title='bbox 317 791 365 817; x_wconf 78' lang='grc' dir='ltr'>καὶ</span> <span class='ocrx_word' id='word_1_107' title='bbox 390 792 419 818; x_wconf 77' lang='grc' dir='ltr'>ὲν</span> <span class='ocrx_word' id='word_1_108' title='bbox 441 790 611 826; x_wconf 70' lang='grc' dir='ltr'>δικαστηρίῳ</span> <span class='ocrx_word' id='word_1_109' title='bbox 631 789 680 825; x_wconf 79' lang='grc' dir='ltr'><strong>τὴν</strong></span> <span class='ocrx_word' id='word_1_110' title='bbox 700 788 831 824; x_wconf 82' lang='grc' dir='ltr'>ἀλήθειαν</span> <span class='ocrx_word' id='word_1_111' title='bbox 860 787 974 823; x_wconf 75' lang='grc' dir='ltr'>κλέψας,</span> 
     </span>
    </p>
   </div>
   <div class='ocr_carea' id='block_1_19' title="bbox 184 835 976 873">
    <p class='ocr_par' dir='ltr' id='par_1_19' title="bbox 184 835 976 873">
     <span class='ocr_line' id='line_1_19' title="bbox 184 835 976 873; baseline -0.005 -8"><span class='ocrx_word' id='word_1_112' title='bbox 184 837 358 873; x_wconf 79' lang='grc' dir='ltr'><strong>ἀμφοτέρους</strong></span> <span class='ocrx_word' id='word_1_113' title='bbox 372 837 401 864; x_wconf 82' lang='grc' dir='ltr'>δὲ</span> <span class='ocrx_word' id='word_1_114' title='bbox 426 836 572 869; x_wconf 80' lang='grc' dir='ltr'>ἀναλώσει,</span> <span class='ocrx_word' id='word_1_115' title='bbox 597 836 645 862; x_wconf 72' lang='grc' dir='ltr'>καὶ</span> <span class='ocrx_word' id='word_1_116' title='bbox 671 835 716 862; x_wconf 74' lang='grc' dir='ltr'><strong>τὸν</strong></span> <span class='ocrx_word' id='word_1_117' title='bbox 734 835 864 870; x_wconf 70' lang='grc' dir='ltr'>δικαστὴν</span> <span class='ocrx_word' id='word_1_118' title='bbox 889 843 976 870; x_wconf 87' lang='grc' dir='ltr'>παρα-</span> 
     </span>
    </p>
   </div>
   <div class='ocr_carea' id='block_1_20' title="bbox 1025 234 1821 272">
    <p class='ocr_par' dir='ltr' id='par_1_20' title="bbox 1025 234 1821 272">
     <span class='ocr_line' id='line_1_20' title="bbox 1025 234 1821 272; baseline 0.001 -9"><span class='ocrx_word' id='word_1_119' title='bbox 1025 242 1087 263; x_wconf 74' lang='lat' dir='ltr'><strong>Sum</strong></span> <span class='ocrx_word' id='word_1_120' title='bbox 1103 235 1155 262; x_wconf 77' lang='lat' dir='ltr'><strong>sibi</strong></span> <span class='ocrx_word' id='word_1_121' title='bbox 1171 235 1243 262; x_wconf 87' lang='lat' dir='ltr'><strong>bona</strong></span> <span class='ocrx_word' id='word_1_122' title='bbox 1261 235 1394 262; x_wconf 83' lang='lat' dir='ltr'><strong>vindicat.</strong></span> <span class='ocrx_word' id='word_1_123' title='bbox 1411 234 1470 263; x_wconf 87' lang='lat' dir='ltr'><strong>Non</strong></span> <span class='ocrx_word' id='word_1_124' title='bbox 1487 244 1518 264; x_wconf 89' lang='lat' dir='ltr'><strong>ea</strong></span> <span class='ocrx_word' id='word_1_125' title='bbox 1533 244 1594 271; x_wconf 66' lang='lat' dir='ltr'><strong>qua:</strong></span> <span class='ocrx_word' id='word_1_126' title='bbox 1617 244 1632 264; x_wconf 89' lang='lat' dir='ltr'><strong>a</strong></span> <span class='ocrx_word' id='word_1_127' title='bbox 1657 243 1736 272; x_wconf 72' lang='lat' dir='ltr'><strong>tergo</strong></span> <span class='ocrx_word' id='word_1_128' title='bbox 1756 243 1821 266; x_wconf 79' lang='lat' dir='ltr'><strong>sunt</strong></span> 
     </span>
    </p>
   </div>
   <div class='ocr_carea' id='block_1_21' title="bbox 1026 281 1819 320">
    <p class='ocr_par' dir='ltr' id='par_1_21' title="bbox 1026 281 1819 320">
     <span class='ocr_line' id='line_1_21' title="bbox 1026 281 1819 320; baseline 0.005 -13"><span class='ocrx_word' id='word_1_129' title='bbox 1026 281 1172 316; x_wconf 85' lang='lat' dir='ltr'><strong>prospicit,</strong></span> <span class='ocrx_word' id='word_1_130' title='bbox 1191 281 1241 308; x_wconf 86' lang='lat' dir='ltr'><strong>sed</strong></span> <span class='ocrx_word' id='word_1_131' title='bbox 1265 281 1301 308; x_wconf 90' lang='lat' dir='ltr'><strong>ob</strong></span> <span class='ocrx_word' id='word_1_132' title='bbox 1320 288 1353 308; x_wconf 88' lang='lat' dir='ltr'><strong>ea</strong></span> <span class='ocrx_word' id='word_1_133' title='bbox 1376 289 1438 317; x_wconf 81' lang='lat' dir='ltr'><strong>quae</strong></span> <span class='ocrx_word' id='word_1_134' title='bbox 1459 282 1550 310; x_wconf 87' lang='lat' dir='ltr'><strong>adhuc</strong></span> <span class='ocrx_word' id='word_1_135' title='bbox 1565 286 1672 310; x_wconf 81' lang='lat' dir='ltr'><strong>restant</strong></span> <span class='ocrx_word' id='word_1_136' title='bbox 1699 284 1819 320; x_wconf 76' lang='lat' dir='ltr'><strong>angitur.</strong></span> 
     </span>
    </p>
   </div>
   <div class='ocr_carea' id='block_1_22' title="bbox 1024 325 1820 362">
    <p class='ocr_par' dir='ltr' id='par_1_22' title="bbox 1024 325 1820 362">
     <span class='ocr_line' id='line_1_22' title="bbox 1024 325 1820 362; baseline 0.004 -9"><span class='ocrx_word' id='word_1_137' title='bbox 1024 325 1085 354; x_wconf 87' lang='lat' dir='ltr'><strong>Non</strong></span> <span class='ocrx_word' id='word_1_138' title='bbox 1100 326 1231 357; x_wconf 83' lang='lat' dir='ltr'><strong>collectas</strong></span> <span class='ocrx_word' id='word_1_139' title='bbox 1250 325 1397 355; x_wconf 78' lang='lat' dir='ltr'><strong>facultates</strong></span> <span class='ocrx_word' id='word_1_140' title='bbox 1413 327 1515 362; x_wconf 83' lang='lat' dir='ltr'><strong>quibus</strong></span> <span class='ocrx_word' id='word_1_141' title='bbox 1531 328 1633 356; x_wconf 80' lang='lat' dir='ltr'><strong>fruitur</strong></span> <span class='ocrx_word' id='word_1_142' title='bbox 1651 330 1820 361; x_wconf 81' lang='lat' dir='ltr'><strong>considerat,</strong></span> 
     </span>
    </p>
   </div>
   <div class='ocr_carea' id='block_1_23' title="bbox 1025 372 1821 410">
    <p class='ocr_par' dir='ltr' id='par_1_23' title="bbox 1025 372 1821 410">
     <span class='ocr_line' id='line_1_23' title="bbox 1025 372 1821 410; baseline 0.006 -12"><span class='ocrx_word' id='word_1_143' title='bbox 1025 372 1074 401; x_wconf 86' lang='lat' dir='ltr'><strong>sed</strong></span> <span class='ocrx_word' id='word_1_144' title='bbox 1100 373 1266 408; x_wconf 83' lang='lat' dir='ltr'><strong>ampliorum</strong></span> <span class='ocrx_word' id='word_1_145' title='bbox 1298 373 1450 408; x_wconf 86' lang='lat' dir='ltr'><strong>cupiditate</strong></span> <span class='ocrx_word' id='word_1_146' title='bbox 1476 374 1599 410; x_wconf 85' lang='lat' dir='ltr'><strong>seipsum</strong></span> <span class='ocrx_word' id='word_1_147' title='bbox 1624 376 1725 407; x_wconf 73' lang='lat' dir='ltr'><strong>exedit.</strong></span> <span class='ocrx_word' id='word_1_148' title='bbox 1751 375 1821 403; x_wconf 85' lang='lat' dir='ltr'><strong>Hinc</strong></span> 
     </span>
    </p>
   </div>
   <div class='ocr_carea' id='block_1_24' title="bbox 1024 419 1818 452">
    <p class='ocr_par' dir='ltr' id='par_1_24' title="bbox 1024 419 1818 452">
     <span class='ocr_line' id='line_1_24' title="bbox 1024 419 1818 452; baseline 0.004 -5"><span class='ocrx_word' id='word_1_149' title='bbox 1024 423 1122 447; x_wconf 85' lang='lat' dir='ltr'><strong>noctes</strong></span> <span class='ocrx_word' id='word_1_150' title='bbox 1145 419 1299 451; x_wconf 82' lang='lat' dir='ltr'><strong>insomnes,</strong></span> <span class='ocrx_word' id='word_1_151' title='bbox 1322 419 1388 447; x_wconf 87' lang='lat' dir='ltr'><strong>hinc</strong></span> <span class='ocrx_word' id='word_1_152' title='bbox 1403 427 1495 452; x_wconf 65' lang='lat' dir='ltr'><strong>curas.</strong></span> <span class='ocrx_word' id='word_1_153' title='bbox 1520 421 1585 448; x_wconf 90' lang='lat' dir='ltr'><strong>hinc</strong></span> <span class='ocrx_word' id='word_1_154' title='bbox 1607 422 1818 450; x_wconf 78' lang='lat' dir='ltr'><strong>sollicitudines.</strong></span> 
     </span>
    </p>
   </div>
   <div class='ocr_carea' id='block_1_25' title="bbox 1026 465 1820 501">
    <p class='ocr_par' dir='ltr' id='par_1_25' title="bbox 1026 465 1820 501">
     <span class='ocr_line' id='line_1_25' title="bbox 1026 465 1820 501; baseline 0.004 -9"><span class='ocrx_word' id='word_1_155' title='bbox 1026 465 1167 499; x_wconf 86' lang='lat' dir='ltr'><strong>Quantum</strong></span> <span class='ocrx_word' id='word_1_156' title='bbox 1179 465 1283 493; x_wconf 65' lang='lat' dir='ltr'><strong>divitiae</strong></span> <span class='ocrx_word' id='word_1_157' title='bbox 1296 470 1442 501; x_wconf 70' lang='lat' dir='ltr'><strong>augentur,</strong></span> <span class='ocrx_word' id='word_1_158' title='bbox 1454 470 1561 494; x_wconf 88' lang='lat' dir='ltr'><strong>tantum</strong></span> <span class='ocrx_word' id='word_1_159' title='bbox 1575 471 1603 495; x_wconf 88' lang='lat' dir='ltr'><strong>et</strong></span> <span class='ocrx_word' id='word_1_160' title='bbox 1612 469 1704 497; x_wconf 85' lang='lat' dir='ltr'><strong>victus</strong></span> <span class='ocrx_word' id='word_1_161' title='bbox 1716 469 1820 497; x_wconf 80' lang='lat' dir='ltr'><strong>crescit</strong></span> 
     </span>
    </p>
   </div>
   <div class='ocr_carea' id='block_1_26' title="bbox 1027 510 1821 547">
    <p class='ocr_par' dir='ltr' id='par_1_26' title="bbox 1027 510 1821 547">
     <span class='ocr_line' id='line_1_26' title="bbox 1027 510 1821 547; baseline 0.004 -9"><span class='ocrx_word' id='word_1_162' title='bbox 1027 518 1104 538; x_wconf 89' lang='lat' dir='ltr'><strong>cura.</strong></span> <span class='ocrx_word' id='word_1_163' title='bbox 1119 510 1207 539; x_wconf 81' lang='lat' dir='ltr'><strong>Judex</strong></span> <span class='ocrx_word' id='word_1_164' title='bbox 1222 513 1418 547; x_wconf 73' lang='lat' dir='ltr'><strong>exspectatur?</strong></span> <span class='ocrx_word' id='word_1_165' title='bbox 1438 513 1546 541; x_wconf 81' lang='lat' dir='ltr'><strong>Avarus</strong></span> <span class='ocrx_word' id='word_1_166' title='bbox 1564 513 1630 541; x_wconf 88' lang='lat' dir='ltr'><strong>hinc</strong></span> <span class='ocrx_word' id='word_1_167' title='bbox 1645 514 1710 542; x_wconf 85' lang='lat' dir='ltr'><strong>inde</strong></span> <span class='ocrx_word' id='word_1_168' title='bbox 1728 519 1821 543; x_wconf 83' lang='lat' dir='ltr'><strong>versat</strong></span> 
     </span>
    </p>
   </div>
   <div class='ocr_carea' id='block_1_27' title="bbox 1027 557 1821 596">
    <p class='ocr_par' dir='ltr' id='par_1_27' title="bbox 1027 557 1821 596">
     <span class='ocr_line' id='line_1_27' title="bbox 1027 557 1821 596; baseline 0.005 -12"><span class='ocrx_word' id='word_1_169' title='bbox 1027 557 1135 591; x_wconf 80' lang='lat' dir='ltr'><strong>oculos,</strong></span> <span class='ocrx_word' id='word_1_170' title='bbox 1159 561 1286 585; x_wconf 80' lang='lat' dir='ltr'><strong>metuens</strong></span> <span class='ocrx_word' id='word_1_171' title='bbox 1307 565 1343 586; x_wconf 88' lang='lat' dir='ltr'><strong>ne</strong></span> <span class='ocrx_word' id='word_1_172' title='bbox 1364 559 1392 586; x_wconf 93' lang='lat' dir='ltr'><strong>in</strong></span> <span class='ocrx_word' id='word_1_173' title='bbox 1414 559 1459 594; x_wconf 91' lang='lat' dir='ltr'><strong>jus</strong></span> <span class='ocrx_word' id='word_1_174' title='bbox 1481 560 1619 591; x_wconf 81' lang='lat' dir='ltr'><strong>trahatur.</strong></span> <span class='ocrx_word' id='word_1_175' title='bbox 1642 568 1676 588; x_wconf 88' lang='lat' dir='ltr'><strong>ac</strong></span> <span class='ocrx_word' id='word_1_176' title='bbox 1701 562 1821 596; x_wconf 84' lang='lat' dir='ltr'><strong>pupillus</strong></span> 
     </span>
    </p>
   </div>
   <div class='ocr_carea' id='block_1_28' title="bbox 1026 603 1820 641">
    <p class='ocr_par' dir='ltr' id='par_1_28' title="bbox 1026 603 1820 641">
     <span class='ocr_line' id='line_1_28' title="bbox 1026 603 1820 641; baseline 0.005 -10"><span class='ocrx_word' id='word_1_177' title='bbox 1026 603 1164 640; x_wconf 86' lang='lat' dir='ltr'><strong>lacrymas</strong></span> <span class='ocrx_word' id='word_1_178' title='bbox 1180 604 1269 639; x_wconf 87' lang='lat' dir='ltr'><strong>palam</strong></span> <span class='ocrx_word' id='word_1_179' title='bbox 1284 611 1379 632; x_wconf 88' lang='lat' dir='ltr'><strong>coram</strong></span> <span class='ocrx_word' id='word_1_180' title='bbox 1401 605 1533 632; x_wconf 85' lang='lat' dir='ltr'><strong>tribunali</strong></span> <span class='ocrx_word' id='word_1_181' title='bbox 1555 606 1715 641; x_wconf 79' lang='lat' dir='ltr'><strong>profundat.</strong></span> <span class='ocrx_word' id='word_1_182' title='bbox 1732 607 1820 635; x_wconf 79' lang='lat' dir='ltr'><strong>Noctu</strong></span> 
     </span>
    </p>
   </div>
   <div class='ocr_carea' id='block_1_29' title="bbox 1026 651 1820 687">
    <p class='ocr_par' dir='ltr' id='par_1_29' title="bbox 1026 651 1820 687">
     <span class='ocr_line' id='line_1_29' title="bbox 1026 651 1820 687; baseline 0.005 -9"><span class='ocrx_word' id='word_1_183' title='bbox 1026 651 1132 685; x_wconf 76' lang='lat' dir='ltr'><strong>cogitat</strong></span> <span class='ocrx_word' id='word_1_184' title='bbox 1141 658 1212 686; x_wconf 89' lang='lat' dir='ltr'><strong>quos</strong></span> <span class='ocrx_word' id='word_1_185' title='bbox 1225 651 1376 679; x_wconf 84' lang='lat' dir='ltr'><strong>crudelitas</strong></span> <span class='ocrx_word' id='word_1_186' title='bbox 1397 655 1529 686; x_wconf 83' lang='lat' dir='ltr'><strong>patronos</strong></span> <span class='ocrx_word' id='word_1_187' title='bbox 1550 653 1690 687; x_wconf 89' lang='lat' dir='ltr'><strong>adhibeat,</strong></span> <span class='ocrx_word' id='word_1_188' title='bbox 1705 658 1734 681; x_wconf 91' lang='lat' dir='ltr'><strong>ut</strong></span> <span class='ocrx_word' id='word_1_189' title='bbox 1753 654 1820 682; x_wconf 84' lang='lat' dir='ltr'><strong>falsa</strong></span> 
     </span>
    </p>
   </div>
   <div class='ocr_carea' id='block_1_30' title="bbox 1028 697 1820 735">
    <p class='ocr_par' dir='ltr' id='par_1_30' title="bbox 1028 697 1820 735">
     <span class='ocr_line' id='line_1_30' title="bbox 1028 697 1820 735; baseline 0.005 -11"><span class='ocrx_word' id='word_1_190' title='bbox 1028 697 1187 725; x_wconf 89' lang='lat' dir='ltr'><strong>testimonia</strong></span> <span class='ocrx_word' id='word_1_191' title='bbox 1202 699 1291 733; x_wconf 88' lang='lat' dir='ltr'><strong>pretio</strong></span> <span class='ocrx_word' id='word_1_192' title='bbox 1306 697 1454 732; x_wconf 85' lang='lat' dir='ltr'><strong>conducat,</strong></span> <span class='ocrx_word' id='word_1_193' title='bbox 1470 706 1527 734; x_wconf 92' lang='lat' dir='ltr'><strong>quo</strong></span> <span class='ocrx_word' id='word_1_194' title='bbox 1545 698 1629 735; x_wconf 59' lang='lat'><strong>‘90</strong></span> <span class='ocrx_word' id='word_1_195' title='bbox 1648 704 1728 734; x_wconf 87' lang='lat' dir='ltr'><strong>pacto</strong></span> <span class='ocrx_word' id='word_1_196' title='bbox 1744 701 1820 728; x_wconf 90' lang='lat' dir='ltr'><strong>illum</strong></span> 
     </span>
    </p>
   </div>
   <div class='ocr_carea' id='block_1_31' title="bbox 1027 742 1821 782">
    <p class='ocr_par' dir='ltr' id='par_1_31' title="bbox 1027 742 1821 782">
     <span class='ocr_line' id='line_1_31' title="bbox 1027 742 1821 782; baseline 0.006 -13"><span class='ocrx_word' id='word_1_197' title='bbox 1027 742 1075 777; x_wconf 85' lang='lat' dir='ltr'><strong>qui</strong></span> <span class='ocrx_word' id='word_1_198' title='bbox 1092 743 1235 772; x_wconf 84' lang='lat' dir='ltr'><strong>desolatus</strong></span> <span class='ocrx_word' id='word_1_199' title='bbox 1259 747 1303 772; x_wconf 89' lang='lat' dir='ltr'><strong>est</strong></span> <span class='ocrx_word' id='word_1_200' title='bbox 1326 748 1481 780; x_wconf 76' lang='lat' dir='ltr'><strong>expugnet,</strong></span> <span class='ocrx_word' id='word_1_201' title='bbox 1510 744 1640 780; x_wconf 83' lang='lat' dir='ltr'><strong>huueque</strong></span> <span class='ocrx_word' id='word_1_202' title='bbox 1664 746 1692 773; x_wconf 89' lang='lat' dir='ltr'><strong>in</strong></span> <span class='ocrx_word' id='word_1_203' title='bbox 1716 746 1821 782; x_wconf 80' lang='lat' dir='ltr'><strong>judicio</strong></span> 
     </span>
    </p>
   </div>
   <div class='ocr_carea' id='block_1_32' title="bbox 1028 787 1821 824">
    <p class='ocr_par' dir='ltr' id='par_1_32' title="bbox 1028 787 1821 824">
     <span class='ocr_line' id='line_1_32' title="bbox 1028 787 1821 824; baseline 0.005 -9"><span class='ocrx_word' id='word_1_204' title='bbox 1028 787 1160 823; x_wconf 87' lang='lat' dir='ltr'><strong>subrepta</strong></span> <span class='ocrx_word' id='word_1_205' title='bbox 1176 788 1293 818; x_wconf 83' lang='lat' dir='ltr'><strong>veritate</strong></span> <span class='ocrx_word' id='word_1_206' title='bbox 1306 790 1453 824; x_wconf 86' lang='lat' dir='ltr'><strong>opprimat,</strong></span> <span class='ocrx_word' id='word_1_207' title='bbox 1472 797 1504 818; x_wconf 86' lang='lat' dir='ltr'><strong>ac</strong></span> <span class='ocrx_word' id='word_1_208' title='bbox 1525 790 1609 818; x_wconf 82' lang='lat' dir='ltr'><strong>simul</strong></span> <span class='ocrx_word' id='word_1_209' title='bbox 1625 791 1720 818; x_wconf 85' lang='lat' dir='ltr'><strong>ambos</strong></span> <span class='ocrx_word' id='word_1_210' title='bbox 1735 792 1821 819; x_wconf 81' lang='lat' dir='ltr'><strong>absu-</strong></span> 
     </span>
    </p>
   </div>
   <div class='ocr_carea' id='block_1_33' title="bbox 1028 833 1821 871">
    <p class='ocr_par' dir='ltr' id='par_1_33' title="bbox 1028 833 1821 871">
     <span class='ocr_line' id='line_1_33' title="bbox 1028 833 1821 871; baseline 0.004 -10"><span class='ocrx_word' id='word_1_211' title='bbox 1028 839 1096 867; x_wconf 79' lang='lat' dir='ltr'><strong>mat,</strong></span> <span class='ocrx_word' id='word_1_212' title='bbox 1109 833 1204 869; x_wconf 85' lang='lat' dir='ltr'><strong>judice</strong></span> <span class='ocrx_word' id='word_1_213' title='bbox 1218 834 1349 862; x_wconf 82' lang='lat' dir='ltr'><strong>nimirum</strong></span> <span class='ocrx_word' id='word_1_214' title='bbox 1365 834 1492 870; x_wconf 86' lang='lat' dir='ltr'><strong>decepto,</strong></span> <span class='ocrx_word' id='word_1_215' title='bbox 1510 840 1538 863; x_wconf 89' lang='lat' dir='ltr'><strong>ct</strong></span> <span class='ocrx_word' id='word_1_216' title='bbox 1557 842 1643 871; x_wconf 89' lang='lat' dir='ltr'><strong>puero</strong></span> <span class='ocrx_word' id='word_1_217' title='bbox 1659 836 1739 864; x_wconf 85' lang='lat' dir='ltr'><strong>bonis</strong></span> <span class='ocrx_word' id='word_1_218' title='bbox 1755 844 1821 871; x_wconf 88' lang='lat' dir='ltr'><strong>spo-</strong></span> 
     </span>
    </p>
   </div>
   <div class='ocr_carea' id='block_1_34' title="bbox 185 866 979 920">
    <p class='ocr_par' dir='ltr' id='par_1_34' title="bbox 185 866 978 920">
     <span class='ocr_line' id='line_1_34' title="bbox 185 866 978 920; baseline -0.006 -8"><span class='ocrx_word' id='word_1_219' title='bbox 185 866 385 920; x_wconf 61' lang='grc' dir='ltr'>κροῦσάμενος,</span> <span class='ocrx_word' id='word_1_220' title='bbox 400 883 449 910; x_wconf 77' lang='grc' dir='ltr'>καὶ</span> <span class='ocrx_word' id='word_1_221' title='bbox 472 883 503 909; x_wconf 71' lang='grc' dir='ltr'>τὸ</span> <span class='ocrx_word' id='word_1_222' title='bbox 527 866 625 918; x_wconf 75' lang='grc' dir='ltr'>νήπιον</span> <span class='ocrx_word' id='word_1_223' title='bbox 654 866 866 917; x_wconf 73' lang='grc' dir='ltr'>πλεονεκτήσας.</span> <span class='ocrx_word' id='word_1_224' title='bbox 891 866 978 908; x_wconf 50' lang='lat' dir='ltr'><strong>Abeat</strong></span> 
     </span>
    </p>
   </div>
   <div class='ocr_carea' id='block_1_35' title="bbox 1030 866 1822 920">
    <p class='ocr_par' dir='ltr' id='par_1_35' title="bbox 1030 879 1822 910">
     <span class='ocr_line' id='line_1_35' title="bbox 1030 879 1822 910; baseline 0.005 -4"><span class='ocrx_word' id='word_1_225' title='bbox 1030 879 1109 907; x_wconf 91' lang='lat' dir='ltr'><strong>liato.</strong></span> <span class='ocrx_word' id='word_1_226' title='bbox 1127 879 1176 906; x_wconf 75' lang='lat' dir='ltr'><strong>llis</strong></span> <span class='ocrx_word' id='word_1_227' title='bbox 1187 879 1263 907; x_wconf 88' lang='lat' dir='ltr'><strong>curis</strong></span> <span class='ocrx_word' id='word_1_228' title='bbox 1281 880 1356 908; x_wconf 84' lang='lat' dir='ltr'><strong>avari</strong></span> <span class='ocrx_word' id='word_1_229' title='bbox 1375 880 1485 910; x_wconf 85' lang='lat' dir='ltr'><strong>animus</strong></span> <span class='ocrx_word' id='word_1_230' title='bbox 1503 881 1660 910; x_wconf 76' lang='lat' dir='ltr'><strong>conficitur.</strong></span> <span class='ocrx_word' id='word_1_231' title='bbox 1678 882 1762 910; x_wconf 86' lang='lat' dir='ltr'><strong>Canis</strong></span> <span class='ocrx_word' id='word_1_232' title='bbox 1783 882 1822 910; x_wconf 89' lang='lat' dir='ltr'><strong>la-</strong></span> 
     </span>
    </p>
   </div>
   <div class='ocr_carea' id='block_1_36' title="bbox 185 927 976 965">
    <p class='ocr_par' dir='ltr' id='par_1_36' title="bbox 185 927 976 965">
     <span class='ocr_line' id='line_1_36' title="bbox 185 927 976 965; baseline -0.003 -8"><span class='ocrx_word' id='word_1_233' title='bbox 185 931 214 957; x_wconf 79' lang='grc' dir='ltr'><strong>αί</strong></span> <span class='ocrx_word' id='word_1_234' title='bbox 229 930 360 965; x_wconf 78' lang='grc' dir='ltr'>μέριμναι</span> <span class='ocrx_word' id='word_1_235' title='bbox 375 929 518 957; x_wconf 84' lang='grc' dir='ltr'>δαπανῶσι</span> <span class='ocrx_word' id='word_1_236' title='bbox 540 928 588 956; x_wconf 86' lang='grc' dir='ltr'><strong>τοῦ</strong></span> <span class='ocrx_word' id='word_1_237' title='bbox 615 927 778 955; x_wconf 80' lang='grc' dir='ltr'>πλεονέκτου</span> <span class='ocrx_word' id='word_1_238' title='bbox 801 929 851 963; x_wconf 85' lang='grc' dir='ltr'>τὴν</span> <span class='ocrx_word' id='word_1_239' title='bbox 875 927 976 962; x_wconf 76' lang='grc' dir='ltr'>ψυχήν.</span> 
     </span>
    </p>
   </div>
   <div class='ocr_carea' id='block_1_37' title="bbox 186 971 977 1010">
    <p class='ocr_par' dir='ltr' id='par_1_37' title="bbox 186 971 977 1010">
     <span class='ocr_line' id='line_1_37' title="bbox 186 971 977 1010; baseline -0.001 -7"><span class='ocrx_word' id='word_1_240' title='bbox 186 977 269 1003; x_wconf 76' lang='grc' dir='ltr'>Κύων</span> <span class='ocrx_word' id='word_1_241' title='bbox 282 976 408 1009; x_wconf 58' lang='lat' dir='ltr'><strong>blateret;</strong></span> <span class='ocrx_word' id='word_1_242' title='bbox 423 976 471 1002; x_wconf 79' lang='grc' dir='ltr'>καὶ</span> <span class='ocrx_word' id='word_1_243' title='bbox 480 976 494 1002; x_wconf 82' lang='grc' dir='ltr'>ὁ</span> <span class='ocrx_word' id='word_1_244' title='bbox 507 975 636 1007; x_wconf 76' lang='grc' dir='ltr'>πλούσιος</span> <span class='ocrx_word' id='word_1_245' title='bbox 649 974 756 1010; x_wconf 79' lang='grc' dir='ltr'>νομίζει</span> <span class='ocrx_word' id='word_1_246' title='bbox 768 974 888 1010; x_wconf 83' lang='grc' dir='ltr'>κλέπτην</span> <span class='ocrx_word' id='word_1_247' title='bbox 896 971 977 1002; x_wconf 74' lang='grc' dir='ltr'>εἶναι.</span> 
     </span>
    </p>
   </div>
   <div class='ocr_carea' id='block_1_38' title="bbox 185 1020 978 1057">
    <p class='ocr_par' dir='ltr' id='par_1_38' title="bbox 185 1020 978 1057">
     <span class='ocr_line' id='line_1_38' title="bbox 185 1020 978 1057; baseline -0.003 -8"><span class='ocrx_word' id='word_1_248' title='bbox 185 1022 262 1054; x_wconf 84' lang='grc' dir='ltr'>Μυὺς</span> <span class='ocrx_word' id='word_1_249' title='bbox 274 1021 373 1057; x_wconf 81' lang='grc' dir='ltr'>ψόφος,</span> <span class='ocrx_word' id='word_1_250' title='bbox 389 1021 494 1048; x_wconf 75' lang='grc' dir='ltr'>καὶτοῦ</span> <span class='ocrx_word' id='word_1_251' title='bbox 507 1021 635 1048; x_wconf 83' lang='grc' dir='ltr'>πλουσίου</span> <span class='ocrx_word' id='word_1_252' title='bbox 650 1022 668 1057; x_wconf 81' lang='grc' dir='ltr'>ἡ</span> <span class='ocrx_word' id='word_1_253' title='bbox 678 1020 776 1057; x_wconf 85' lang='grc' dir='ltr'>καρδία</span> <span class='ocrx_word' id='word_1_254' title='bbox 789 1021 871 1056; x_wconf 82' lang='grc' dir='ltr'>πηδᾷ.</span> <span class='ocrx_word' id='word_1_255' title='bbox 885 1020 978 1048; x_wconf 84' lang='grc' dir='ltr'>Πάντα</span> 
     </span>
    </p>
   </div>
   <div class='ocr_carea' id='block_1_39' title="bbox 185 1066 978 1104">
    <p class='ocr_par' dir='ltr' id='par_1_39' title="bbox 185 1066 978 1104">
     <span class='ocr_line' id='line_1_39' title="bbox 185 1066 978 1104; baseline -0.001 -8"><span class='ocrx_word' id='word_1_256' title='bbox 185 1068 219 1096; x_wconf 78' lang='grc' dir='ltr'>δι’</span> <span class='ocrx_word' id='word_1_257' title='bbox 235 1069 353 1104; x_wconf 70' lang='grc' dir='ltr'>ὑποψίας</span> <span class='ocrx_word' id='word_1_258' title='bbox 363 1068 430 1104; x_wconf 73' lang='grc' dir='ltr'>ἔχει.</span> <span class='ocrx_word' id='word_1_259' title='bbox 443 1068 524 1100; x_wconf 77' lang='grc' dir='ltr'>Υίοὺς</span> <span class='ocrx_word' id='word_1_260' title='bbox 538 1067 739 1103; x_wconf 78' lang='grc' dir='ltr'>αὐξανομένους</span> <span class='ocrx_word' id='word_1_261' title='bbox 758 1066 853 1103; x_wconf 83' lang='grc' dir='ltr'>ὥσπερ</span> <span class='ocrx_word' id='word_1_262' title='bbox 865 1067 978 1095; x_wconf 77' lang='grc' dir='ltr'>ἐπιϐού-</span> 
     </span>
    </p>
   </div>
   <div class='ocr_carea' id='block_1_40' title="bbox 187 1114 978 1151">
    <p class='ocr_par' dir='ltr' id='par_1_40' title="bbox 187 1114 978 1151">
     <span class='ocr_line' id='line_1_40' title="bbox 187 1114 978 1151; baseline -0.001 -8"><span class='ocrx_word' id='word_1_263' title='bbox 187 1116 250 1148; x_wconf 88' lang='grc' dir='ltr'>λους</span> <span class='ocrx_word' id='word_1_264' title='bbox 267 1115 337 1151; x_wconf 77' lang='grc' dir='ltr'>ὁρᾷ,</span> <span class='ocrx_word' id='word_1_265' title='bbox 362 1115 404 1142; x_wconf 80' lang='grc' dir='ltr'>ὅτι</span> <span class='ocrx_word' id='word_1_266' title='bbox 421 1116 438 1150; x_wconf 83' lang='grc' dir='ltr'>ὴ</span> <span class='ocrx_word' id='word_1_267' title='bbox 458 1114 554 1150; x_wconf 85' lang='grc' dir='ltr'>ἡλικία</span> <span class='ocrx_word' id='word_1_268' title='bbox 577 1114 668 1142; x_wconf 81' lang='grc' dir='ltr'>αὐτῶν</span> <span class='ocrx_word' id='word_1_269' title='bbox 691 1114 738 1150; x_wconf 77' lang='grc' dir='ltr'>τὴν</span> <span class='ocrx_word' id='word_1_270' title='bbox 757 1114 883 1150; x_wconf 81' lang='grc' dir='ltr'>διαδοχὴν</span> <span class='ocrx_word' id='word_1_271' title='bbox 912 1122 978 1142; x_wconf 86' lang='grc' dir='ltr'>κατ-</span> 
     </span>
    </p>
   </div>
   <div class='ocr_carea' id='block_1_41' title="bbox 189 1161 309 1196">
    <p class='ocr_par' dir='ltr' id='par_1_41' title="bbox 189 1161 309 1196">
     <span class='ocr_line' id='line_1_41' title="bbox 189 1161 309 1196; baseline 0 -8"><span class='ocrx_word' id='word_1_272' title='bbox 189 1169 203 1188; x_wconf 89' lang='grc' dir='ltr'><strong>ε</strong></span> <span class='ocrx_word' id='word_1_273' title='bbox 209 1161 309 1196; x_wconf 81' lang='grc' dir='ltr'>πείγει.</span> 
     </span>
    </p>
   </div>
   <div class='ocr_carea' id='block_1_42' title="bbox 229 1206 977 1242">
    <p class='ocr_par' dir='ltr' id='par_1_42' title="bbox 229 1206 977 1242">
     <span class='ocr_line' id='line_1_42' title="bbox 229 1206 977 1242; baseline -0.001 -8"><span class='ocrx_word' id='word_1_274' title='bbox 229 1206 400 1241; x_wconf 73' lang='grc' dir='ltr'>Ἀνθρώπου</span> <span class='ocrx_word' id='word_1_275' title='bbox 416 1206 482 1242; x_wconf 82' lang='grc' dir='ltr'>γὰρ,</span> <span class='ocrx_word' id='word_1_276' title='bbox 501 1206 579 1242; x_wconf 74' lang='grc' dir='ltr'>φησὶ,</span> <span class='ocrx_word' id='word_1_277' title='bbox 596 1206 749 1234; x_wconf 76' lang='grc' dir='ltr'>πλουσίου</span> <span class='ocrx_word' id='word_1_278' title='bbox 760 1207 939 1241; x_wconf 75' lang='grc' dir='ltr'><strong>ηὑφόρησεν</strong></span> <span class='ocrx_word' id='word_1_279' title='bbox 957 1206 977 1240; x_wconf 74' lang='grc' dir='ltr'><strong>ἡ</strong></span> 
     </span>
    </p>
   </div>
   <div class='ocr_carea' id='block_1_43' title="bbox 188 1252 978 1288">
    <p class='ocr_par' dir='ltr' id='par_1_43' title="bbox 188 1252 978 1288">
     <span class='ocr_line' id='line_1_43' title="bbox 188 1252 978 1288; baseline 0.001 -9"><span class='ocrx_word' id='word_1_280' title='bbox 188 1253 278 1288; x_wconf 83' lang='grc' dir='ltr'>χώρα,</span> <span class='ocrx_word' id='word_1_281' title='bbox 297 1253 348 1280; x_wconf 80' lang='grc' dir='ltr'><strong>καί</strong></span> <span class='ocrx_word' id='word_1_282' title='bbox 361 1252 541 1288; x_wconf 75' lang='grc' dir='ltr'>διελογίζετο</span> <span class='ocrx_word' id='word_1_283' title='bbox 557 1252 622 1280; x_wconf 80' lang='grc' dir='ltr'>καθ’</span> <span class='ocrx_word' id='word_1_284' title='bbox 639 1253 766 1280; x_wconf 74' lang='grc' dir='ltr'><strong>ἑαυτόν·</strong></span> <span class='ocrx_word' id='word_1_285' title='bbox 793 1253 823 1280; x_wconf 83' lang='grc' dir='ltr'>Τί</span> <span class='ocrx_word' id='word_1_286' title='bbox 843 1253 978 1288; x_wconf 83' lang='grc' dir='ltr'>ποιήσω;</span> 
     </span>
    </p>
   </div>
   <div class='ocr_carea' id='block_1_44' title="bbox 186 1298 979 1334">
    <p class='ocr_par' dir='ltr' id='par_1_44' title="bbox 186 1298 979 1334">
     <span class='ocr_line' id='line_1_44' title="bbox 186 1298 979 1334; baseline -0.001 -7"><span class='ocrx_word' id='word_1_287' title='bbox 186 1299 310 1327; x_wconf 78' lang='grc' dir='ltr'><strong>Καθελῶ</strong></span> <span class='ocrx_word' id='word_1_288' title='bbox 318 1308 378 1334; x_wconf 86' lang='grc' dir='ltr'><strong>μου</strong></span> <span class='ocrx_word' id='word_1_289' title='bbox 396 1299 449 1332; x_wconf 88' lang='grc' dir='ltr'>τὰς</span> <span class='ocrx_word' id='word_1_290' title='bbox 463 1299 628 1333; x_wconf 72' lang='grc' dir='ltr'>ἀποθήκας,</span> <span class='ocrx_word' id='word_1_291' title='bbox 641 1299 692 1326; x_wconf 75' lang='grc' dir='ltr'>καὶ</span> <span class='ocrx_word' id='word_1_292' title='bbox 712 1298 847 1333; x_wconf 78' lang='grc' dir='ltr'>μείζονας</span> <span class='ocrx_word' id='word_1_293' title='bbox 863 1299 979 1326; x_wconf 72' lang='grc' dir='ltr'>οἰκοδο-</span> 
     </span>
    </p>
   </div>
   <div class='ocr_carea' id='block_1_45' title="bbox 183 1342 980 1383">
    <p class='ocr_par' dir='ltr' id='par_1_45' title="bbox 183 1342 980 1383">
     <span class='ocr_line' id='line_1_45' title="bbox 183 1342 980 1383; baseline -0.001 -11"><span class='ocrx_word' id='word_1_294' title='bbox 183 1344 284 1380; x_wconf 78' lang='grc' dir='ltr'><strong>μήσω.</strong></span> <span class='ocrx_word' id='word_1_295' title='bbox 302 1344 395 1383; x_wconf 44' lang='grc' dir='ltr'>Διά-τί</span> <span class='ocrx_word' id='word_1_296' title='bbox 413 1342 459 1372; x_wconf 86' lang='grc' dir='ltr'>οὖν</span> <span class='ocrx_word' id='word_1_297' title='bbox 476 1345 635 1381; x_wconf 78' lang='grc' dir='ltr'>ηὐφόρησεν</span> <span class='ocrx_word' id='word_1_298' title='bbox 647 1346 664 1381; x_wconf 85' lang='grc' dir='ltr'><strong>ἡ</strong></span> <span class='ocrx_word' id='word_1_299' title='bbox 676 1343 753 1381; x_wconf 86' lang='grc' dir='ltr'>χώρα</span> <span class='ocrx_word' id='word_1_300' title='bbox 764 1344 911 1380; x_wconf 78' lang='grc' dir='ltr'>ἀνθρώπου</span> <span class='ocrx_word' id='word_1_301' title='bbox 925 1354 980 1381; x_wconf 87' lang='grc' dir='ltr'>μη-</span> 
     </span>
    </p>
   </div>
   <div class='ocr_carea' id='block_1_46' title="bbox 186 1388 979 1425">
    <p class='ocr_par' dir='ltr' id='par_1_46' title="bbox 186 1388 979 1425">
     <span class='ocr_line' id='line_1_46' title="bbox 186 1388 979 1425; baseline 0 -9"><span class='ocrx_word' id='word_1_302' title='bbox 186 1389 231 1416; x_wconf 78' lang='grc' dir='ltr'>δὲν</span> <span class='ocrx_word' id='word_1_303' title='bbox 246 1388 350 1423; x_wconf 75' lang='grc' dir='ltr'>ἀγαθὸν</span> <span class='ocrx_word' id='word_1_304' title='bbox 363 1390 394 1416; x_wconf 81' lang='grc' dir='ltr'>ὲκ</span> <span class='ocrx_word' id='word_1_305' title='bbox 406 1389 457 1424; x_wconf 86' lang='grc' dir='ltr'>τῆς</span> <span class='ocrx_word' id='word_1_306' title='bbox 472 1389 603 1425; x_wconf 82' lang='grc' dir='ltr'>εὐφορίας</span> <span class='ocrx_word' id='word_1_307' title='bbox 622 1390 746 1425; x_wconf 83' lang='grc' dir='ltr'>ποιήσειν</span> <span class='ocrx_word' id='word_1_308' title='bbox 761 1389 903 1424; x_wconf 79' lang='grc' dir='ltr'>μέλλοντος</span> <span class='ocrx_word' id='word_1_309' title='bbox 916 1398 923 1422; x_wconf 82' lang='grc'>;</span> <span class='ocrx_word' id='word_1_310' title='bbox 936 1390 979 1417; x_wconf 85' lang='grc' dir='ltr'><strong>ἴνα</strong></span> 
     </span>
    </p>
   </div>
   <div class='ocr_carea' id='block_1_47' title="bbox 189 1434 979 1471">
    <p class='ocr_par' dir='ltr' id='par_1_47' title="bbox 189 1434 979 1471">
     <span class='ocr_line' id='line_1_47' title="bbox 189 1434 979 1471; baseline 0.001 -10"><span class='ocrx_word' id='word_1_311' title='bbox 189 1435 290 1470; x_wconf 79' lang='grc' dir='ltr'>μᾶλλον</span> <span class='ocrx_word' id='word_1_312' title='bbox 309 1435 326 1470; x_wconf 84' lang='grc' dir='ltr'><strong>ἡ</strong></span> <span class='ocrx_word' id='word_1_313' title='bbox 340 1435 388 1462; x_wconf 84' lang='grc' dir='ltr'><strong>τοῦ</strong></span> <span class='ocrx_word' id='word_1_314' title='bbox 406 1435 475 1462; x_wconf 85' lang='grc' dir='ltr'><strong>Θεοῦ</strong></span> <span class='ocrx_word' id='word_1_315' title='bbox 492 1435 670 1471; x_wconf 87' lang='grc' dir='ltr'>μακροθυμία</span> <span class='ocrx_word' id='word_1_316' title='bbox 684 1435 814 1471; x_wconf 72' lang='grc' dir='ltr'>διαφανῆ,</span> <span class='ocrx_word' id='word_1_317' title='bbox 829 1435 878 1462; x_wconf 74' lang='grc' dir='ltr'><strong>καὶ</strong></span> <span class='ocrx_word' id='word_1_318' title='bbox 895 1434 979 1470; x_wconf 79' lang='grc' dir='ltr'>μέχρι</span> 
     </span>
    </p>
   </div>
   <div class='ocr_carea' id='block_1_48' title="bbox 188 1480 979 1518">
    <p class='ocr_par' dir='ltr' id='par_1_48' title="bbox 188 1480 979 1518">
     <span class='ocr_line' id='line_1_48' title="bbox 188 1480 979 1518; baseline 0 -10"><span class='ocrx_word' id='word_1_319' title='bbox 188 1481 243 1508; x_wconf 83' lang='grc' dir='ltr'>τῶν</span> <span class='ocrx_word' id='word_1_320' title='bbox 263 1481 394 1508; x_wconf 79' lang='grc' dir='ltr'>τοιούτων</span> <span class='ocrx_word' id='word_1_321' title='bbox 413 1482 605 1518; x_wconf 77' lang='grc' dir='ltr'>έκτεινομὲνὴς</span> <span class='ocrx_word' id='word_1_322' title='bbox 621 1480 704 1509; x_wconf 77' lang='grc' dir='ltr'>αὑτοῦ</span> <span class='ocrx_word' id='word_1_323' title='bbox 717 1481 768 1516; x_wconf 78' lang='grc' dir='ltr'>τῆς</span> <span class='ocrx_word' id='word_1_324' title='bbox 784 1481 979 1516; x_wconf 77' lang='grc' dir='ltr'>χρηστότητος.</span> 
     </span>
    </p>
   </div>
   <div class='ocr_carea' id='block_1_49' title="bbox 187 1527 1014 1565">
    <p class='ocr_par' dir='ltr' id='par_1_49' title="bbox 187 1527 1014 1565">
     <span class='ocr_line' id='line_1_49' title="bbox 187 1527 1014 1565; baseline 0.001 -11"><span class='ocrx_word' id='word_1_325' title='bbox 187 1527 294 1562; x_wconf 75' lang='grc' dir='ltr'>Βρέχει</span> <span class='ocrx_word' id='word_1_326' title='bbox 312 1528 369 1563; x_wconf 83' lang='grc' dir='ltr'><strong>γὰρ</strong></span> <span class='ocrx_word' id='word_1_327' title='bbox 379 1528 429 1554; x_wconf 65' lang='grc' dir='ltr'><strong>ἐπὶ</strong></span> <span class='ocrx_word' id='word_1_328' title='bbox 442 1528 577 1565; x_wconf 66' lang='grc' dir='ltr'>δικαίους</span> <span class='ocrx_word' id='word_1_329' title='bbox 588 1528 638 1555; x_wconf 75' lang='grc' dir='ltr'>καί</span> <span class='ocrx_word' id='word_1_330' title='bbox 652 1528 786 1560; x_wconf 79' lang='grc' dir='ltr'>ἀδίκους,</span> <span class='ocrx_word' id='word_1_331' title='bbox 796 1527 846 1555; x_wconf 73' lang='grc' dir='ltr'><strong>καί</strong></span> <span class='ocrx_word' id='word_1_332' title='bbox 860 1527 979 1555; x_wconf 75' lang='grc' dir='ltr'>ἀνατέλ-</span> <span class='ocrx_word' id='word_1_333' title='bbox 992 1536 1014 1564; x_wconf 73' lang='grc' dir='ltr'>α</span> 
     </span>
    </p>
   </div>
   <div class='ocr_carea' id='block_1_50' title="bbox 188 1572 981 1608">
    <p class='ocr_par' dir='ltr' id='par_1_50' title="bbox 188 1572 981 1608">
     <span class='ocr_line' id='line_1_50' title="bbox 188 1572 981 1608; baseline 0.001 -9"><span class='ocrx_word' id='word_1_334' title='bbox 188 1573 235 1599; x_wconf 60' lang='lat' dir='ltr'><strong>let</strong></span> <span class='ocrx_word' id='word_1_335' title='bbox 250 1572 303 1600; x_wconf 83' lang='grc' dir='ltr'><strong>τὸν</strong></span> <span class='ocrx_word' id='word_1_336' title='bbox 317 1572 407 1606; x_wconf 78' lang='grc' dir='ltr'>ἣλιον</span> <span class='ocrx_word' id='word_1_337' title='bbox 426 1573 475 1600; x_wconf 76' lang='grc' dir='ltr'><strong>ἐπὶ</strong></span> <span class='ocrx_word' id='word_1_338' title='bbox 497 1573 650 1607; x_wconf 77' lang='grc' dir='ltr'>πονηροὺς</span> <span class='ocrx_word' id='word_1_339' title='bbox 666 1573 716 1602; x_wconf 77' lang='grc' dir='ltr'><strong>καί</strong></span> <span class='ocrx_word' id='word_1_340' title='bbox 735 1573 877 1608; x_wconf 72' lang='grc' dir='ltr'>ἀγαθούς.</span> <span class='ocrx_word' id='word_1_341' title='bbox 905 1574 939 1601; x_wconf 83' lang='grc' dir='ltr'><strong>Ἦ</strong></span> <span class='ocrx_word' id='word_1_342' title='bbox 952 1574 981 1600; x_wconf 80' lang='grc' dir='ltr'>δὲ</span> 
     </span>
    </p>
   </div>
   <div class='ocr_carea' id='block_1_51' title="bbox 189 1618 982 1657">
    <p class='ocr_par' dir='ltr' id='par_1_51' title="bbox 189 1618 982 1657">
     <span class='ocr_line' id='line_1_51' title="bbox 189 1618 982 1657; baseline 0.004 -11"><span class='ocrx_word' id='word_1_343' title='bbox 189 1619 301 1653; x_wconf 80' lang='grc' dir='ltr'>τοιαύτη</span> <span class='ocrx_word' id='word_1_344' title='bbox 317 1618 454 1654; x_wconf 79' lang='grc' dir='ltr'>ἀγαθότης</span> <span class='ocrx_word' id='word_1_345' title='bbox 472 1619 584 1655; x_wconf 78' lang='grc' dir='ltr'>μείζονα</span> <span class='ocrx_word' id='word_1_346' title='bbox 599 1620 711 1654; x_wconf 85' lang='grc' dir='ltr'>συνάγει</span> <span class='ocrx_word' id='word_1_347' title='bbox 723 1622 780 1653; x_wconf 84' lang='grc' dir='ltr'>τοῖς</span> <span class='ocrx_word' id='word_1_348' title='bbox 795 1621 982 1657; x_wconf 68' lang='grc' dir='ltr'>πονηρευομέ-</span> 
     </span>
    </p>
   </div>
   <div class='ocr_carea' id='block_1_52' title="bbox 190 1663 982 1702">
    <p class='ocr_par' dir='ltr' id='par_1_52' title="bbox 190 1663 982 1702">
     <span class='ocr_line' id='line_1_52' title="bbox 190 1663 982 1702; baseline 0.004 -10"><span class='ocrx_word' id='word_1_349' title='bbox 190 1674 246 1697; x_wconf 86' lang='grc' dir='ltr'>νοις</span> <span class='ocrx_word' id='word_1_350' title='bbox 265 1665 314 1701; x_wconf 84' lang='grc' dir='ltr'>τὴν</span> <span class='ocrx_word' id='word_1_351' title='bbox 333 1665 456 1693; x_wconf 81' lang='grc' dir='ltr'>κόλασιν.</span> <span class='ocrx_word' id='word_1_352' title='bbox 482 1666 603 1700; x_wconf 84' lang='grc' dir='ltr'>Ἥνεγκε</span> <span class='ocrx_word' id='word_1_353' title='bbox 629 1667 687 1698; x_wconf 80' lang='grc' dir='ltr'>τοῖς</span> <span class='ocrx_word' id='word_1_354' title='bbox 713 1663 829 1702; x_wconf 66' lang='grc' dir='ltr'>δ’μὸροις</span> <span class='ocrx_word' id='word_1_355' title='bbox 857 1668 905 1694; x_wconf 75' lang='grc' dir='ltr'><strong>ἐπὶ</strong></span> <span class='ocrx_word' id='word_1_356' title='bbox 928 1668 982 1696; x_wconf 86' lang='grc' dir='ltr'>τῶν</span> 
     </span>
    </p>
   </div>
   <div class='ocr_carea' id='block_1_53' title="bbox 191 1710 982 1748">
    <p class='ocr_par' dir='ltr' id='par_1_53' title="bbox 191 1710 982 1748">
     <span class='ocr_line' id='line_1_53' title="bbox 191 1710 982 1748; baseline 0.005 -11"><span class='ocrx_word' id='word_1_357' title='bbox 191 1710 390 1738; x_wconf 69' lang='grc' dir='ltr'>πλεωεκτικῶν</span> <span class='ocrx_word' id='word_1_358' title='bbox 405 1711 506 1747; x_wconf 80' lang='grc' dir='ltr'>χειρῶν</span> <span class='ocrx_word' id='word_1_359' title='bbox 518 1712 730 1748; x_wconf 83' lang='grc' dir='ltr'>γεωργουμένην</span> <span class='ocrx_word' id='word_1_360' title='bbox 742 1713 805 1748; x_wconf 86' lang='grc' dir='ltr'>γῆν.</span> <span class='ocrx_word' id='word_1_361' title='bbox 821 1713 925 1741; x_wconf 77' lang='grc' dir='ltr'>Ἔδωκε</span> <span class='ocrx_word' id='word_1_362' title='bbox 936 1713 982 1741; x_wconf 79' lang='grc' dir='ltr'><strong>τὸν</strong></span> 
     </span>
    </p>
   </div>
   <div class='ocr_carea' id='block_1_54' title="bbox 190 1756 982 1794">
    <p class='ocr_par' dir='ltr' id='par_1_54' title="bbox 190 1756 982 1794">
     <span class='ocr_line' id='line_1_54' title="bbox 190 1756 982 1794; baseline 0.005 -12"><span class='ocrx_word' id='word_1_363' title='bbox 190 1756 268 1791; x_wconf 69' lang='grc' dir='ltr'>ἥλιον</span> <span class='ocrx_word' id='word_1_364' title='bbox 283 1756 430 1784; x_wconf 78' lang='grc' dir='ltr'>ὲκθάλπειν</span> <span class='ocrx_word' id='word_1_365' title='bbox 445 1757 479 1784; x_wconf 88' lang='grc' dir='ltr'><strong>τά</strong></span> <span class='ocrx_word' id='word_1_366' title='bbox 499 1758 659 1794; x_wconf 86' lang='grc' dir='ltr'>σπέρματα,</span> <span class='ocrx_word' id='word_1_367' title='bbox 685 1758 733 1786; x_wconf 83' lang='grc' dir='ltr'>καὶ</span> <span class='ocrx_word' id='word_1_368' title='bbox 750 1759 982 1792; x_wconf 77' lang='grc' dir='ltr'>πολυπλασιάζειν</span> 
     </span>
    </p>
   </div>
   <div class='ocr_carea' id='block_1_55' title="bbox 191 1798 982 1842">
    <p class='ocr_par' dir='ltr' id='par_1_55' title="bbox 191 1798 982 1842">
     <span class='ocr_line' id='line_1_55' title="bbox 191 1798 982 1842; baseline 0.005 -13"><span class='ocrx_word' id='word_1_369' title='bbox 191 1803 255 1834; x_wconf 72' lang='grc' dir='ltr'>τοὺς</span> <span class='ocrx_word' id='word_1_370' title='bbox 265 1798 390 1838; x_wconf 69' lang='grc' dir='ltr'>καρποὺς</span> <span class='ocrx_word' id='word_1_371' title='bbox 405 1803 450 1830; x_wconf 79' lang='grc' dir='ltr'><strong>διὰ</strong></span> <span class='ocrx_word' id='word_1_372' title='bbox 463 1804 514 1839; x_wconf 86' lang='grc' dir='ltr'>τῆς</span> <span class='ocrx_word' id='word_1_373' title='bbox 530 1804 670 1840; x_wconf 78' lang='grc' dir='ltr'>εὐφορίας.</span> <span class='ocrx_word' id='word_1_374' title='bbox 697 1805 752 1832; x_wconf 75' lang='grc' dir='ltr'><strong>Καὶ</strong></span> <span class='ocrx_word' id='word_1_375' title='bbox 776 1805 810 1832; x_wconf 86' lang='grc' dir='ltr'><strong>τὰ</strong></span> <span class='ocrx_word' id='word_1_376' title='bbox 836 1805 886 1840; x_wconf 79' lang='grc' dir='ltr'>μὲν</span> <span class='ocrx_word' id='word_1_377' title='bbox 908 1806 982 1842; x_wconf 87' lang='grc' dir='ltr'>παρὰ</span> 
     </span>
    </p>
   </div>
   <div class='ocr_carea' id='block_1_56' title="bbox 191 1849 982 1887">
    <p class='ocr_par' dir='ltr' id='par_1_56' title="bbox 191 1849 982 1887">
     <span class='ocr_line' id='line_1_56' title="bbox 191 1849 982 1887; baseline 0.005 -12"><span class='ocrx_word' id='word_1_378' title='bbox 191 1849 238 1875; x_wconf 78' lang='grc' dir='ltr'><strong>τοῦ</strong></span> <span class='ocrx_word' id='word_1_379' title='bbox 248 1849 314 1876; x_wconf 78' lang='grc' dir='ltr'>Θεοῦ</span> <span class='ocrx_word' id='word_1_380' title='bbox 326 1849 439 1876; x_wconf 87' lang='grc' dir='ltr'>τοιαῦτα</span> <span class='ocrx_word' id='word_1_381' title='bbox 448 1859 455 1866; x_wconf 91' lang='grc'><strong><em>-</em></strong></span> <span class='ocrx_word' id='word_1_382' title='bbox 471 1850 524 1885; x_wconf 82' lang='grc' dir='ltr'>γῆς</span> <span class='ocrx_word' id='word_1_383' title='bbox 537 1851 736 1886; x_wconf 78' lang='grc' dir='ltr'>ἐπιτηδειότης,</span> <span class='ocrx_word' id='word_1_384' title='bbox 749 1850 839 1887; x_wconf 85' lang='grc' dir='ltr'>ἀέρων</span> <span class='ocrx_word' id='word_1_385' title='bbox 853 1851 982 1887; x_wconf 84' lang='grc' dir='ltr'>εὓκρατοι</span> 
     </span>
    </p>
   </div>
   <div class='ocr_carea' id='block_1_57' title="bbox 192 1895 980 1933">
    <p class='ocr_par' dir='ltr' id='par_1_57' title="bbox 192 1895 980 1933">
     <span class='ocr_line' id='line_1_57' title="bbox 192 1895 980 1933; baseline 0.005 -12"><span class='ocrx_word' id='word_1_386' title='bbox 192 1895 384 1929; x_wconf 78' lang='grc' dir='ltr'>καταστάσεις,</span> <span class='ocrx_word' id='word_1_387' title='bbox 406 1896 574 1932; x_wconf 80' lang='grc' dir='ltr'>σπερμάτων</span> <span class='ocrx_word' id='word_1_388' title='bbox 594 1897 720 1931; x_wconf 81' lang='grc' dir='ltr'>ἀφθονία,</span> <span class='ocrx_word' id='word_1_389' title='bbox 738 1897 808 1932; x_wconf 85' lang='grc' dir='ltr'>βοῶν</span> <span class='ocrx_word' id='word_1_390' title='bbox 828 1898 980 1933; x_wconf 67' lang='grc' dir='ltr'>ουνεργίαι,</span> 
     </span>
    </p>
   </div>
   <div class='ocr_carea' id='block_1_58' title="bbox 191 1939 983 1980">
    <p class='ocr_par' dir='ltr' id='par_1_58' title="bbox 191 1939 983 1980">
     <span class='ocr_line' id='line_1_58' title="bbox 191 1939 983 1980; baseline 0.004 -12"><span class='ocrx_word' id='word_1_391' title='bbox 191 1939 279 1968; x_wconf 84' lang='grc' dir='ltr'>τᾶλλα</span> <span class='ocrx_word' id='word_1_392' title='bbox 303 1939 344 1973; x_wconf 74' lang='grc' dir='ltr'><strong>οἷς</strong></span> <span class='ocrx_word' id='word_1_393' title='bbox 371 1942 496 1977; x_wconf 86' lang='grc' dir='ltr'>γεωργία</span> <span class='ocrx_word' id='word_1_394' title='bbox 530 1943 654 1978; x_wconf 79' lang='grc' dir='ltr'>πέφυκεν</span> <span class='ocrx_word' id='word_1_395' title='bbox 678 1943 862 1980; x_wconf 80' lang='grc' dir='ltr'>εὐθηνεῖσθαι,</span> <span class='ocrx_word' id='word_1_396' title='bbox 888 1944 929 1972; x_wconf 87' lang='grc' dir='ltr'><strong>Τὰ</strong></span> <span class='ocrx_word' id='word_1_397' title='bbox 954 1944 983 1972; x_wconf 87' lang='grc' dir='ltr'>δὲ</span> 
     </span>
    </p>
   </div>
   <div class='ocr_carea' id='block_1_59' title="bbox 192 1985 983 2025">
    <p class='ocr_par' dir='ltr' id='par_1_59' title="bbox 192 1985 983 2025">
     <span class='ocr_line' id='line_1_59' title="bbox 192 1985 983 2025; baseline 0.003 -11"><span class='ocrx_word' id='word_1_398' title='bbox 192 1988 268 2022; x_wconf 85' lang='grc' dir='ltr'><strong>παρά</strong></span> <span class='ocrx_word' id='word_1_399' title='bbox 278 1988 325 2014; x_wconf 83' lang='grc' dir='ltr'><strong>τοῦ</strong></span> <span class='ocrx_word' id='word_1_400' title='bbox 337 1987 480 2024; x_wconf 79' lang='grc' dir='ltr'>ἀνθρώπου</span> <span class='ocrx_word' id='word_1_401' title='bbox 492 1985 553 2021; x_wconf 69' lang='grc' dir='ltr'>οἷα,</span> <span class='ocrx_word' id='word_1_402' title='bbox 565 1989 596 2015; x_wconf 78' lang='grc' dir='ltr'>τὸ</span> <span class='ocrx_word' id='word_1_403' title='bbox 610 1989 709 2025; x_wconf 79' lang='grc' dir='ltr'>πικρὸν</span> <span class='ocrx_word' id='word_1_404' title='bbox 724 1988 772 2016; x_wconf 82' lang='grc' dir='ltr'><strong>τοῦ</strong></span> <span class='ocrx_word' id='word_1_405' title='bbox 787 1989 871 2025; x_wconf 74' lang='grc' dir='ltr'>ἧοους</span> <span class='ocrx_word' id='word_1_406' title='bbox 887 1989 904 2024; x_wconf 85' lang='grc' dir='ltr'>ἡ</span> <span class='ocrx_word' id='word_1_407' title='bbox 920 1998 983 2024; x_wconf 83' lang='grc' dir='ltr'>μισ-</span> 
     </span>
    </p>
   </div>
   <div class='ocr_carea' id='block_1_60' title="bbox 192 2033 982 2070">
    <p class='ocr_par' dir='ltr' id='par_1_60' title="bbox 192 2033 982 2070">
     <span class='ocr_line' id='line_1_60' title="bbox 192 2033 982 2070; baseline 0.001 -9"><span class='ocrx_word' id='word_1_408' title='bbox 192 2033 337 2069; x_wconf 85' lang='grc' dir='ltr'>ανθρωπία</span> <span class='ocrx_word' id='word_1_409' title='bbox 354 2053 363 2066; x_wconf 86' lang='lat'><strong>,</strong></span> <span class='ocrx_word' id='word_1_410' title='bbox 386 2034 418 2060; x_wconf 74' lang='grc' dir='ltr'>τὸ</span> <span class='ocrx_word' id='word_1_411' title='bbox 441 2034 652 2070; x_wconf 83' lang='grc' dir='ltr'>δυσμετάδοτον,</span> <span class='ocrx_word' id='word_1_412' title='bbox 674 2034 762 2061; x_wconf 82' lang='grc' dir='ltr'>ταῦτα</span> <span class='ocrx_word' id='word_1_413' title='bbox 783 2034 823 2070; x_wconf 86' lang='grc' dir='ltr'>τῷ</span> <span class='ocrx_word' id='word_1_414' title='bbox 850 2034 982 2070; x_wconf 74' lang='grc' dir='ltr'>εὐεργέτῃ</span> 
     </span>
    </p>
   </div>
   <div class='ocr_carea' id='block_1_61' title="bbox 191 2078 982 2115">
    <p class='ocr_par' dir='ltr' id='par_1_61' title="bbox 191 2078 982 2115">
     <span class='ocr_line' id='line_1_61' title="bbox 191 2078 982 2115; baseline 0.004 -11"><span class='ocrx_word' id='word_1_415' title='bbox 191 2078 425 2107; x_wconf 79' lang='grc' dir='ltr'>ἀντεπεδείκνυτο.</span> <span class='ocrx_word' id='word_1_416' title='bbox 440 2079 497 2106; x_wconf 84' lang='grc' dir='ltr'>Οὐκ</span> <span class='ocrx_word' id='word_1_417' title='bbox 520 2079 645 2115; x_wconf 69' lang='grc' dir='ltr'>ἐμνήσοη</span> <span class='ocrx_word' id='word_1_418' title='bbox 665 2079 717 2115; x_wconf 84' lang='grc' dir='ltr'>τῆς</span> <span class='ocrx_word' id='word_1_419' title='bbox 739 2080 832 2115; x_wconf 83' lang='grc' dir='ltr'>κοινῆς</span> <span class='ocrx_word' id='word_1_420' title='bbox 864 2079 982 2114; x_wconf 82' lang='grc' dir='ltr'>φύσεως.</span> 
     </span>
    </p>
   </div>
   <div class='ocr_carea' id='block_1_62' title="bbox 191 2126 984 2162">
    <p class='ocr_par' dir='ltr' id='par_1_62' title="bbox 191 2126 984 2162">
     <span class='ocr_line' id='line_1_62' title="bbox 191 2126 984 2162; baseline 0.001 -11"><span class='ocrx_word' id='word_1_421' title='bbox 191 2126 247 2161; x_wconf 72' lang='grc' dir='ltr'><strong>(νύχ</strong></span> <span class='ocrx_word' id='word_1_422' title='bbox 256 2126 380 2161; x_wconf 76' lang='grc' dir='ltr'>ἡγήσατο</span> <span class='ocrx_word' id='word_1_423' title='bbox 393 2126 531 2162; x_wconf 81' lang='grc' dir='ltr'>χρῆναιτὸ</span> <span class='ocrx_word' id='word_1_424' title='bbox 541 2126 701 2162; x_wconf 82' lang='grc' dir='ltr'>περιττεῦον</span> <span class='ocrx_word' id='word_1_425' title='bbox 711 2127 768 2158; x_wconf 80' lang='grc' dir='ltr'>τοῖς</span> <span class='ocrx_word' id='word_1_426' title='bbox 783 2126 885 2154; x_wconf 78' lang='grc' dir='ltr'>ἐνδεέσι</span> <span class='ocrx_word' id='word_1_427' title='bbox 899 2134 984 2153; x_wconf 87' lang='grc' dir='ltr'>κατα-</span> 
     </span>
    </p>
   </div>
   <div class='ocr_carea' id='block_1_63' title="bbox 193 2172 982 2209">
    <p class='ocr_par' dir='ltr' id='par_1_63' title="bbox 193 2172 982 2209">
     <span class='ocr_line' id='line_1_63' title="bbox 193 2172 982 2209; baseline 0.003 -10"><span class='ocrx_word' id='word_1_428' title='bbox 193 2173 317 2208; x_wconf 81' lang='grc' dir='ltr'>μερίσαι.</span> <span class='ocrx_word' id='word_1_429' title='bbox 347 2173 404 2200; x_wconf 77' lang='grc' dir='ltr'>Οὐκ</span> <span class='ocrx_word' id='word_1_430' title='bbox 425 2172 489 2208; x_wconf 76' lang='grc' dir='ltr'>ἔσχε</span> <span class='ocrx_word' id='word_1_431' title='bbox 506 2173 569 2200; x_wconf 81' lang='grc' dir='ltr'>τινὰ</span> <span class='ocrx_word' id='word_1_432' title='bbox 597 2172 676 2207; x_wconf 80' lang='grc' dir='ltr'>λόγον</span> <span class='ocrx_word' id='word_1_433' title='bbox 700 2173 752 2208; x_wconf 84' lang='grc' dir='ltr'>τῆς</span> <span class='ocrx_word' id='word_1_434' title='bbox 774 2173 886 2209; x_wconf 73' lang='grc' dir='ltr'>ἐντολῆς</span> <span class='ocrx_word' id='word_1_435' title='bbox 900 2179 908 2188; x_wconf 82' lang='grc'><strong>“</strong></span> <span class='ocrx_word' id='word_1_436' title='bbox 932 2174 982 2208; x_wconf 77' lang='grc' dir='ltr'><strong>Μὴ</strong></span> 
     </span>
    </p>
   </div>
   <div class='ocr_carea' id='block_1_64' title="bbox 1031 924 1822 962">
    <p class='ocr_par' dir='ltr' id='par_1_64' title="bbox 1031 924 1822 962">
     <span class='ocr_line' id='line_1_64' title="bbox 1031 924 1822 962; baseline 0.004 -10"><span class='ocrx_word' id='word_1_437' title='bbox 1031 925 1103 952; x_wconf 78' lang='lat' dir='ltr'><strong>trat?</strong></span> <span class='ocrx_word' id='word_1_438' title='bbox 1116 924 1194 954; x_wconf 87' lang='lat' dir='ltr'><strong>dives</strong></span> <span class='ocrx_word' id='word_1_439' title='bbox 1205 925 1305 954; x_wconf 81' lang='lat' dir='ltr'><strong>adesse</strong></span> <span class='ocrx_word' id='word_1_440' title='bbox 1317 926 1405 954; x_wconf 89' lang='lat' dir='ltr'><strong>furem</strong></span> <span class='ocrx_word' id='word_1_441' title='bbox 1417 927 1583 955; x_wconf 83' lang='lat' dir='ltr'><strong>arbitratur.</strong></span> <span class='ocrx_word' id='word_1_442' title='bbox 1600 928 1663 955; x_wconf 88' lang='lat' dir='ltr'><strong>Mus</strong></span> <span class='ocrx_word' id='word_1_443' title='bbox 1677 929 1822 962; x_wconf 75' lang='lat' dir='ltr'><strong>strepitum</strong></span> 
     </span>
    </p>
   </div>
   <div class='ocr_carea' id='block_1_65' title="bbox 1029 971 1822 1006">
    <p class='ocr_par' dir='ltr' id='par_1_65' title="bbox 1029 971 1822 1006">
     <span class='ocr_line' id='line_1_65' title="bbox 1029 971 1822 1006; baseline 0 -7"><span class='ocrx_word' id='word_1_444' title='bbox 1029 971 1134 999; x_wconf 81' lang='lat' dir='ltr'><strong>edidit?</strong></span> <span class='ocrx_word' id='word_1_445' title='bbox 1158 978 1208 999; x_wconf 88' lang='lat' dir='ltr'><strong>cor</strong></span> <span class='ocrx_word' id='word_1_446' title='bbox 1227 971 1323 1000; x_wconf 80' lang='lat' dir='ltr'><strong>divitis</strong></span> <span class='ocrx_word' id='word_1_447' title='bbox 1345 972 1456 1001; x_wconf 85' lang='lat' dir='ltr'><strong>subsilit</strong></span> <span class='ocrx_word' id='word_1_448' title='bbox 1486 977 1574 1000; x_wconf 89' lang='lat' dir='ltr'><strong>metu.</strong></span> <span class='ocrx_word' id='word_1_449' title='bbox 1597 972 1694 1000; x_wconf 87' lang='lat' dir='ltr'><strong>Omnia</strong></span> <span class='ocrx_word' id='word_1_450' title='bbox 1713 971 1822 1006; x_wconf 84' lang='lat' dir='ltr'><strong>metuit,</strong></span> 
     </span>
    </p>
   </div>
   <div class='ocr_carea' id='block_1_66' title="bbox 1029 1016 1824 1053">
    <p class='ocr_par' dir='ltr' id='par_1_66' title="bbox 1029 1016 1824 1053">
     <span class='ocr_line' id='line_1_66' title="bbox 1029 1016 1824 1053; baseline 0.001 -9"><span class='ocrx_word' id='word_1_451' title='bbox 1029 1017 1123 1044; x_wconf 87' lang='lat' dir='ltr'><strong>omnia</strong></span> <span class='ocrx_word' id='word_1_452' title='bbox 1135 1017 1306 1052; x_wconf 85' lang='lat' dir='ltr'><strong>suspicatur.</strong></span> <span class='ocrx_word' id='word_1_453' title='bbox 1322 1016 1409 1045; x_wconf 74' lang='lat' dir='ltr'><strong>Filios</strong></span> <span class='ocrx_word' id='word_1_454' title='bbox 1428 1021 1586 1045; x_wconf 76' lang='lat' dir='ltr'><strong>Crescentes</strong></span> <span class='ocrx_word' id='word_1_455' title='bbox 1610 1022 1742 1053; x_wconf 86' lang='lat' dir='ltr'><strong>tanquam</strong></span> <span class='ocrx_word' id='word_1_456' title='bbox 1755 1018 1824 1046; x_wconf 83' lang='lat' dir='ltr'><strong>insi-</strong></span> 
     </span>
    </p>
   </div>
   <div class='ocr_carea' id='block_1_67' title="bbox 1029 1061 1823 1099">
    <p class='ocr_par' dir='ltr' id='par_1_67' title="bbox 1029 1061 1823 1099">
     <span class='ocr_line' id='line_1_67' title="bbox 1029 1061 1823 1099; baseline 0.004 -11"><span class='ocrx_word' id='word_1_457' title='bbox 1029 1061 1152 1090; x_wconf 85' lang='lat' dir='ltr'><strong>diatnres</strong></span> <span class='ocrx_word' id='word_1_458' title='bbox 1165 1062 1274 1098; x_wconf 86' lang='lat' dir='ltr'><strong>aspicit,</strong></span> <span class='ocrx_word' id='word_1_459' title='bbox 1283 1066 1364 1091; x_wconf 67' lang='lat' dir='ltr'><strong>astate</strong></span> <span class='ocrx_word' id='word_1_460' title='bbox 1373 1063 1494 1099; x_wconf 86' lang='lat' dir='ltr'><strong>ipsorum</strong></span> <span class='ocrx_word' id='word_1_461' title='bbox 1507 1071 1557 1092; x_wconf 86' lang='lat' dir='ltr'><strong>eos</strong></span> <span class='ocrx_word' id='word_1_462' title='bbox 1570 1063 1604 1091; x_wconf 88' lang='lat' dir='ltr'><strong>ad</strong></span> <span class='ocrx_word' id='word_1_463' title='bbox 1619 1063 1823 1092; x_wconf 88' lang='lat' dir='ltr'><strong>succedendum</strong></span> 
     </span>
    </p>
   </div>
   <div class='ocr_carea' id='block_1_68' title="bbox 1029 1112 1155 1146">
    <p class='ocr_par' dir='ltr' id='par_1_68' title="bbox 1029 1112 1155 1146">
     <span class='ocr_line' id='line_1_68' title="bbox 1029 1112 1155 1146; baseline 0.008 -10"><span class='ocrx_word' id='word_1_464' title='bbox 1029 1112 1155 1146; x_wconf 70' lang='lat' dir='ltr'><strong>urgente.</strong></span> 
     </span>
    </p>
   </div>
   <div class='ocr_carea' id='block_1_69' title="bbox 1069 1200 1821 1241">
    <p class='ocr_par' dir='ltr' id='par_1_69' title="bbox 1069 1200 1821 1241">
     <span class='ocr_line' id='line_1_69' title="bbox 1069 1200 1821 1241; baseline 0.008 -14"><span class='ocrx_word' id='word_1_465' title='bbox 1069 1200 1163 1235; x_wconf 76' lang='lat' dir='ltr'><strong>Ejusd.</strong></span> <span class='ocrx_word' id='word_1_466' title='bbox 1180 1201 1273 1228; x_wconf 77' lang='lat' dir='ltr'><strong>homil.</strong></span> <span class='ocrx_word' id='word_1_467' title='bbox 1291 1201 1330 1228; x_wconf 84' lang='lat' dir='ltr'><strong>De</strong></span> <span class='ocrx_word' id='word_1_468' title='bbox 1351 1210 1426 1230; x_wconf 73' lang='grc' dir='ltr'>ανον.</span> <span class='ocrx_word' id='word_1_469' title='bbox 1442 1219 1476 1223; x_wconf 85' lang='grc'><strong>-</strong></span> <span class='ocrx_word' id='word_1_470' title='bbox 1492 1203 1617 1231; x_wconf 77' lang='lat' dir='ltr'><strong>Hominis</strong></span> <span class='ocrx_word' id='word_1_471' title='bbox 1641 1204 1729 1232; x_wconf 79' lang='lat' dir='ltr'><strong>divitis</strong></span> <span class='ocrx_word' id='word_1_472' title='bbox 1751 1214 1821 1241; x_wconf 84' lang='lat' dir='ltr'><strong>ager,</strong></span> 
     </span>
    </p>
   </div>
   <div class='ocr_carea' id='block_1_70' title="bbox 1030 1247 1822 1285">
    <p class='ocr_par' dir='ltr' id='par_1_70' title="bbox 1030 1247 1822 1285">
     <span class='ocr_line' id='line_1_70' title="bbox 1030 1247 1822 1285; baseline 0.008 -12"><span class='ocrx_word' id='word_1_473' title='bbox 1030 1247 1132 1282; x_wconf 83' lang='lat' dir='ltr'><strong>inquit,</strong></span> <span class='ocrx_word' id='word_1_474' title='bbox 1159 1247 1250 1274; x_wconf 76' lang='lat' dir='ltr'><strong>uberes</strong></span> <span class='ocrx_word' id='word_1_475' title='bbox 1268 1247 1372 1282; x_wconf 74' lang='lat' dir='ltr'><strong>fructus</strong></span> <span class='ocrx_word' id='word_1_476' title='bbox 1393 1248 1473 1280; x_wconf 80' lang='lat' dir='ltr'><strong>tulit;</strong></span> <span class='ocrx_word' id='word_1_477' title='bbox 1495 1254 1519 1276; x_wconf 85' lang='lat' dir='ltr'><strong>et</strong></span> <span class='ocrx_word' id='word_1_478' title='bbox 1549 1250 1685 1285; x_wconf 78' lang='lat' dir='ltr'><strong>cogitabat</strong></span> <span class='ocrx_word' id='word_1_479' title='bbox 1709 1260 1797 1279; x_wconf 76' lang='lat' dir='ltr'><strong>secum</strong></span> <span class='ocrx_word' id='word_1_480' title='bbox 1812 1261 1822 1279; x_wconf 88' lang='lat'><em>:</em></span> 
     </span>
    </p>
   </div>
   <div class='ocr_carea' id='block_1_71' title="bbox 1031 1293 1822 1332">
    <p class='ocr_par' dir='ltr' id='par_1_71' title="bbox 1031 1293 1822 1332">
     <span class='ocr_line' id='line_1_71' title="bbox 1031 1293 1822 1332; baseline 0.008 -13"><span class='ocrx_word' id='word_1_481' title='bbox 1031 1293 1102 1326; x_wconf 81' lang='lat' dir='ltr'><strong>Quid</strong></span> <span class='ocrx_word' id='word_1_482' title='bbox 1123 1294 1242 1328; x_wconf 78' lang='lat' dir='ltr'><strong>faciam?</strong></span> <span class='ocrx_word' id='word_1_483' title='bbox 1266 1293 1409 1321; x_wconf 77' lang='lat' dir='ltr'><strong>Destruam</strong></span> <span class='ocrx_word' id='word_1_484' title='bbox 1424 1295 1517 1322; x_wconf 85' lang='lat' dir='ltr'><strong>horrea</strong></span> <span class='ocrx_word' id='word_1_485' title='bbox 1545 1304 1613 1328; x_wconf 85' lang='lat' dir='ltr'><strong>mea,</strong></span> <span class='ocrx_word' id='word_1_486' title='bbox 1641 1301 1665 1325; x_wconf 79' lang='lat' dir='ltr'><strong>et</strong></span> <span class='ocrx_word' id='word_1_487' title='bbox 1690 1298 1822 1332; x_wconf 74' lang='lat' dir='ltr'><strong>ampliora</strong></span> 
     </span>
    </p>
   </div>
   <div class='ocr_carea' id='block_1_72' title="bbox 1030 1338 1824 1378">
    <p class='ocr_par' dir='ltr' id='par_1_72' title="bbox 1030 1338 1824 1378">
     <span class='ocr_line' id='line_1_72' title="bbox 1030 1338 1824 1378; baseline 0.008 -13"><span class='ocrx_word' id='word_1_488' title='bbox 1030 1338 1167 1373; x_wconf 68' lang='lat' dir='ltr'><strong>aediﬁcabo</strong></span> <span class='ocrx_word' id='word_1_489' title='bbox 1181 1339 1258 1374; x_wconf 79' lang='lat' dir='ltr'><strong>(Luc.</strong></span> <span class='ocrx_word' id='word_1_490' title='bbox 1277 1348 1326 1374; x_wconf 80' lang='lat' dir='ltr'><strong>xu,</strong></span> <span class='ocrx_word' id='word_1_491' title='bbox 1343 1340 1447 1376; x_wconf 82' lang='grc'><strong>16-18).</strong></span> <span class='ocrx_word' id='word_1_492' title='bbox 1469 1341 1576 1377; x_wconf 87' lang='lat' dir='ltr'><strong>Ecquid</strong></span> <span class='ocrx_word' id='word_1_493' title='bbox 1588 1342 1672 1378; x_wconf 70' lang='lat' dir='ltr'><strong>igitur</strong></span> <span class='ocrx_word' id='word_1_494' title='bbox 1685 1343 1824 1372; x_wconf 78' lang='lat' dir='ltr'><strong>fructibus</strong></span> 
     </span>
    </p>
   </div>
   <div class='ocr_carea' id='block_1_73' title="bbox 1030 1385 1821 1424">
    <p class='ocr_par' dir='ltr' id='par_1_73' title="bbox 1030 1385 1821 1424">
     <span class='ocr_line' id='line_1_73' title="bbox 1030 1385 1821 1424; baseline 0.006 -12"><span class='ocrx_word' id='word_1_495' title='bbox 1030 1385 1182 1413; x_wconf 83' lang='lat' dir='ltr'><strong>abundavit</strong></span> <span class='ocrx_word' id='word_1_496' title='bbox 1196 1393 1261 1421; x_wconf 75' lang='lat' dir='ltr'><strong>ager</strong></span> <span class='ocrx_word' id='word_1_497' title='bbox 1277 1386 1353 1415; x_wconf 83' lang='lat' dir='ltr'><strong>illius</strong></span> <span class='ocrx_word' id='word_1_498' title='bbox 1369 1387 1501 1420; x_wconf 78' lang='lat' dir='ltr'><strong>hominis,</strong></span> <span class='ocrx_word' id='word_1_499' title='bbox 1527 1388 1576 1424; x_wconf 89' lang='lat' dir='ltr'><strong>qui</strong></span> <span class='ocrx_word' id='word_1_500' title='bbox 1591 1388 1672 1416; x_wconf 63' lang='lat' dir='ltr'><strong>nihil</strong></span> <span class='ocrx_word' id='word_1_501' title='bbox 1696 1389 1762 1417; x_wconf 89' lang='lat' dir='ltr'><strong>boni</strong></span> <span class='ocrx_word' id='word_1_502' title='bbox 1788 1398 1821 1417; x_wconf 85' lang='lat' dir='ltr'><strong>ex</strong></span> 
     </span>
    </p>
   </div>
   <div class='ocr_carea' id='block_1_74' title="bbox 1031 1431 1823 1471">
    <p class='ocr_par' dir='ltr' id='par_1_74' title="bbox 1031 1431 1823 1471">
     <span class='ocr_line' id='line_1_74' title="bbox 1031 1431 1823 1471; baseline 0.006 -12"><span class='ocrx_word' id='word_1_503' title='bbox 1031 1431 1083 1460; x_wconf 87' lang='lat' dir='ltr'><strong>hac</strong></span> <span class='ocrx_word' id='word_1_504' title='bbox 1103 1432 1184 1467; x_wconf 86' lang='lat' dir='ltr'><strong>copia</strong></span> <span class='ocrx_word' id='word_1_505' title='bbox 1209 1437 1238 1460; x_wconf 87' lang='lat' dir='ltr'><strong>et</strong></span> <span class='ocrx_word' id='word_1_506' title='bbox 1262 1433 1388 1462; x_wconf 81' lang='lat' dir='ltr'><strong>ubertate</strong></span> <span class='ocrx_word' id='word_1_507' title='bbox 1416 1433 1542 1462; x_wconf 85' lang='lat' dir='ltr'><strong>facturus</strong></span> <span class='ocrx_word' id='word_1_508' title='bbox 1569 1436 1650 1463; x_wconf 84' lang='lat' dir='ltr'><strong>crat?</strong></span> <span class='ocrx_word' id='word_1_509' title='bbox 1674 1436 1768 1471; x_wconf 87' lang='lat' dir='ltr'><strong>utique</strong></span> <span class='ocrx_word' id='word_1_510' title='bbox 1794 1441 1823 1463; x_wconf 83' lang='lat' dir='ltr'><strong>ut</strong></span> 
     </span>
    </p>
   </div>
   <div class='ocr_carea' id='block_1_75' title="bbox 1030 1477 1826 1518">
    <p class='ocr_par' dir='ltr' id='par_1_75' title="bbox 1030 1477 1826 1518">
     <span class='ocr_line' id='line_1_75' title="bbox 1030 1477 1826 1518; baseline 0.006 -13"><span class='ocrx_word' id='word_1_511' title='bbox 1030 1477 1163 1506; x_wconf 76' lang='lat' dir='ltr'><strong>diuturna</strong></span> <span class='ocrx_word' id='word_1_512' title='bbox 1184 1478 1232 1507; x_wconf 75' lang='lat' dir='ltr'><strong>Det</strong></span> <span class='ocrx_word' id='word_1_513' title='bbox 1253 1479 1386 1514; x_wconf 78' lang='lat' dir='ltr'><strong>patientia</strong></span> <span class='ocrx_word' id='word_1_514' title='bbox 1403 1482 1507 1509; x_wconf 87' lang='lat' dir='ltr'><strong>clarius</strong></span> <span class='ocrx_word' id='word_1_515' title='bbox 1526 1485 1645 1514; x_wconf 83' lang='lat' dir='ltr'><strong>eluceat,</strong></span> <span class='ocrx_word' id='word_1_516' title='bbox 1671 1483 1718 1517; x_wconf 91' lang='lat' dir='ltr'><strong>qui</strong></span> <span class='ocrx_word' id='word_1_517' title='bbox 1737 1490 1826 1518; x_wconf 81' lang='lat' dir='ltr'><strong>usque</strong></span> 
     </span>
    </p>
   </div>
   <div class='ocr_carea' id='block_1_76' title="bbox 1031 1524 1823 1565">
    <p class='ocr_par' dir='ltr' id='par_1_76' title="bbox 1031 1524 1823 1565">
     <span class='ocr_line' id='line_1_76' title="bbox 1031 1524 1823 1565; baseline 0.009 -15"><span class='ocrx_word' id='word_1_518' title='bbox 1031 1524 1066 1551; x_wconf 89' lang='lat' dir='ltr'><strong>ad</strong></span> <span class='ocrx_word' id='word_1_519' title='bbox 1089 1524 1227 1559; x_wconf 84' lang='lat' dir='ltr'><strong>ejusmodi</strong></span> <span class='ocrx_word' id='word_1_520' title='bbox 1244 1525 1372 1555; x_wconf 75' lang='lat' dir='ltr'><strong>homines</strong></span> <span class='ocrx_word' id='word_1_521' title='bbox 1387 1526 1584 1562; x_wconf 77' lang='lat' dir='ltr'><strong>benignitatem</strong></span> <span class='ocrx_word' id='word_1_522' title='bbox 1599 1536 1677 1555; x_wconf 89' lang='lat' dir='ltr'><strong>suam</strong></span> <span class='ocrx_word' id='word_1_523' title='bbox 1698 1529 1823 1565; x_wconf 77' lang='lat' dir='ltr'><strong>porrigit.</strong></span> 
     </span>
    </p>
   </div>
   <div class='ocr_carea' id='block_1_77' title="bbox 1030 1570 1824 1607">
    <p class='ocr_par' dir='ltr' id='par_1_77' title="bbox 1030 1570 1824 1607">
     <span class='ocr_line' id='line_1_77' title="bbox 1030 1570 1824 1607; baseline 0.006 -10"><span class='ocrx_word' id='word_1_524' title='bbox 1030 1570 1105 1597; x_wconf 83' lang='lat' dir='ltr'><strong>Pluit</strong></span> <span class='ocrx_word' id='word_1_525' title='bbox 1125 1571 1197 1598; x_wconf 83' lang='lat' dir='ltr'><strong>enim</strong></span> <span class='ocrx_word' id='word_1_526' title='bbox 1215 1578 1293 1605; x_wconf 77' lang='lat' dir='ltr'><strong>super</strong></span> <span class='ocrx_word' id='word_1_527' title='bbox 1311 1573 1401 1607; x_wconf 69' lang='lat' dir='ltr'><strong>justas</strong></span> <span class='ocrx_word' id='word_1_528' title='bbox 1415 1577 1442 1600; x_wconf 81' lang='grc' dir='ltr'><strong>ει</strong></span> <span class='ocrx_word' id='word_1_529' title='bbox 1458 1573 1585 1607; x_wconf 71' lang='lat' dir='ltr'><strong>injustas,</strong></span> <span class='ocrx_word' id='word_1_530' title='bbox 1603 1578 1628 1601; x_wconf 82' lang='lat' dir='ltr'><strong>et</strong></span> <span class='ocrx_word' id='word_1_531' title='bbox 1647 1574 1730 1602; x_wconf 76' lang='lat' dir='ltr'><strong>solem</strong></span> <span class='ocrx_word' id='word_1_532' title='bbox 1746 1583 1824 1602; x_wconf 71' lang='lat' dir='ltr'><strong>suum</strong></span> 
     </span>
    </p>
   </div>
   <div class='ocr_carea' id='block_1_78' title="bbox 1031 1617 1825 1657">
    <p class='ocr_par' dir='ltr' id='par_1_78' title="bbox 1031 1617 1825 1657">
     <span class='ocr_line' id='line_1_78' title="bbox 1031 1617 1825 1657; baseline 0.008 -14"><span class='ocrx_word' id='word_1_533' title='bbox 1031 1617 1099 1644; x_wconf 76' lang='lat' dir='ltr'><strong>oriri</strong></span> <span class='ocrx_word' id='word_1_534' title='bbox 1115 1617 1182 1652; x_wconf 77' lang='lat' dir='ltr'><strong>facit</strong></span> <span class='ocrx_word' id='word_1_535' title='bbox 1195 1625 1273 1652; x_wconf 74' lang='lat' dir='ltr'><strong>super</strong></span> <span class='ocrx_word' id='word_1_536' title='bbox 1287 1619 1368 1647; x_wconf 77' lang='lat' dir='ltr'><strong>bonos</strong></span> <span class='ocrx_word' id='word_1_537' title='bbox 1390 1624 1416 1646; x_wconf 72' lang='lat' dir='ltr'><strong>et</strong></span> <span class='ocrx_word' id='word_1_538' title='bbox 1436 1620 1521 1647; x_wconf 76' lang='lat' dir='ltr'><strong>malos</strong></span> <span class='ocrx_word' id='word_1_539' title='bbox 1540 1619 1651 1655; x_wconf 77' lang='lat' dir='ltr'><strong>(Matth.</strong></span> <span class='ocrx_word' id='word_1_540' title='bbox 1669 1629 1696 1654; x_wconf 71' lang='grc' dir='ltr'><strong>ν,</strong></span> <span class='ocrx_word' id='word_1_541' title='bbox 1716 1621 1773 1657; x_wconf 76' lang='lat' dir='ltr'><strong>t5).</strong></span> <span class='ocrx_word' id='word_1_542' title='bbox 1791 1623 1825 1649; x_wconf 83' lang='lat' dir='ltr'><strong>At</strong></span> 
     </span>
    </p>
   </div>
   <div class='ocr_carea' id='block_1_79' title="bbox 1031 1662 1824 1702">
    <p class='ocr_par' dir='ltr' id='par_1_79' title="bbox 1031 1662 1824 1702">
     <span class='ocr_line' id='line_1_79' title="bbox 1031 1662 1824 1702; baseline 0.005 -12"><span class='ocrx_word' id='word_1_543' title='bbox 1031 1662 1168 1698; x_wconf 79' lang='lat' dir='ltr'><strong>ejusmodi</strong></span> <span class='ocrx_word' id='word_1_544' title='bbox 1198 1664 1307 1693; x_wconf 87' lang='lat' dir='ltr'><strong>bonitas</strong></span> <span class='ocrx_word' id='word_1_545' title='bbox 1341 1666 1472 1700; x_wconf 88' lang='lat' dir='ltr'><strong>majorem</strong></span> <span class='ocrx_word' id='word_1_546' title='bbox 1503 1667 1638 1702; x_wconf 89' lang='lat' dir='ltr'><strong>improbis</strong></span> <span class='ocrx_word' id='word_1_547' title='bbox 1670 1668 1824 1695; x_wconf 86' lang='lat' dir='ltr'><strong>cruciatum</strong></span> 
     </span>
    </p>
   </div>
   <div class='ocr_carea' id='block_1_80' title="bbox 1032 1709 1824 1748">
    <p class='ocr_par' dir='ltr' id='par_1_80' title="bbox 1032 1709 1824 1748">
     <span class='ocr_line' id='line_1_80' title="bbox 1032 1709 1824 1748; baseline 0.006 -12"><span class='ocrx_word' id='word_1_548' title='bbox 1032 1709 1160 1740; x_wconf 82' lang='lat' dir='ltr'><strong>accersit.</strong></span> <span class='ocrx_word' id='word_1_549' title='bbox 1178 1710 1283 1739; x_wconf 86' lang='lat' dir='ltr'><strong>Imbres</strong></span> <span class='ocrx_word' id='word_1_550' title='bbox 1302 1711 1329 1738; x_wconf 93' lang='lat' dir='ltr'><strong>in</strong></span> <span class='ocrx_word' id='word_1_551' title='bbox 1344 1712 1436 1740; x_wconf 87' lang='lat' dir='ltr'><strong>solum</strong></span> <span class='ocrx_word' id='word_1_552' title='bbox 1453 1713 1519 1740; x_wconf 90' lang='lat' dir='ltr'><strong>illud</strong></span> <span class='ocrx_word' id='word_1_553' title='bbox 1534 1714 1639 1745; x_wconf 84' lang='lat' dir='ltr'><strong>emisit.</strong></span> <span class='ocrx_word' id='word_1_554' title='bbox 1661 1714 1735 1748; x_wconf 89' lang='lat' dir='ltr'><strong>quod</strong></span> <span class='ocrx_word' id='word_1_555' title='bbox 1749 1715 1824 1742; x_wconf 85' lang='lat' dir='ltr'><strong>avari</strong></span> 
     </span>
    </p>
   </div>
   <div class='ocr_carea' id='block_1_81' title="bbox 1032 1756 1823 1794">
    <p class='ocr_par' dir='ltr' id='par_1_81' title="bbox 1032 1756 1823 1794">
     <span class='ocr_line' id='line_1_81' title="bbox 1032 1756 1823 1794; baseline 0.005 -12"><span class='ocrx_word' id='word_1_556' title='bbox 1032 1763 1115 1783; x_wconf 81' lang='lat' dir='ltr'><strong>manli</strong></span> <span class='ocrx_word' id='word_1_557' title='bbox 1130 1756 1282 1792; x_wconf 71' lang='lat' dir='ltr'><strong>colebatur.</strong></span> <span class='ocrx_word' id='word_1_558' title='bbox 1301 1757 1382 1786; x_wconf 87' lang='lat' dir='ltr'><strong>Dedit</strong></span> <span class='ocrx_word' id='word_1_559' title='bbox 1405 1758 1505 1791; x_wconf 87' lang='lat' dir='ltr'><strong>solem,</strong></span> <span class='ocrx_word' id='word_1_560' title='bbox 1522 1759 1569 1794; x_wconf 91' lang='lat' dir='ltr'><strong>qui</strong></span> <span class='ocrx_word' id='word_1_561' title='bbox 1584 1761 1690 1787; x_wconf 83' lang='lat' dir='ltr'><strong>semina</strong></span> <span class='ocrx_word' id='word_1_562' title='bbox 1708 1760 1823 1792; x_wconf 86' lang='lat' dir='ltr'><strong>foveret,</strong></span> 
     </span>
    </p>
   </div>
   <div class='ocr_carea' id='block_1_82' title="bbox 1032 1803 1823 1840">
    <p class='ocr_par' dir='ltr' id='par_1_82' title="bbox 1032 1803 1823 1840">
     <span class='ocr_line' id='line_1_82' title="bbox 1032 1803 1823 1840; baseline 0.005 -10"><span class='ocrx_word' id='word_1_563' title='bbox 1032 1807 1059 1830; x_wconf 85' lang='lat' dir='ltr'><strong>et</strong></span> <span class='ocrx_word' id='word_1_564' title='bbox 1079 1811 1129 1838; x_wconf 90' lang='lat' dir='ltr'><strong>per</strong></span> <span class='ocrx_word' id='word_1_565' title='bbox 1149 1803 1317 1832; x_wconf 80' lang='lat' dir='ltr'><strong>fertilitatem</strong></span> <span class='ocrx_word' id='word_1_566' title='bbox 1337 1804 1445 1832; x_wconf 87' lang='lat' dir='ltr'><strong>fructus</strong></span> <span class='ocrx_word' id='word_1_567' title='bbox 1470 1805 1677 1840; x_wconf 84' lang='lat' dir='ltr'><strong>multipliearct.</strong></span> <span class='ocrx_word' id='word_1_568' title='bbox 1695 1806 1734 1833; x_wconf 80' lang='lat' dir='ltr'><strong>Ac</strong></span> <span class='ocrx_word' id='word_1_569' title='bbox 1760 1807 1823 1834; x_wconf 83' lang='lat' dir='ltr'><strong>talia</strong></span> 
     </span>
    </p>
   </div>
   <div class='ocr_carea' id='block_1_83' title="bbox 1032 1849 1824 1886">
    <p class='ocr_par' dir='ltr' id='par_1_83' title="bbox 1032 1849 1824 1886">
     <span class='ocr_line' id='line_1_83' title="bbox 1032 1849 1824 1886; baseline 0.004 -10"><span class='ocrx_word' id='word_1_570' title='bbox 1032 1849 1142 1884; x_wconf 84' lang='lat' dir='ltr'><strong>quidem</strong></span> <span class='ocrx_word' id='word_1_571' title='bbox 1160 1849 1207 1877; x_wconf 83' lang='lat' dir='ltr'><strong>Dei</strong></span> <span class='ocrx_word' id='word_1_572' title='bbox 1228 1849 1361 1878; x_wconf 77' lang='lat' dir='ltr'><strong>beneﬁcio</strong></span> <span class='ocrx_word' id='word_1_573' title='bbox 1384 1851 1571 1886; x_wconf 76' lang='lat' dir='ltr'><strong>contigerunt,</strong></span> <span class='ocrx_word' id='word_1_574' title='bbox 1594 1855 1674 1879; x_wconf 65' lang='lat' dir='ltr'><strong>terra</strong></span> <span class='ocrx_word' id='word_1_575' title='bbox 1693 1852 1824 1880; x_wconf 87' lang='lat' dir='ltr'><strong>nimirum</strong></span> 
     </span>
    </p>
   </div>
   <div class='ocr_carea' id='block_1_84' title="bbox 1032 1895 1824 1932">
    <p class='ocr_par' dir='ltr' id='par_1_84' title="bbox 1032 1895 1824 1932">
     <span class='ocr_line' id='line_1_84' title="bbox 1032 1895 1824 1932; baseline 0.004 -10"><span class='ocrx_word' id='word_1_576' title='bbox 1032 1895 1168 1931; x_wconf 85' lang='lat' dir='ltr'><strong>aptitudo,</strong></span> <span class='ocrx_word' id='word_1_577' title='bbox 1182 1896 1257 1924; x_wconf 89' lang='lat' dir='ltr'><strong>aeris</strong></span> <span class='ocrx_word' id='word_1_578' title='bbox 1286 1897 1445 1931; x_wconf 81' lang='lat' dir='ltr'><strong>temperies,</strong></span> <span class='ocrx_word' id='word_1_579' title='bbox 1467 1897 1603 1925; x_wconf 83' lang='lat' dir='ltr'><strong>seminum</strong></span> <span class='ocrx_word' id='word_1_580' title='bbox 1623 1897 1715 1932; x_wconf 81' lang='lat' dir='ltr'><strong>copia,</strong></span> <span class='ocrx_word' id='word_1_581' title='bbox 1740 1898 1824 1926; x_wconf 89' lang='lat' dir='ltr'><strong>boum</strong></span> 
     </span>
    </p>
   </div>
   <div class='ocr_carea' id='block_1_85' title="bbox 1032 1942 1823 1979">
    <p class='ocr_par' dir='ltr' id='par_1_85' title="bbox 1032 1942 1823 1979">
     <span class='ocr_line' id='line_1_85' title="bbox 1032 1942 1823 1979; baseline 0.001 -10"><span class='ocrx_word' id='word_1_582' title='bbox 1032 1948 1132 1976; x_wconf 73' lang='lat' dir='ltr'><strong>operte,</strong></span> <span class='ocrx_word' id='word_1_583' title='bbox 1157 1946 1312 1976; x_wconf 58' lang='lat' dir='ltr'><strong>ceteraque</strong></span> <span class='ocrx_word' id='word_1_584' title='bbox 1326 1949 1361 1970; x_wconf 84' lang='lat' dir='ltr'><strong>ex</strong></span> <span class='ocrx_word' id='word_1_585' title='bbox 1375 1942 1479 1977; x_wconf 85' lang='lat' dir='ltr'><strong>quibus</strong></span> <span class='ocrx_word' id='word_1_586' title='bbox 1505 1943 1565 1978; x_wconf 71' lang='lat' dir='ltr'><strong>agri</strong></span> <span class='ocrx_word' id='word_1_587' title='bbox 1588 1943 1696 1972; x_wconf 85' lang='lat' dir='ltr'><strong>cultura</strong></span> <span class='ocrx_word' id='word_1_588' title='bbox 1712 1943 1823 1979; x_wconf 69' lang='lat' dir='ltr'><strong>frugum</strong></span> 
     </span>
    </p>
   </div>
   <div class='ocr_carea' id='block_1_86' title="bbox 1033 1986 1824 2027">
    <p class='ocr_par' dir='ltr' id='par_1_86' title="bbox 1033 1986 1824 2027">
     <span class='ocr_line' id='line_1_86' title="bbox 1033 1986 1824 2027; baseline 0.004 -14"><span class='ocrx_word' id='word_1_589' title='bbox 1033 1986 1229 2014; x_wconf 86' lang='lat' dir='ltr'><strong>abundantiam</strong></span> <span class='ocrx_word' id='word_1_590' title='bbox 1245 1987 1391 2022; x_wconf 82' lang='lat' dir='ltr'><strong>concipere</strong></span> <span class='ocrx_word' id='word_1_591' title='bbox 1407 1989 1488 2019; x_wconf 81' lang='lat' dir='ltr'><strong>solet.</strong></span> <span class='ocrx_word' id='word_1_592' title='bbox 1506 1988 1605 2022; x_wconf 83' lang='lat' dir='ltr'><strong>Qualia</strong></span> <span class='ocrx_word' id='word_1_593' title='bbox 1628 1994 1721 2027; x_wconf 73' lang='lat' dir='ltr'><strong>autem</strong></span> <span class='ocrx_word' id='word_1_594' title='bbox 1743 1995 1824 2017; x_wconf 87' lang='lat' dir='ltr'><strong>erant</strong></span> 
     </span>
    </p>
   </div>
   <div class='ocr_carea' id='block_1_87' title="bbox 1032 2031 1823 2068">
    <p class='ocr_par' dir='ltr' id='par_1_87' title="bbox 1032 2031 1823 2068">
     <span class='ocr_line' id='line_1_87' title="bbox 1032 2031 1823 2068; baseline 0.006 -11"><span class='ocrx_word' id='word_1_595' title='bbox 1032 2038 1094 2066; x_wconf 82' lang='lat' dir='ltr'><strong>quae</strong></span> <span class='ocrx_word' id='word_1_596' title='bbox 1106 2031 1141 2058; x_wconf 86' lang='lat' dir='ltr'><strong>ab</strong></span> <span class='ocrx_word' id='word_1_597' title='bbox 1149 2031 1260 2059; x_wconf 84' lang='lat' dir='ltr'><strong>homine</strong></span> <span class='ocrx_word' id='word_1_598' title='bbox 1274 2031 1543 2066; x_wconf 80' lang='lat' dir='ltr'><strong>proﬁciscebantur?</strong></span> <span class='ocrx_word' id='word_1_599' title='bbox 1554 2034 1692 2062; x_wconf 84' lang='lat' dir='ltr'><strong>acerbitas</strong></span> <span class='ocrx_word' id='word_1_600' title='bbox 1704 2042 1823 2068; x_wconf 90' lang='lat' dir='ltr'><strong>morum,</strong></span> 
     </span>
    </p>
   </div>
   <div class='ocr_carea' id='block_1_88' title="bbox 1033 2077 1824 2116">
    <p class='ocr_par' dir='ltr' id='par_1_88' title="bbox 1033 2077 1824 2116">
     <span class='ocr_line' id='line_1_88' title="bbox 1033 2077 1824 2116; baseline 0.006 -12"><span class='ocrx_word' id='word_1_601' title='bbox 1033 2077 1230 2110; x_wconf 82' lang='lat' dir='ltr'><strong>inhumanitas,</strong></span> <span class='ocrx_word' id='word_1_602' title='bbox 1246 2078 1430 2107; x_wconf 88' lang='lat' dir='ltr'><strong>illiberalitas.</strong></span> <span class='ocrx_word' id='word_1_603' title='bbox 1450 2079 1514 2108; x_wconf 70' lang='lat' dir='ltr'><strong>Haec</strong></span> <span class='ocrx_word' id='word_1_604' title='bbox 1528 2079 1574 2108; x_wconf 87' lang='lat' dir='ltr'><strong>ille</strong></span> <span class='ocrx_word' id='word_1_605' title='bbox 1592 2080 1646 2108; x_wconf 90' lang='lat' dir='ltr'><strong>Deo</strong></span> <span class='ocrx_word' id='word_1_606' title='bbox 1662 2089 1712 2116; x_wconf 88' lang='lat' dir='ltr'><strong>pro</strong></span> <span class='ocrx_word' id='word_1_607' title='bbox 1736 2081 1824 2116; x_wconf 83' lang='lat' dir='ltr'><strong>ipsius</strong></span> 
     </span>
    </p>
   </div>
   <div class='ocr_carea' id='block_1_89' title="bbox 1033 2124 1823 2159">
    <p class='ocr_par' dir='ltr' id='par_1_89' title="bbox 1033 2124 1823 2159">
     <span class='ocr_line' id='line_1_89' title="bbox 1033 2124 1823 2159; baseline 0.004 -7"><span class='ocrx_word' id='word_1_608' title='bbox 1033 2131 1098 2159; x_wconf 75' lang='lat' dir='ltr'><strong>erga</strong></span> <span class='ocrx_word' id='word_1_609' title='bbox 1123 2132 1153 2152; x_wconf 85' lang='lat' dir='ltr'><strong>se</strong></span> <span class='ocrx_word' id='word_1_610' title='bbox 1169 2124 1275 2152; x_wconf 88' lang='lat' dir='ltr'><strong>meritis</strong></span> <span class='ocrx_word' id='word_1_611' title='bbox 1294 2124 1440 2153; x_wconf 77' lang='lat' dir='ltr'><strong>referebat.</strong></span> <span class='ocrx_word' id='word_1_612' title='bbox 1460 2126 1622 2154; x_wconf 87' lang='lat' dir='ltr'><strong>Communis</strong></span> <span class='ocrx_word' id='word_1_613' title='bbox 1646 2131 1753 2155; x_wconf 61' lang='lat' dir='ltr'><strong>natura:</strong></span> <span class='ocrx_word' id='word_1_614' title='bbox 1768 2135 1823 2156; x_wconf 86' lang='lat' dir='ltr'><strong>non</strong></span> 
     </span>
    </p>
   </div>
   <div class='ocr_carea' id='block_1_90' title="bbox 1034 2169 1824 2206">
    <p class='ocr_par' dir='ltr' id='par_1_90' title="bbox 1034 2169 1824 2206">
     <span class='ocr_line' id='line_1_90' title="bbox 1034 2169 1824 2206; baseline 0.008 -10"><span class='ocrx_word' id='word_1_615' title='bbox 1034 2169 1216 2204; x_wconf 87' lang='lat' dir='ltr'><strong>meminerat;</strong></span> <span class='ocrx_word' id='word_1_616' title='bbox 1235 2178 1291 2198; x_wconf 89' lang='lat' dir='ltr'><strong>non</strong></span> <span class='ocrx_word' id='word_1_617' title='bbox 1313 2171 1367 2198; x_wconf 87' lang='lat' dir='ltr'><strong>sibi</strong></span> <span class='ocrx_word' id='word_1_618' title='bbox 1386 2171 1542 2199; x_wconf 85' lang='lat' dir='ltr'><strong>faciendum</strong></span> <span class='ocrx_word' id='word_1_619' title='bbox 1560 2180 1622 2201; x_wconf 82' lang='lat' dir='ltr'><strong>esse</strong></span> <span class='ocrx_word' id='word_1_620' title='bbox 1645 2174 1774 2206; x_wconf 73' lang='lat' dir='ltr'><strong>ducebat,</strong></span> <span class='ocrx_word' id='word_1_621' title='bbox 1795 2181 1824 2202; x_wconf 95' lang='lat' dir='ltr'><strong>ut</strong></span> 
     </span>
    </p>
   </div>
   <div class='ocr_carea' id='block_1_91' title="bbox 191 2215 979 2255">
    <p class='ocr_par' dir='ltr' id='par_1_91' title="bbox 191 2218 979 2255">
     <span class='ocr_line' id='line_1_91' title="bbox 191 2218 979 2255; baseline 0.003 -10"><span class='ocrx_word' id='word_1_622' title='bbox 191 2219 315 2254; x_wconf 77' lang='grc' dir='ltr'><strong>ἀπόσχῃ</strong></span> <span class='ocrx_word' id='word_1_623' title='bbox 345 2219 478 2247; x_wconf 78' lang='grc' dir='ltr'>εὐποιεῖν</span> <span class='ocrx_word' id='word_1_624' title='bbox 506 2218 612 2254; x_wconf 80' lang='grc' dir='ltr'><strong>ἐνδεῆ·</strong></span> <span class='ocrx_word' id='word_1_625' title='bbox 638 2220 695 2253; x_wconf 71' lang='grc' dir='ltr'>καὶ,</span> <span class='ocrx_word' id='word_1_626' title='bbox 718 2220 900 2255; x_wconf 77' lang='grc' dir='ltr'>ἐλεημοσύναι</span> <span class='ocrx_word' id='word_1_627' title='bbox 934 2221 979 2247; x_wconf 81' lang='grc' dir='ltr'>καὶ</span> 
     </span>
    </p>
   </div>
   <div class='ocr_carea' id='block_1_92' title="bbox 1030 2215 1823 2255">
    <p class='ocr_par' dir='ltr' id='par_1_92' title="bbox 1033 2215 1823 2253">
     <span class='ocr_line' id='line_1_92' title="bbox 1033 2215 1823 2253; baseline 0.009 -12"><span class='ocrx_word' id='word_1_628' title='bbox 1033 2215 1108 2250; x_wconf 89' lang='lat' dir='ltr'><strong>quod</strong></span> <span class='ocrx_word' id='word_1_629' title='bbox 1124 2215 1305 2249; x_wconf 85' lang='lat' dir='ltr'><strong>redundaret,</strong></span> <span class='ocrx_word' id='word_1_630' title='bbox 1318 2217 1412 2252; x_wconf 83' lang='lat' dir='ltr'><strong>egenis</strong></span> <span class='ocrx_word' id='word_1_631' title='bbox 1431 2218 1591 2253; x_wconf 85' lang='lat' dir='ltr'><strong>impertiret.</strong></span> <span class='ocrx_word' id='word_1_632' title='bbox 1612 2219 1721 2247; x_wconf 83' lang='lat' dir='ltr'><strong>Nullam</strong></span> <span class='ocrx_word' id='word_1_633' title='bbox 1739 2221 1823 2249; x_wconf 82' lang='lat' dir='ltr'><strong>ratio-</strong></span> 
     </span>
    </p>
   </div>
   <div class='ocr_carea' id='block_1_93' title="bbox 192 2263 982 2300">
    <p class='ocr_par' dir='ltr' id='par_1_93' title="bbox 192 2263 982 2300">
     <span class='ocr_line' id='line_1_93' title="bbox 192 2263 982 2300; baseline 0.005 -10"><span class='ocrx_word' id='word_1_634' title='bbox 192 2263 300 2295; x_wconf 82' lang='grc' dir='ltr'>πίστεις</span> <span class='ocrx_word' id='word_1_635' title='bbox 321 2264 358 2299; x_wconf 88' lang='grc' dir='ltr'>μὴ</span> <span class='ocrx_word' id='word_1_636' title='bbox 381 2264 584 2292; x_wconf 74' lang='grc' dir='ltr'>ὲκλειπέτωσάν</span> <span class='ocrx_word' id='word_1_637' title='bbox 597 2273 641 2292; x_wconf 81' lang='grc' dir='ltr'>σε’</span> <span class='ocrx_word' id='word_1_638' title='bbox 660 2265 708 2292; x_wconf 77' lang='grc' dir='ltr'><strong>καὶ</strong></span> <span class='ocrx_word' id='word_1_639' title='bbox 727 2265 892 2300; x_wconf 79' lang='grc' dir='ltr'>Διάορυπτε</span> <span class='ocrx_word' id='word_1_640' title='bbox 920 2274 982 2294; x_wconf 79' lang='grc' dir='ltr'>πει-</span> 
     </span>
    </p>
   </div>
   <div class='ocr_carea' id='block_1_94' title="bbox 193 2307 980 2348">
    <p class='ocr_par' dir='ltr' id='par_1_94' title="bbox 193 2307 980 2348">
     <span class='ocr_line' id='line_1_94' title="bbox 193 2307 980 2348; baseline 0.005 -13"><span class='ocrx_word' id='word_1_641' title='bbox 193 2307 282 2336; x_wconf 84' lang='grc' dir='ltr'>νῶντι</span> <span class='ocrx_word' id='word_1_642' title='bbox 316 2310 371 2336; x_wconf 78' lang='grc' dir='ltr'><strong>τὸν</strong></span> <span class='ocrx_word' id='word_1_643' title='bbox 401 2309 494 2343; x_wconf 78' lang='grc' dir='ltr'>ἄρτον</span> <span class='ocrx_word' id='word_1_644' title='bbox 522 2318 591 2338; x_wconf 85' lang='grc' dir='ltr'>σου.</span> <span class='ocrx_word' id='word_1_645' title='bbox 621 2311 676 2337; x_wconf 80' lang='grc' dir='ltr'>Καὶ</span> <span class='ocrx_word' id='word_1_646' title='bbox 701 2311 803 2343; x_wconf 86' lang='grc' dir='ltr'>πάντες</span> <span class='ocrx_word' id='word_1_647' title='bbox 830 2312 980 2348; x_wconf 85' lang='grc' dir='ltr'>προφῆται,</span> 
     </span>
    </p>
   </div>
   <div class='ocr_carea' id='block_1_95' title="bbox 194 2355 980 2392">
    <p class='ocr_par' dir='ltr' id='par_1_95' title="bbox 194 2355 980 2392">
     <span class='ocr_line' id='line_1_95' title="bbox 194 2355 980 2392; baseline 0.005 -11"><span class='ocrx_word' id='word_1_648' title='bbox 194 2355 243 2382; x_wconf 77' lang='grc' dir='ltr'>καὶ</span> <span class='ocrx_word' id='word_1_649' title='bbox 252 2355 354 2387; x_wconf 85' lang='grc' dir='ltr'>πάντες</span> <span class='ocrx_word' id='word_1_650' title='bbox 373 2355 529 2383; x_wconf 77' lang='grc' dir='ltr'>διδάσκαλοι</span> <span class='ocrx_word' id='word_1_651' title='bbox 553 2356 705 2388; x_wconf 72' lang='grc' dir='ltr'>ἐκϐοῶντες</span> <span class='ocrx_word' id='word_1_652' title='bbox 726 2357 777 2384; x_wconf 82' lang='grc' dir='ltr'>οὐκ</span> <span class='ocrx_word' id='word_1_653' title='bbox 795 2357 980 2392; x_wconf 86' lang='grc' dir='ltr'>είσηκούοντο,</span> 
     </span>
    </p>
   </div>
   <div class='ocr_carea' id='block_1_96' title="bbox 193 2399 981 2438">
    <p class='ocr_par' dir='ltr' id='par_1_96' title="bbox 193 2399 981 2438">
     <span class='ocr_line' id='line_1_96' title="bbox 193 2399 981 2438; baseline 0.004 -10"><span class='ocrx_word' id='word_1_654' title='bbox 193 2399 251 2428; x_wconf 84' lang='grc' dir='ltr'>ἀλλ’</span> <span class='ocrx_word' id='word_1_655' title='bbox 265 2400 294 2426; x_wconf 80' lang='grc' dir='ltr'>αι</span> <span class='ocrx_word' id='word_1_656' title='bbox 309 2400 360 2436; x_wconf 70' lang='grc' dir='ltr'>μὲν</span> <span class='ocrx_word' id='word_1_657' title='bbox 374 2400 513 2435; x_wconf 73' lang='grc' dir='ltr'>ἀπο6ἦκαι</span> <span class='ocrx_word' id='word_1_658' title='bbox 531 2401 728 2437; x_wconf 70' lang='grc' dir='ltr'>διερρήγνυντο</span> <span class='ocrx_word' id='word_1_659' title='bbox 743 2402 783 2438; x_wconf 89' lang='grc' dir='ltr'>τῷ</span> <span class='ocrx_word' id='word_1_660' title='bbox 803 2402 902 2438; x_wconf 71' lang='grc' dir='ltr'>πλήθει</span> <span class='ocrx_word' id='word_1_661' title='bbox 927 2403 981 2432; x_wconf 82' lang='grc' dir='ltr'><strong>τῶν</strong></span> 
     </span>
    </p>
   </div>
   <div class='ocr_carea' id='block_1_97' title="bbox 193 2443 982 2483">
    <p class='ocr_par' dir='ltr' id='par_1_97' title="bbox 193 2443 982 2483">
     <span class='ocr_line' id='line_1_97' title="bbox 193 2443 982 2483; baseline 0.005 -11"><span class='ocrx_word' id='word_1_662' title='bbox 193 2443 383 2481; x_wconf 64' lang='grc' dir='ltr'>ἀποκειμένων</span> <span class='ocrx_word' id='word_1_663' title='bbox 423 2447 687 2483; x_wconf 85' lang='grc' dir='ltr'>στενοχωρούμεναι.</span> <span class='ocrx_word' id='word_1_664' title='bbox 721 2448 754 2475; x_wconf 86' lang='grc' dir='ltr'><strong>Ἡ</strong></span> <span class='ocrx_word' id='word_1_665' title='bbox 787 2448 917 2483; x_wconf 81' lang='grc' dir='ltr'>φειδωλὸς</span> <span class='ocrx_word' id='word_1_666' title='bbox 952 2449 982 2476; x_wconf 81' lang='grc' dir='ltr'>δὲ</span> 
     </span>
    </p>
   </div>
   <div class='ocr_carea' id='block_1_98' title="bbox 194 2489 983 2528">
    <p class='ocr_par' dir='ltr' id='par_1_98' title="bbox 194 2489 983 2528">
     <span class='ocr_line' id='line_1_98' title="bbox 194 2489 983 2528; baseline 0.008 -13"><span class='ocrx_word' id='word_1_667' title='bbox 194 2489 293 2524; x_wconf 84' lang='grc' dir='ltr'>καρδία</span> <span class='ocrx_word' id='word_1_668' title='bbox 311 2489 361 2517; x_wconf 83' lang='grc' dir='ltr'>οὐκ</span> <span class='ocrx_word' id='word_1_669' title='bbox 376 2490 572 2526; x_wconf 77' lang='grc' dir='ltr'>ἐνεπίμπλατο.</span> <span class='ocrx_word' id='word_1_670' title='bbox 598 2492 654 2519; x_wconf 76' lang='grc' dir='ltr'><strong>Ἀεὶ</strong></span> <span class='ocrx_word' id='word_1_671' title='bbox 672 2492 726 2528; x_wconf 83' lang='grc' dir='ltr'>γὰρ</span> <span class='ocrx_word' id='word_1_672' title='bbox 740 2493 774 2520; x_wconf 83' lang='grc' dir='ltr'><strong>τὰ</strong></span> <span class='ocrx_word' id='word_1_673' title='bbox 791 2493 840 2521; x_wconf 86' lang='grc' dir='ltr'><strong>νέα</strong></span> <span class='ocrx_word' id='word_1_674' title='bbox 858 2494 912 2525; x_wconf 85' lang='grc' dir='ltr'>τοῖς</span> <span class='ocrx_word' id='word_1_675' title='bbox 928 2502 983 2521; x_wconf 79' lang='grc' dir='ltr'>πα-</span> 
     </span>
    </p>
   </div>
   <div class='ocr_carea' id='block_1_99' title="bbox 194 2535 981 2576">
    <p class='ocr_par' dir='ltr' id='par_1_99' title="bbox 194 2535 981 2576">
     <span class='ocr_line' id='line_1_99' title="bbox 194 2535 981 2576; baseline 0.008 -15"><span class='ocrx_word' id='word_1_676' title='bbox 194 2535 281 2567; x_wconf 85' lang='grc' dir='ltr'>λαιοῖς</span> <span class='ocrx_word' id='word_1_677' title='bbox 291 2536 457 2572; x_wconf 77' lang='grc' dir='ltr'>προστιθεὶς,</span> <span class='ocrx_word' id='word_1_678' title='bbox 473 2537 519 2564; x_wconf 79' lang='grc' dir='ltr'><strong>καὶ</strong></span> <span class='ocrx_word' id='word_1_679' title='bbox 529 2539 588 2570; x_wconf 86' lang='grc' dir='ltr'>ταῖς</span> <span class='ocrx_word' id='word_1_680' title='bbox 600 2539 661 2565; x_wconf 80' lang='grc' dir='ltr'>κατ’</span> <span class='ocrx_word' id='word_1_681' title='bbox 673 2538 733 2571; x_wconf 76' lang='grc' dir='ltr'>ἔτος</span> <span class='ocrx_word' id='word_1_682' title='bbox 746 2540 918 2575; x_wconf 81' lang='grc' dir='ltr'>προσθήκαις</span> <span class='ocrx_word' id='word_1_683' title='bbox 932 2540 981 2576; x_wconf 76' lang='grc' dir='ltr'>τὴν</span> 
     </span>
    </p>
   </div>
   <div class='ocr_carea' id='block_1_100' title="bbox 193 2581 981 2624">
    <p class='ocr_par' dir='ltr' id='par_1_100' title="bbox 193 2581 981 2624">
     <span class='ocr_line' id='line_1_100' title="bbox 193 2581 981 2624; baseline 0.01 -17"><span class='ocrx_word' id='word_1_684' title='bbox 193 2581 326 2618; x_wconf 80' lang='grc' dir='ltr'>εὐπορίαν</span> <span class='ocrx_word' id='word_1_685' title='bbox 347 2584 520 2619; x_wconf 75' lang='grc' dir='ltr'>προσαύξων,</span> <span class='ocrx_word' id='word_1_686' title='bbox 547 2586 586 2617; x_wconf 84' lang='grc' dir='ltr'><strong>είς</strong></span> <span class='ocrx_word' id='word_1_687' title='bbox 600 2586 650 2622; x_wconf 80' lang='grc' dir='ltr'>τὴν</span> <span class='ocrx_word' id='word_1_688' title='bbox 672 2586 854 2619; x_wconf 74' lang='grc' dir='ltr'>ἀδιεξόδευτον</span> <span class='ocrx_word' id='word_1_689' title='bbox 878 2588 981 2624; x_wconf 83' lang='grc' dir='ltr'>ταύτην</span> 
     </span>
    </p>
   </div>
   <div class='ocr_carea' id='block_1_101' title="bbox 191 2627 981 2668">
    <p class='ocr_par' dir='ltr' id='par_1_101' title="bbox 191 2627 981 2668">
     <span class='ocr_line' id='line_1_101' title="bbox 191 2627 981 2668; baseline 0.009 -14"><span class='ocrx_word' id='word_1_690' title='bbox 191 2627 351 2663; x_wconf 73' lang='grc' dir='ltr'>ἀμηχανίαν</span> <span class='ocrx_word' id='word_1_691' title='bbox 370 2629 508 2658; x_wconf 71' lang='grc' dir='ltr'>ἐνέπεσεν.</span> <span class='ocrx_word' id='word_1_692' title='bbox 529 2631 698 2667; x_wconf 82' lang='grc' dir='ltr'>Ὑποχωρεῖν</span> <span class='ocrx_word' id='word_1_693' title='bbox 715 2632 766 2668; x_wconf 72' lang='grc' dir='ltr'>μὲν</span> <span class='ocrx_word' id='word_1_694' title='bbox 782 2634 838 2666; x_wconf 76' lang='grc' dir='ltr'>τοῖς</span> <span class='ocrx_word' id='word_1_695' title='bbox 855 2634 981 2666; x_wconf 84' lang='grc' dir='ltr'>παλαιοῖς</span> 
     </span>
    </p>
   </div>
   <div class='ocr_carea' id='block_1_102' title="bbox 193 2672 982 2716">
    <p class='ocr_par' dir='ltr' id='par_1_102' title="bbox 193 2672 982 2716">
     <span class='ocr_line' id='line_1_102' title="bbox 193 2672 982 2716; baseline 0.009 -16"><span class='ocrx_word' id='word_1_696' title='bbox 193 2672 238 2701; x_wconf 73' lang='grc' dir='ltr'><strong>διὰ</strong></span> <span class='ocrx_word' id='word_1_697' title='bbox 256 2674 306 2710; x_wconf 82' lang='grc' dir='ltr'><strong>τὴν</strong></span> <span class='ocrx_word' id='word_1_698' title='bbox 322 2676 478 2709; x_wconf 80' lang='grc' dir='ltr'>πλεονεξίαν</span> <span class='ocrx_word' id='word_1_699' title='bbox 504 2678 541 2714; x_wconf 81' lang='grc' dir='ltr'>μὴ</span> <span class='ocrx_word' id='word_1_700' title='bbox 563 2679 723 2714; x_wconf 82' lang='grc' dir='ltr'>συγχωρῶν,</span> <span class='ocrx_word' id='word_1_701' title='bbox 753 2680 931 2716; x_wconf 81' lang='grc' dir='ltr'>ὑποδέχεσθαι</span> <span class='ocrx_word' id='word_1_702' title='bbox 953 2680 982 2707; x_wconf 78' lang='grc' dir='ltr'>δὲ</span> 
     </span>
    </p>
   </div>
   <div class='ocr_carea' id='block_1_103' title="bbox 193 2719 981 2762">
    <p class='ocr_par' dir='ltr' id='par_1_103' title="bbox 193 2719 981 2762">
     <span class='ocr_line' id='line_1_103' title="bbox 193 2719 981 2762; baseline 0.01 -17"><span class='ocrx_word' id='word_1_703' title='bbox 193 2719 228 2746; x_wconf 80' lang='grc' dir='ltr'>τὰ</span> <span class='ocrx_word' id='word_1_704' title='bbox 241 2719 289 2747; x_wconf 75' lang='grc' dir='ltr'><strong>νέα</strong></span> <span class='ocrx_word' id='word_1_705' title='bbox 302 2720 347 2748; x_wconf 83' lang='grc' dir='ltr'>διὰ</span> <span class='ocrx_word' id='word_1_706' title='bbox 361 2721 392 2748; x_wconf 79' lang='grc' dir='ltr'>τὸ</span> <span class='ocrx_word' id='word_1_707' title='bbox 409 2722 510 2758; x_wconf 84' lang='grc' dir='ltr'>πλῆθος</span> <span class='ocrx_word' id='word_1_708' title='bbox 526 2724 564 2760; x_wconf 80' lang='grc' dir='ltr'>μὴ</span> <span class='ocrx_word' id='word_1_709' title='bbox 580 2724 715 2760; x_wconf 79' lang='grc' dir='ltr'>ἐξαρκῶν.</span> <span class='ocrx_word' id='word_1_710' title='bbox 742 2725 792 2753; x_wconf 81' lang='grc' dir='ltr'>Διὰ</span> <span class='ocrx_word' id='word_1_711' title='bbox 820 2726 900 2753; x_wconf 85' lang='grc' dir='ltr'>τοῦτο</span> <span class='ocrx_word' id='word_1_712' title='bbox 915 2727 981 2762; x_wconf 83' lang='grc' dir='ltr'>ἀνή-</span> 
     </span>
    </p>
   </div>
   <div class='ocr_carea' id='block_1_104' title="bbox 194 2766 981 2808">
    <p class='ocr_par' dir='ltr' id='par_1_104' title="bbox 194 2766 981 2808">
     <span class='ocr_line' id='line_1_104' title="bbox 194 2766 981 2808; baseline 0.01 -16"><span class='ocrx_word' id='word_1_713' title='bbox 194 2773 260 2792; x_wconf 89' lang='grc' dir='ltr'>νυτα</span> <span class='ocrx_word' id='word_1_714' title='bbox 281 2766 332 2800; x_wconf 83' lang='grc' dir='ltr'>μὲν</span> <span class='ocrx_word' id='word_1_715' title='bbox 344 2767 434 2794; x_wconf 80' lang='grc' dir='ltr'>αὐτῶν</span> <span class='ocrx_word' id='word_1_716' title='bbox 452 2768 486 2795; x_wconf 81' lang='grc' dir='ltr'><strong>τὰ</strong></span> <span class='ocrx_word' id='word_1_717' title='bbox 498 2769 679 2806; x_wconf 78' lang='grc' dir='ltr'>βουλεύματα,</span> <span class='ocrx_word' id='word_1_718' title='bbox 695 2772 794 2807; x_wconf 77' lang='grc' dir='ltr'>ἄποροι</span> <span class='ocrx_word' id='word_1_719' title='bbox 810 2772 840 2799; x_wconf 82' lang='grc' dir='ltr'>δὲ</span> <span class='ocrx_word' id='word_1_720' title='bbox 860 2773 888 2799; x_wconf 88' lang='grc' dir='ltr'>αἱ</span> <span class='ocrx_word' id='word_1_721' title='bbox 900 2781 981 2808; x_wconf 86' lang='grc' dir='ltr'>φρον-</span> 
     </span>
    </p>
   </div>
   <div class='ocr_carea' id='block_1_105' title="bbox 195 2811 981 2854">
    <p class='ocr_par' dir='ltr' id='par_1_105' title="bbox 195 2811 981 2854">
     <span class='ocr_line' id='line_1_105' title="bbox 195 2811 981 2854; baseline 0.011 -16"><span class='ocrx_word' id='word_1_722' title='bbox 195 2811 274 2844; x_wconf 74' lang='grc' dir='ltr'>τίδες.</span> <span class='ocrx_word' id='word_1_723' title='bbox 285 2812 318 2840; x_wconf 84' lang='grc' dir='ltr'>Τί</span> <span class='ocrx_word' id='word_1_724' title='bbox 333 2814 455 2849; x_wconf 72' lang='grc' dir='ltr'>ποιήσως</span> <span class='ocrx_word' id='word_1_725' title='bbox 472 2816 513 2847; x_wconf 72' lang='grc' dir='ltr'><strong>τίς</strong></span> <span class='ocrx_word' id='word_1_726' title='bbox 527 2815 578 2843; x_wconf 81' lang='grc' dir='ltr'>οὐκ</span> <span class='ocrx_word' id='word_1_727' title='bbox 593 2817 626 2844; x_wconf 82' lang='grc' dir='ltr'>ἂν</span> <span class='ocrx_word' id='word_1_728' title='bbox 643 2817 765 2854; x_wconf 80' lang='grc' dir='ltr'>ἐλεήσειε</span> <span class='ocrx_word' id='word_1_729' title='bbox 779 2819 824 2845; x_wconf 75' lang='grc' dir='ltr'>τὸν</span> <span class='ocrx_word' id='word_1_730' title='bbox 837 2820 921 2851; x_wconf 79' lang='grc' dir='ltr'>ὄντως</span> <span class='ocrx_word' id='word_1_731' title='bbox 933 2828 981 2847; x_wconf 88' lang='grc' dir='ltr'>πο-</span> 
     </span>
    </p>
   </div>
   <div class='ocr_carea' id='block_1_106' title="bbox 198 2856 980 2898">
    <p class='ocr_par' dir='ltr' id='par_1_106' title="bbox 198 2856 980 2898">
     <span class='ocr_line' id='line_1_106' title="bbox 198 2856 980 2898; baseline 0.01 -14"><span class='ocrx_word' id='word_1_732' title='bbox 198 2856 409 2894; x_wconf 70' lang='grc' dir='ltr'>λιορκούμενον,</span> <span class='ocrx_word' id='word_1_733' title='bbox 427 2859 543 2890; x_wconf 80' lang='grc' dir='ltr'>δείλαιος</span> <span class='ocrx_word' id='word_1_734' title='bbox 555 2862 606 2897; x_wconf 82' lang='grc' dir='ltr'>τῆς</span> <span class='ocrx_word' id='word_1_735' title='bbox 631 2862 769 2898; x_wconf 59' lang='lat' dir='ltr'><strong>acceptae,</strong></span> <span class='ocrx_word' id='word_1_736' title='bbox 787 2864 902 2897; x_wconf 71' lang='grc' dir='ltr'>ἐλεεινὸς</span> <span class='ocrx_word' id='word_1_737' title='bbox 925 2865 980 2892; x_wconf 85' lang='grc' dir='ltr'>τῶν</span> 
     </span>
    </p>
   </div>
   <div class='ocr_carea' id='block_1_107' title="bbox 1032 2261 1822 2301">
    <p class='ocr_par' dir='ltr' id='par_1_107' title="bbox 1032 2261 1822 2301">
     <span class='ocr_line' id='line_1_107' title="bbox 1032 2261 1822 2301; baseline 0.008 -13"><span class='ocrx_word' id='word_1_738' title='bbox 1032 2268 1095 2289; x_wconf 91' lang='lat' dir='ltr'><strong>nem</strong></span> <span class='ocrx_word' id='word_1_739' title='bbox 1110 2261 1232 2293; x_wconf 79' lang='lat' dir='ltr'><strong>mandati</strong></span> <span class='ocrx_word' id='word_1_740' title='bbox 1253 2263 1329 2292; x_wconf 90' lang='lat' dir='ltr'><strong>illius</strong></span> <span class='ocrx_word' id='word_1_741' title='bbox 1352 2263 1472 2291; x_wconf 88' lang='lat' dir='ltr'><strong>habebat</strong></span> <span class='ocrx_word' id='word_1_742' title='bbox 1488 2274 1495 2292; x_wconf 87' lang='lat'><strong>:</strong></span> <span class='ocrx_word' id='word_1_743' title='bbox 1515 2264 1557 2292; x_wconf 84' lang='lat' dir='ltr'><strong>Ne</strong></span> <span class='ocrx_word' id='word_1_744' title='bbox 1573 2265 1678 2293; x_wconf 71' lang='lat' dir='ltr'><strong>desinas</strong></span> <span class='ocrx_word' id='word_1_745' title='bbox 1694 2267 1822 2301; x_wconf 76' lang='lat' dir='ltr'><strong>indigenti</strong></span> 
     </span>
    </p>
   </div>
   <div class='ocr_carea' id='block_1_108' title="bbox 1033 2306 1823 2348">
    <p class='ocr_par' dir='ltr' id='par_1_108' title="bbox 1033 2306 1823 2348">
     <span class='ocr_line' id='line_1_108' title="bbox 1033 2306 1823 2348; baseline 0.009 -14"><span class='ocrx_word' id='word_1_746' title='bbox 1033 2306 1184 2343; x_wconf 71' lang='lat' dir='ltr'><strong>benefacere</strong></span> <span class='ocrx_word' id='word_1_747' title='bbox 1199 2308 1299 2344; x_wconf 84' lang='lat' dir='ltr'><strong>(Galat.</strong></span> <span class='ocrx_word' id='word_1_748' title='bbox 1313 2318 1351 2342; x_wconf 79' lang='lat' dir='ltr'><strong>vr,</strong></span> <span class='ocrx_word' id='word_1_749' title='bbox 1366 2311 1399 2344; x_wconf 86' lang='lat'><strong>9;</strong></span> <span class='ocrx_word' id='word_1_750' title='bbox 1418 2310 1450 2338; x_wconf 89' lang='lat' dir='ltr'><strong>Il</strong></span> <span class='ocrx_word' id='word_1_751' title='bbox 1466 2310 1585 2339; x_wconf 75' lang='lat' dir='ltr'><strong>Thessal.</strong></span> <span class='ocrx_word' id='word_1_752' title='bbox 1601 2321 1643 2346; x_wconf 85' lang='lat' dir='ltr'><strong>ut,</strong></span> <span class='ocrx_word' id='word_1_753' title='bbox 1657 2313 1712 2348; x_wconf 82' lang='grc'>15),</span> <span class='ocrx_word' id='word_1_754' title='bbox 1730 2322 1780 2341; x_wconf 88' lang='lat' dir='ltr'><strong>nec</strong></span> <span class='ocrx_word' id='word_1_755' title='bbox 1796 2318 1823 2341; x_wconf 90' lang='lat' dir='ltr'><strong>te</strong></span> 
     </span>
    </p>
   </div>
   <div class='ocr_carea' id='block_1_109' title="bbox 1031 2355 1823 2395">
    <p class='ocr_par' dir='ltr' id='par_1_109' title="bbox 1031 2355 1823 2395">
     <span class='ocr_line' id='line_1_109' title="bbox 1031 2355 1823 2395; baseline 0.006 -13"><span class='ocrx_word' id='word_1_756' title='bbox 1031 2355 1215 2391; x_wconf 69' lang='lat' dir='ltr'><strong>eleemosynae</strong></span> <span class='ocrx_word' id='word_1_757' title='bbox 1230 2361 1258 2384; x_wconf 88' lang='lat' dir='ltr'><strong>et</strong></span> <span class='ocrx_word' id='word_1_758' title='bbox 1269 2356 1335 2385; x_wconf 87' lang='lat' dir='ltr'><strong>tides</strong></span> <span class='ocrx_word' id='word_1_759' title='bbox 1352 2357 1502 2392; x_wconf 85' lang='lat' dir='ltr'><strong>deserant;</strong></span> <span class='ocrx_word' id='word_1_760' title='bbox 1517 2366 1549 2386; x_wconf 91' lang='lat' dir='ltr'><strong>ac</strong></span> <span class='ocrx_word' id='word_1_761' title='bbox 1568 2367 1678 2387; x_wconf 87' lang='lat' dir='ltr'><strong>rursum</strong></span> <span class='ocrx_word' id='word_1_762' title='bbox 1694 2369 1699 2387; x_wconf 92' lang='lat'>:</span> <span class='ocrx_word' id='word_1_763' title='bbox 1718 2360 1823 2395; x_wconf 79' lang='lat' dir='ltr'><strong>Frange</strong></span> 
     </span>
    </p>
   </div>
   <div class='ocr_carea' id='block_1_110' title="bbox 1031 2401 1820 2439">
    <p class='ocr_par' dir='ltr' id='par_1_110' title="bbox 1031 2401 1820 2439">
     <span class='ocr_line' id='line_1_110' title="bbox 1031 2401 1820 2439; baseline 0.005 -11"><span class='ocrx_word' id='word_1_764' title='bbox 1031 2401 1158 2428; x_wconf 69' lang='lat' dir='ltr'><strong>esurienti</strong></span> <span class='ocrx_word' id='word_1_765' title='bbox 1170 2408 1264 2435; x_wconf 79' lang='lat' dir='ltr'><strong>panem</strong></span> <span class='ocrx_word' id='word_1_766' title='bbox 1287 2406 1362 2429; x_wconf 84' lang='lat' dir='ltr'><strong>tuum</strong></span> <span class='ocrx_word' id='word_1_767' title='bbox 1380 2402 1451 2437; x_wconf 74' lang='grc' dir='ltr'>(ιω.</span> <span class='ocrx_word' id='word_1_768' title='bbox 1469 2411 1545 2437; x_wconf 85' lang='lat' dir='ltr'><strong>Lvm,</strong></span> <span class='ocrx_word' id='word_1_769' title='bbox 1565 2404 1604 2438; x_wconf 84' lang='lat'><strong>7).</strong></span> <span class='ocrx_word' id='word_1_770' title='bbox 1631 2403 1753 2439; x_wconf 83' lang='lat' dir='ltr'><strong>Denique</strong></span> <span class='ocrx_word' id='word_1_771' title='bbox 1769 2413 1820 2433; x_wconf 88' lang='lat' dir='ltr'><strong>nec</strong></span> 
     </span>
    </p>
   </div>
   <div class='ocr_carea' id='block_1_111' title="bbox 1032 2445 1819 2481">
    <p class='ocr_par' dir='ltr' id='par_1_111' title="bbox 1032 2445 1819 2481">
     <span class='ocr_line' id='line_1_111' title="bbox 1032 2445 1819 2481; baseline 0.008 -9"><span class='ocrx_word' id='word_1_772' title='bbox 1032 2445 1173 2481; x_wconf 80' lang='lat' dir='ltr'><strong>prophetae</strong></span> <span class='ocrx_word' id='word_1_773' title='bbox 1187 2446 1247 2479; x_wconf 90' lang='lat' dir='ltr'><strong>ulli,</strong></span> <span class='ocrx_word' id='word_1_774' title='bbox 1271 2455 1322 2475; x_wconf 87' lang='lat' dir='ltr'><strong>nec</strong></span> <span class='ocrx_word' id='word_1_775' title='bbox 1340 2447 1470 2476; x_wconf 88' lang='lat' dir='ltr'><strong>doctores</strong></span> <span class='ocrx_word' id='word_1_776' title='bbox 1486 2449 1668 2478; x_wconf 84' lang='lat' dir='ltr'><strong>inclamantcs</strong></span> <span class='ocrx_word' id='word_1_777' title='bbox 1689 2450 1819 2479; x_wconf 77' lang='lat' dir='ltr'><strong>exaudie—</strong></span> 
     </span>
    </p>
   </div>
   <div class='ocr_carea' id='block_1_112' title="bbox 1033 2491 1819 2531">
    <p class='ocr_par' dir='ltr' id='par_1_112' title="bbox 1033 2491 1819 2531">
     <span class='ocr_line' id='line_1_112' title="bbox 1033 2491 1819 2531; baseline 0.01 -13"><span class='ocrx_word' id='word_1_778' title='bbox 1033 2491 1143 2519; x_wconf 84' lang='lat' dir='ltr'><strong>bantur.</strong></span> <span class='ocrx_word' id='word_1_779' title='bbox 1156 2491 1257 2520; x_wconf 80' lang='lat' dir='ltr'><strong>Verum</strong></span> <span class='ocrx_word' id='word_1_780' title='bbox 1278 2493 1377 2522; x_wconf 85' lang='lat' dir='ltr'><strong>horrea</strong></span> <span class='ocrx_word' id='word_1_781' title='bbox 1403 2495 1515 2530; x_wconf 84' lang='lat' dir='ltr'><strong>quidem</strong></span> <span class='ocrx_word' id='word_1_782' title='bbox 1535 2501 1646 2531; x_wconf 85' lang='lat' dir='ltr'><strong>propter</strong></span> <span class='ocrx_word' id='word_1_783' title='bbox 1663 2498 1819 2525; x_wconf 86' lang='lat' dir='ltr'><strong>recondita—</strong></span> 
     </span>
    </p>
   </div>
   <div class='ocr_carea' id='block_1_113' title="bbox 1031 2536 1815 2580">
    <p class='ocr_par' dir='ltr' id='par_1_113' title="bbox 1031 2536 1815 2580">
     <span class='ocr_line' id='line_1_113' title="bbox 1031 2536 1815 2580; baseline 0.01 -16"><span class='ocrx_word' id='word_1_784' title='bbox 1031 2544 1093 2565; x_wconf 83' lang='lat' dir='ltr'><strong>rum</strong></span> <span class='ocrx_word' id='word_1_785' title='bbox 1107 2536 1216 2573; x_wconf 76' lang='lat' dir='ltr'><strong>frugum</strong></span> <span class='ocrx_word' id='word_1_786' title='bbox 1227 2539 1334 2574; x_wconf 86' lang='lat' dir='ltr'><strong>copiam</strong></span> <span class='ocrx_word' id='word_1_787' title='bbox 1349 2541 1511 2575; x_wconf 75' lang='lat' dir='ltr'><strong>angustiora</strong></span> <span class='ocrx_word' id='word_1_788' title='bbox 1528 2544 1726 2578; x_wconf 85' lang='lat' dir='ltr'><strong>rumpebantur</strong></span> <span class='ocrx_word' id='word_1_789' title='bbox 1741 2544 1815 2580; x_wconf 78' lang='lat' dir='ltr'><strong>(Luc.</strong></span> 
     </span>
    </p>
   </div>
   <div class='ocr_carea' id='block_1_114' title="bbox 1032 2584 1819 2626">
    <p class='ocr_par' dir='ltr' id='par_1_114' title="bbox 1032 2584 1819 2626">
     <span class='ocr_line' id='line_1_114' title="bbox 1032 2584 1819 2626; baseline 0.011 -15"><span class='ocrx_word' id='word_1_790' title='bbox 1032 2591 1060 2616; x_wconf 79' lang='grc' dir='ltr'><strong>ν,</strong></span> <span class='ocrx_word' id='word_1_791' title='bbox 1076 2584 1104 2619; x_wconf 80' lang='lat'><strong>6)</strong></span> <span class='ocrx_word' id='word_1_792' title='bbox 1128 2593 1135 2612; x_wconf 89' lang='lat'><strong>:</strong></span> <span class='ocrx_word' id='word_1_793' title='bbox 1156 2592 1207 2613; x_wconf 92' lang='lat' dir='ltr'><strong>nec</strong></span> <span class='ocrx_word' id='word_1_794' title='bbox 1224 2590 1315 2613; x_wconf 89' lang='lat' dir='ltr'><strong>tamen</strong></span> <span class='ocrx_word' id='word_1_795' title='bbox 1335 2593 1384 2614; x_wconf 88' lang='lat' dir='ltr'><strong>cor</strong></span> <span class='ocrx_word' id='word_1_796' title='bbox 1403 2591 1484 2615; x_wconf 84' lang='lat' dir='ltr'><strong>tenax</strong></span> <span class='ocrx_word' id='word_1_797' title='bbox 1500 2591 1529 2616; x_wconf 88' lang='lat' dir='ltr'><strong>et</strong></span> <span class='ocrx_word' id='word_1_798' title='bbox 1546 2596 1716 2624; x_wconf 78' lang='lat' dir='ltr'><strong>praeparcum</strong></span> <span class='ocrx_word' id='word_1_799' title='bbox 1731 2593 1819 2626; x_wconf 56' lang='lat' dir='ltr'><strong>ﬁllins</strong></span> 
     </span>
    </p>
   </div>
   <div class='ocr_carea' id='block_1_115' title="bbox 1032 2630 1818 2673">
    <p class='ocr_par' dir='ltr' id='par_1_115' title="bbox 1032 2630 1818 2673">
     <span class='ocr_line' id='line_1_115' title="bbox 1032 2630 1818 2673; baseline 0.011 -16"><span class='ocrx_word' id='word_1_800' title='bbox 1032 2630 1207 2665; x_wconf 88' lang='lat' dir='ltr'><strong>implebalur.</strong></span> <span class='ocrx_word' id='word_1_801' title='bbox 1221 2630 1290 2658; x_wconf 78' lang='lat' dir='ltr'><strong>Nam</strong></span> <span class='ocrx_word' id='word_1_802' title='bbox 1306 2639 1376 2660; x_wconf 86' lang='lat' dir='ltr'><strong>nova</strong></span> <span class='ocrx_word' id='word_1_803' title='bbox 1387 2640 1496 2668; x_wconf 87' lang='lat' dir='ltr'><strong>semper</strong></span> <span class='ocrx_word' id='word_1_804' title='bbox 1508 2635 1648 2663; x_wconf 86' lang='lat' dir='ltr'><strong>veteribus</strong></span> <span class='ocrx_word' id='word_1_805' title='bbox 1655 2636 1818 2673; x_wconf 74' lang='lat' dir='ltr'><strong>adjungens.</strong></span> 
     </span>
    </p>
   </div>
   <div class='ocr_carea' id='block_1_116' title="bbox 1031 2677 1818 2717">
    <p class='ocr_par' dir='ltr' id='par_1_116' title="bbox 1031 2677 1818 2717">
     <span class='ocr_line' id='line_1_116' title="bbox 1031 2677 1818 2717; baseline 0.01 -13"><span class='ocrx_word' id='word_1_806' title='bbox 1031 2680 1059 2704; x_wconf 85' lang='lat' dir='ltr'><strong>et</strong></span> <span class='ocrx_word' id='word_1_807' title='bbox 1075 2677 1174 2705; x_wconf 88' lang='lat' dir='ltr'><strong>annuis</strong></span> <span class='ocrx_word' id='word_1_808' title='bbox 1186 2677 1364 2706; x_wconf 89' lang='lat' dir='ltr'><strong>incrementis</strong></span> <span class='ocrx_word' id='word_1_809' title='bbox 1373 2686 1441 2714; x_wconf 87' lang='lat' dir='ltr'><strong>opes</strong></span> <span class='ocrx_word' id='word_1_810' title='bbox 1452 2687 1518 2708; x_wconf 87' lang='lat' dir='ltr'><strong>suas</strong></span> <span class='ocrx_word' id='word_1_811' title='bbox 1530 2682 1685 2715; x_wconf 79' lang='lat' dir='ltr'><strong>cumulans.</strong></span> <span class='ocrx_word' id='word_1_812' title='bbox 1699 2683 1725 2709; x_wconf 92' lang='lat' dir='ltr'><strong>in</strong></span> <span class='ocrx_word' id='word_1_813' title='bbox 1738 2684 1818 2717; x_wconf 91' lang='lat' dir='ltr'><strong>hanc,</strong></span> 
     </span>
    </p>
   </div>
   <div class='ocr_carea' id='block_1_117' title="bbox 1033 2723 1818 2764">
    <p class='ocr_par' dir='ltr' id='par_1_117' title="bbox 1033 2723 1818 2764">
     <span class='ocr_line' id='line_1_117' title="bbox 1033 2723 1818 2764; baseline 0.01 -14"><span class='ocrx_word' id='word_1_814' title='bbox 1033 2723 1106 2751; x_wconf 87' lang='lat' dir='ltr'><strong>unde</strong></span> <span class='ocrx_word' id='word_1_815' title='bbox 1125 2724 1201 2752; x_wconf 75' lang='lat' dir='ltr'><strong>exire</strong></span> <span class='ocrx_word' id='word_1_816' title='bbox 1224 2732 1278 2752; x_wconf 92' lang='lat' dir='ltr'><strong>non</strong></span> <span class='ocrx_word' id='word_1_817' title='bbox 1299 2725 1407 2758; x_wconf 83' lang='lat' dir='ltr'><strong>liceret,</strong></span> <span class='ocrx_word' id='word_1_818' title='bbox 1422 2726 1506 2753; x_wconf 90' lang='lat' dir='ltr'><strong>animi</strong></span> <span class='ocrx_word' id='word_1_819' title='bbox 1532 2728 1697 2756; x_wconf 74' lang='lat' dir='ltr'><strong>anxietatem</strong></span> <span class='ocrx_word' id='word_1_820' title='bbox 1712 2729 1818 2764; x_wconf 83' lang='lat' dir='ltr'><strong>incidit,</strong></span> 
     </span>
    </p>
   </div>
   <div class='ocr_carea' id='block_1_118' title="bbox 1033 2770 1817 2810">
    <p class='ocr_par' dir='ltr' id='par_1_118' title="bbox 1033 2770 1817 2810">
     <span class='ocr_line' id='line_1_118' title="bbox 1033 2770 1817 2810; baseline 0.01 -14"><span class='ocrx_word' id='word_1_821' title='bbox 1033 2774 1062 2797; x_wconf 91' lang='lat' dir='ltr'><strong>ut</strong></span> <span class='ocrx_word' id='word_1_822' title='bbox 1079 2777 1130 2798; x_wconf 86' lang='lat' dir='ltr'><strong>nec</strong></span> <span class='ocrx_word' id='word_1_823' title='bbox 1145 2774 1235 2798; x_wconf 84' lang='lat' dir='ltr'><strong>vetera</strong></span> <span class='ocrx_word' id='word_1_824' title='bbox 1258 2770 1343 2806; x_wconf 89' lang='lat' dir='ltr'><strong>(quod</strong></span> <span class='ocrx_word' id='word_1_825' title='bbox 1366 2771 1453 2806; x_wconf 88' lang='lat' dir='ltr'><strong>ipsius</strong></span> <span class='ocrx_word' id='word_1_826' title='bbox 1473 2773 1589 2800; x_wconf 83' lang='lat' dir='ltr'><strong>avaritia</strong></span> <span class='ocrx_word' id='word_1_827' title='bbox 1612 2776 1680 2810; x_wconf 77' lang='lat' dir='ltr'><strong>erat)</strong></span> <span class='ocrx_word' id='word_1_828' title='bbox 1702 2776 1817 2804; x_wconf 86' lang='lat' dir='ltr'><strong>subduci</strong></span> 
     </span>
    </p>
   </div>
   <div class='ocr_carea' id='block_1_119' title="bbox 1033 2818 1816 2858">
    <p class='ocr_par' dir='ltr' id='par_1_119' title="bbox 1033 2818 1816 2858">
     <span class='ocr_line' id='line_1_119' title="bbox 1033 2818 1816 2858; baseline 0.01 -16"><span class='ocrx_word' id='word_1_829' title='bbox 1033 2820 1182 2852; x_wconf 74' lang='lat' dir='ltr'><strong>pateretur,</strong></span> <span class='ocrx_word' id='word_1_830' title='bbox 1199 2825 1249 2844; x_wconf 88' lang='lat' dir='ltr'><strong>nec</strong></span> <span class='ocrx_word' id='word_1_831' title='bbox 1264 2825 1344 2850; x_wconf 81' lang='lat' dir='ltr'><strong>nova,</strong></span> <span class='ocrx_word' id='word_1_832' title='bbox 1360 2818 1396 2846; x_wconf 91' lang='lat' dir='ltr'><strong>ob</strong></span> <span class='ocrx_word' id='word_1_833' title='bbox 1422 2818 1560 2854; x_wconf 75' lang='lat' dir='ltr'><strong>ingentem</strong></span> <span class='ocrx_word' id='word_1_834' title='bbox 1580 2828 1674 2849; x_wconf 86' lang='lat' dir='ltr'><strong>eorum</strong></span> <span class='ocrx_word' id='word_1_835' title='bbox 1699 2824 1816 2858; x_wconf 79' lang='lat' dir='ltr'><strong>copiam.</strong></span> 
     </span>
    </p>
   </div>
   <div class='ocr_carea' id='block_1_120' title="bbox 1033 2863 1818 2906">
    <p class='ocr_par' dir='ltr' id='par_1_120' title="bbox 1033 2863 1818 2906">
     <span class='ocr_line' id='line_1_120' title="bbox 1033 2863 1818 2906; baseline 0.009 -15"><span class='ocrx_word' id='word_1_836' title='bbox 1033 2863 1172 2899; x_wconf 75' lang='lat' dir='ltr'><strong>suscipere</strong></span> <span class='ocrx_word' id='word_1_837' title='bbox 1191 2868 1294 2900; x_wconf 86' lang='lat' dir='ltr'><strong>posset.</strong></span> <span class='ocrx_word' id='word_1_838' title='bbox 1308 2865 1492 2899; x_wconf 84' lang='lat' dir='ltr'><strong>Quamobrem</strong></span> <span class='ocrx_word' id='word_1_839' title='bbox 1508 2875 1577 2897; x_wconf 80' lang='lat' dir='ltr'><strong>vana</strong></span> <span class='ocrx_word' id='word_1_840' title='bbox 1595 2873 1622 2897; x_wconf 85' lang='lat' dir='ltr'><strong>ct</strong></span> <span class='ocrx_word' id='word_1_841' title='bbox 1636 2869 1714 2899; x_wconf 85' lang='lat' dir='ltr'><strong>irrita</strong></span> <span class='ocrx_word' id='word_1_842' title='bbox 1732 2870 1818 2906; x_wconf 77' lang='lat' dir='ltr'><strong>ipsius</strong></span> 
     </span>
    </p>
   </div>
  </div>
