2056 3113
257 129 325 162 1435

853 126 883 156 S.
892 125 1053 157 JOANNIS
1073 124 1290 155 DAMASCENI

1818 119 1889 151 1496

256 184 372 214 consilia
380 187 471 217 erant,
481 187 507 210 et
523 181 659 218 ejusmodi
675 187 759 213 curae,
778 183 808 208 ut
820 181 895 208 nulla
908 189 938 209 se
952 188 987 208 ex
1002 180 1046 208 his

1102 179 1240 216 παρόντων
1264 178 1387 214 ἀγαθῶν,
1411 177 1593 212 ἐλεεινότερος
1611 175 1667 203 τῶν
1693 174 1892 211 προσδοκωμέσ

255 230 413 267 explicandi
428 229 545 257 facultas
558 231 643 256 esset.
664 227 736 261 Quid
757 227 877 254 faciam?
890 234 971 262 quem
990 233 1046 254 non

255 278 386 305 misereat
400 275 522 304 hominis
538 281 603 302 vere
627 274 737 301 miseria
752 274 949 302 circumsessi?
964 273 1047 302 Miser

255 327 298 352 est
314 323 389 351 enim
404 321 519 349 nomine
544 319 717 353 fertilitatis;
748 319 915 348 miserabilis
934 324 1047 356 propter

256 368 420 405 praesentia,
452 367 502 396 sed
527 367 712 395 miserabilior
737 371 850 402 propter
876 371 1045 402 exspectata.

255 416 352 444 Nullos
366 415 440 444 enim
452 415 477 442 ei
495 414 577 442 tellus
588 414 696 442 reditus
708 420 776 454 suos
791 412 904 448 profert,
921 417 948 440 at
961 413 1048 448 gemi-

255 467 301 490 tus
331 461 451 497 proinde
478 460 568 488 eidem
597 460 749 496 ingenerat.
788 459 849 487 Non
878 460 1046 488 uberrimam

256 507 367 542 frugum
390 506 497 541 copiam
523 505 640 541 colligit,
666 510 694 532 at
710 505 792 540 plane
813 505 924 540 quidem
952 512 1046 538 curas,

255 553 411 585 molestias,
428 559 595 588 gravemque
621 551 707 579 animi
739 552 916 579 anxietatem.
944 551 1047 579 Eodem

255 607 312 636 quo
343 607 479 636 pauperes
508 598 590 626 modo
621 598 798 626 lamentatur.
830 598 872 625 An
894 605 950 625 non
974 598 1047 625 enim

255 647 381 674 eamdem
408 653 520 681 quoque
539 645 585 672 ille
599 652 694 672 vocem
723 644 835 677 emittit,
854 644 901 679 qui
928 647 1049 679 egestate

256 692 410 728 premitur?
423 691 494 725 Quid
511 691 632 719 faciam?
647 691 721 719 unde
745 691 887 724 alimenta,
905 691 978 719 unde
1004 691 1049 718 in-

256 739 387 766 dumenta
411 737 577 773 suppetent!
606 735 708 765 iisdem
731 744 843 772 quoque
861 736 938 764 dives
955 737 1049 765 verbis

256 784 354 816 utitur,
367 783 451 811 corde
471 783 668 815 discruciatur,
685 790 786 810 exesus
803 789 818 809 a
837 789 903 810 cura
924 786 952 809 et
973 783 1051 810 solli-

258 828 392 857 citudine.
406 828 475 856 Nam
502 828 576 864 quod
603 828 665 856 aliis
680 828 850 863 voluptatem
877 827 967 859 aii‘ert,
997 827 1051 855 hoc

1098 236 1160 255 νων.
1172 227 1219 263 Μὴ
1231 226 1285 262 γὰρ
1297 225 1444 262 προσόδους
1455 223 1529 259 αὒτῷ
1540 223 1619 259 φέρει
1632 223 1649 258 ἡ
1661 222 1709 257 γῆς
1719 222 1891 256 στεναγμοὺς

1098 273 1173 308 αὐτῷ
1188 273 1260 308 φύει.
1273 271 1319 307 Μὴ
1327 271 1383 307 γὰρ
1394 269 1510 306 καρπῶν
1520 268 1650 304 εὐφορίαν
1662 266 1791 301 συνάγει;
1804 274 1889 301 φρον-

1098 319 1185 351 τίδας,
1201 319 1249 344 καὶ
1273 317 1374 349 λύπας,
1398 315 1447 342 καὶ
1471 313 1628 350 ἀμηχανίαν
1655 313 1756 348 δεινήν.
1787 311 1890 346 Ὅμοια

1099 365 1155 397 τοῖς
1172 363 1332 399 πενομένοις
1355 360 1492 397 ὀδύρεται.
1509 360 1545 386 Ἢ
1571 359 1633 394 οὐχὶ
1660 358 1764 390 ταύτην
1789 357 1890 392 ἀφίησι

1097 411 1148 447 τὴν
1174 410 1266 446 φωνὴν
1279 409 1330 436 καὶ
1349 409 1364 435 ὸ
1389 408 1435 435 διὰ
1451 406 1547 433 πενίαν
1568 404 1821 440 στενοχωρούμενος
1835 413 1842 437 ;
1856 403 1891 429 Τί

1099 457 1222 491 ποιήσω;
1235 455 1319 482 πόθεν
1330 453 1447 489 τροφαί;
1463 451 1547 479 πόθεν
1561 450 1698 486 ἐνδύματα
1710 458 1717 482 ;
1735 449 1828 476 Ταῦτα
1841 449 1890 475 καὶ

1098 505 1113 531 δ
1131 502 1260 533 πλούσιος
1275 501 1434 535 φθέγγεται.
1466 498 1609 525 Ὀδιινᾶται
1632 497 1683 532 τὴν
1705 495 1820 531 καρδίαν
1836 495 1889 521 ima

1098 550 1149 584 τῆς
1176 548 1314 584 μερίμνης
1337 544 1533 580 διεσθιόμενος.
1555 541 1590 570 Ὃ
1620 542 1675 578 γὰρ
1700 542 1764 573 τοὺς
1791 541 1889 573 ἀλλους

1099 594 1251 629 εὐφραίνει,
1262 591 1341 618 τοῦτο
1350 591 1428 627 τήκει
1436 590 1481 617 τὸν
1496 587 1671 622 πλεονέκτην.
1684 587 1722 613 Οὐ
1735 586 1790 622 γὰρ
1800 586 1890 621 χαίρει

1100 640 1209 668 πάντων
1240 637 1315 674 αὐτῷ
1351 636 1577 672 πεπληρωμένων
1612 633 1668 660 τῶν
1705 632 1790 664 ἔνδον,
1820 632 1889 658 ἀλλὰ

1100 688 1195 715 νύσσει
1220 685 1269 722 τὴν
1295 684 1385 720 ψυχὴν
1415 682 1498 710 αὐτοῦ
1533 680 1688 717 περιρρέων
1717 680 1731 706 ὸ
1764 677 1889 709 πλοῦτος,

1100 734 1150 760 καὶ¹
1177 732 1232 759 τῶν
1251 731 1385 766 ταμιείων
1408 727 1622 765 ὑπερχεόμενος,
1639 727 1731 762 μήπου
1753 725 1800 752 καὶ
1821 724 1890 758 πρὸς

1100 779 1164 808 τοὺς
1180 778 1279 811 ἔξωθεν
1296 775 1465 813 παρακύψας
1494 772 1598 806 ἀγαθοῦ
1623 779 1697 802 τινος
1709 770 1821 806 ἀφορμὴ
1833 771 1892 801 τοῖς

1101 826 1204 854 ὲνδεέσι
1230 825 1355 859 γένηται.
1376 823 1431 850 Και
1449 830 1495 857 μοι
1511 821 1587 848 δοκεῖ
1601 819 1631 846 τὺ
1650 818 1735 850 πάθος
1747 817 1829 845 αὑτοῦ
1842 816 1893 851 τῆς

256 882 372 902 avarum
395 874 518 902 coniicit.
544 873 604 902 Non
636 873 711 902 enim
741 860 786 901 hic
806 873 899 901 laetitia
922 873 1050 905 aliicitur,

1102 873 1191 909 ψυχῆς
1205 872 1245 908 τῷ
1259 871 1314 898 τῶν
1330 869 1546 906 γαστριμάργων
1562 866 1763 903 προσεοικέναι,
1779 865 1803 891 οἳ
1814 865 1893 900 δι.αρ-

256 921 333 956 quod
345 921 420 949 intus
437 920 536 948 domus
549 923 607 947 tota
620 920 702 955 plena
723 920 774 952 sit;
789 920 837 948 sed
862 923 976 955 propter
993 920 1050 947 cir-

257 966 477 998 cumeiiiuentes,
503 970 530 993 et
554 966 624 993 ultra
649 972 731 1001 quam
751 965 850 993 horrea
882 966 984 997 ferant,
1006 973 1050 993 re-

259 1014 430 1049 gurgitantes
445 1021 512 1049 opes
525 1013 634 1041 animus
649 1013 738 1049 ipsius
752 1013 891 1048 laniatur;
904 1013 930 1041 id
945 1013 1052 1042 scilicet

257 1060 338 1096 491
363 1064 501 1092 metuens.
528 1067 562 1087 ne
591 1059 625 1086 ad
656 1064 787 1088 externos
806 1059 947 1087 interdum
972 1066 1050 1086 ema-

259 1111 370 1140 nantes,
397 1106 548 1134 utilitatem
567 1105 714 1141 egentibus
737 1105 861 1141 aliquam
884 1104 1049 1133 concilient.

258 1155 299 1180 Ac
314 1152 383 1180 mihi
403 1152 503 1180 animae
520 1153 581 1188 ejus
605 1151 734 1184 aii‘eetus,
761 1152 920 1180 helluonum
939 1151 1050 1178 illorum

260 1198 371 1226 ali'ectui
396 1199 534 1227 absimilis
556 1206 620 1227 esse
643 1206 698 1226 non
724 1197 848 1231 videtur,
863 1197 911 1233 qui
928 1196 1051 1232 ingluvie

260 1244 397 1280 disrumpi
414 1244 533 1278 malunt,
550 1252 633 1280 quam
651 1244 834 1280 reliquiarum
850 1243 955 1278 aliquid
970 1250 1052 1279 egen-

259 1290 333 1318 tibus
349 1297 475 1325 erogare.
494 1289 565 1317 Eum
591 1290 695 1325 cogita,
720 1297 737 1317 ο
763 1290 858 1322 homo,
876 1289 924 1324 qui
952 1295 983 1316 ea
1000 1287 1050 1316 tibi

259 1336 359 1370 dedit;
378 1335 532 1363 recordare
558 1335 688 1370 quisnam
706 1335 766 1370 ipse
783 1335 834 1368 sis,
850 1334 916 1370 quid
933 1332 1052 1361 admini-

259 1388 341 1416 stres,
355 1388 370 1409 a
381 1388 503 1417 quonam
526 1381 679 1416 acceperis,
697 1388 779 1416 quam
796 1380 832 1408 ob
846 1387 960 1408 causam
980 1379 1052 1406 mul-

259 1428 297 1455 tis
309 1427 349 1455 sis
365 1426 506 1462 praelatus.
525 1425 574 1454 Dei
592 1426 721 1454 minister
736 1425 851 1453 eticctus
874 1433 915 1458 es,
934 1431 1050 1452 conser-

258 1479 358 1500 vorttm
377 1471 555 1499 administer.
571 1471 633 1498 Noli
654 1474 756 1506 putare
779 1471 873 1498 omnia
892 1471 983 1498 ventri
1003 1474 1051 1498 tuo

1103 919 1222 955 ῥαγῆναι
1239 917 1340 954 μᾶλλον
1362 916 1415 943 ὑπὸ
1439 913 1607 950 λαιμαργίας
1638 912 1791 948 αἱροῦνται,
1806 911 1823 946 ἦ
1838 909 1894 936 τῶν

1101 965 1237 1001 λειψάνων
1255 961 1417 999 μεταδοῦναι
1433 962 1490 993 τοῖς
1503 959 1619 987 ὲνδεέσι.
1639 958 1734 991 Σύνες,
1749 956 1891 992 ἄνθρωπε,

1100 1011 1149 1039 τοῦ
1172 1010 1320 1042 δεδωκότος
1335 1018 1343 1027 ·
1362 1009 1499 1045 μνήσθητι
1523 1005 1638 1034 σεαυτοῦ
1662 1005 1704 1038 τίς
1718 1002 1743 1031 εἴ
1756 1012 1763 1019 ·
1780 1004 1808 1031 τί
1821 1004 1894 1030 οίκο-

1101 1058 1213 1093 νομεῖς·
1244 1055 1320 1092 παρά
1349 1056 1424 1086 τίνος
1450 1053 1566 1085 ἔλαϐες·
1585 1052 1629 1080 διὰ
1644 1052 1671 1079 τί
1701 1051 1757 1078 τῶν
1786 1049 1894 1077 πολλῶν

1102 1104 1284 1141 προεκρίθης.
1303 1101 1422 1137 Ἀγαθοῦ
1446 1099 1515 1128 Θεοῦ
1537 1099 1654 1134 γέγονας
1683 1097 1835 1133 ὑπηρέτης,
1853 1097 1894 1123 oi-

1102 1153 1218 1186 κονόμος
1231 1150 1286 1177 τῶν
1301 1148 1466 1184 ὁμοδούλων.
1487 1147 1534 1182 Μὴ
1551 1146 1639 1173 πάντα
1669 1145 1726 1171 οἵου
1744 1145 1777 1180 τῇ
1792 1142 1894 1178 γαστρὶ

1100 1200 1134 1234 τῇ
1155 1200 1188 1233 σῇ
1207 1195 1444 1233 παρεσκευάσθαι.
1465 1194 1572 1229 Ὥσπερ
1593 1192 1742 1228 ἀλλοτρίων
1765 1189 1893 1226 βουλεύου

1100 1245 1156 1272 τῶν
1176 1245 1205 1271 ἐν
1227 1243 1318 1279 χερσί.
1346 1241 1455 1277 Μικρὸν
1484 1239 1626 1275 εὐφραίνει
1649 1247 1680 1265 σε
1698 1237 1808 1274 χρόνον,
1832 1234 1894 1263 εἶτα

1101 1290 1267 1327 διαρῤυέντα
1301 1289 1444 1324 οἰχήσεται
1460 1307 1469 1321 ,
1497 1285 1545 1313 τὸν
1572 1286 1601 1312 δὲ
1624 1284 1669 1311 ἐπ’
1693 1283 1787 1314 αὐτοις
1812 1282 1894 1316 λόγον

1101 1334 1280 1370 ἀπαιτηθήσῃ
1297 1333 1368 1369 μετὰ
1392 1331 1551 1368 ἀκριϐείας.
1570 1331 1606 1358 Σὺ
1621 1329 1650 1357 δὲ
1665 1329 1754 1356 πάντα
1764 1327 1833 1363 ὁμοῦ
1844 1327 1894 1353 θύ-

1103 1391 1165 1419 ραις
1181 1382 1229 1409 καὶ
1243 1380 1354 1416 μοχλοῖς
1368 1377 1569 1410 ὲναποκλείσας
1583 1377 1667 1412 ἔχεις,
1678 1376 1725 1403 καὶ
1736 1374 1895 1409 καταδήσας

1102 1429 1251 1464 σφραγῖσιν
1269 1427 1453 1462 ὲναγρυπνεῖς
1467 1426 1527 1456 ταῖς
1545 1423 1701 1459 μερίμναις,
1719 1421 1766 1448 καὶ
1778 1419 1895 1456 βουλεύῃ

1103 1475 1176 1502 κατὰ
1191 1473 1301 1507 σαυτὸν,
1311 1473 1409 1509 ἄφρονι
1427 1470 1575 1508 συμϐούλῳ
1590 1468 1696 1504 σεαυτῷ
1712 1467 1894 1503 κεχρημένος.

259 1523 356 1554 parata
387 1525 461 1546 esse.
488 1517 526 1553 De
551 1517 587 1546 iis
610 1525 672 1553 quae
698 1518 727 1545 in
747 1517 879 1545 manibus
896 1516 951 1545 tuis
972 1520 1050 1550 sunt,

1103 1521 1135 1548 Τί
1150 1520 1270 1556 ποιήσιος
1301 1520 1413 1554 ἕτοιμον
1437 1515 1471 1554 ἦν
1484 1517 1581 1550 εἰπεῖν,
1609 1516 1651 1542 ὅτι
1670 1513 1819 1549 Ἐμπλήσω
1844 1511 1896 1559 τὰς

259 1569 391 1599 tauquam
419 1563 454 1592 de
477 1563 577 1592 alienis
601 1564 753 1592 consilium
772 1563 853 1591 habe.
869 1562 1050 1598 Aliquantum

259 1610 395 1646 temporis
422 1613 450 1638 te
478 1610 632 1641 oblectant,
657 1613 685 1638 et
706 1609 821 1644 posthac
842 1608 1002 1637 dilabentur
1024 1611 1052 1636 et

259 1657 416 1685 interibunt
433 1666 440 1684 :
464 1664 562 1684 eorum
583 1661 674 1684 autem
692 1656 764 1683 ratio
784 1656 834 1684 abs
855 1660 881 1683 te
904 1655 1052 1691 diligenter

260 1704 398 1740 exigetur.
415 1704 451 1731 At
464 1706 493 1731 tu
509 1703 601 1731 omnia
617 1703 710 1738 ianuis
737 1707 764 1730 et
783 1702 925 1739 repagulis
942 1703 1051 1731 inclusa

261 1755 350 1783 tenes,
375 1750 466 1786 iisque
482 1750 575 1786 sigillo
589 1757 637 1778 seu
660 1750 774 1778 vinculo
793 1750 914 1786 quodam
928 1750 1053 1778 constri-

262 1799 326 1831 ctis,
352 1797 430 1826 curis
455 1797 596 1832 invigilas,
623 1804 655 1825 ac
691 1801 784 1825 tecum
809 1797 870 1832 ipse
897 1797 1050 1831 deliberas,

261 1844 377 1873 stultum
401 1844 594 1871 consiliarium
622 1843 743 1878 teipsum
768 1843 876 1871 scilicet
903 1842 1051 1871 adhibens.

260 1888 333 1923 Quid
345 1888 468 1916 faciant?
484 1892 641 1924 promptum
661 1892 722 1916 erat
737 1888 849 1916 dicere:
863 1888 977 1916 Animas
990 1896 1053 1916 esu-

260 1935 394 1964 ricntium
412 1934 543 1970 implebo,
562 1935 663 1963 horrea
678 1934 842 1970 patefaciam
860 1942 931 1969 mea,
952 1938 980 1963 et
993 1942 1054 1962 om-

261 1989 312 2010 nes
328 1981 420 2016 inopia
439 1980 606 2008 laborantcs
629 1988 785 2014 accersam;
804 1980 955 2016 Josephum
972 1980 1053 2009 beni-

260 2028 375 2064 gnitatis
400 2027 540 2062 praeconio
565 2027 707 2055 imitabor.
738 2026 843 2055 Vocem
876 2027 1052 2063 magniﬁcam

262 2075 438 2110 proloquar:
479 2072 578 2101 Venite
603 2074 638 2101 ad
663 2081 709 2101 me
733 2081 830 2102 omnes
857 2075 904 2109 qui
933 2074 1054 2109 panibus

262 2121 405 2156 indigetis,
423 2120 550 2148 beneﬁcii
567 2120 641 2155 quod
657 2119 791 2148 divinitus
803 2120 870 2147 mihi
887 2127 1053 2148 concessum

261 2172 315 2200 est.
332 2171 468 2203 quantum
494 2167 597 2202 cuique
614 2166 682 2194 satis
700 2167 747 2199 sit,
762 2166 836 2194 velut
853 2174 886 2194 ex
909 2167 1054 2195 communi

263 2201 349 2242 fonte
366 2213 519 2248 participes
546 2201 645 2240 futuri.
672 2212 707 2240 At
724 2217 751 2240 tu
767 2220 822 2240 non
841 2212 894 2240 hoc
913 2220 943 2240 es
960 2213 1053 2242 animo
1070 2201 1092 2229 θ

262 2257 404 2293 praeditus.
426 2257 478 2290 Qui
495 2257 587 2284 enim?
604 2265 666 2284 cum
696 2264 793 2284 eorum
822 2256 943 2284 fructum
962 2257 1054 2286 homi-

262 2305 347 2333 nibus
363 2304 508 2332 invideas:
525 2312 619 2331 verum
637 2304 796 2339 improbum
813 2304 906 2332 animo
923 2309 971 2332 tuo
985 2312 1055 2332 con-

262 2352 357 2380 cilium
375 2351 496 2387 agitans,
512 2351 540 2378 id
553 2358 647 2384 curas,
667 2358 722 2378 non
741 2356 771 2379 ut
786 2351 886 2386 cuique
906 2359 938 2379 ea
955 2351 1055 2387 quibus

262 2397 370 2433 indiget
397 2397 516 2430 tribuas,
542 2396 590 2424 sed
620 2400 651 2423 ut
672 2396 752 2424 bonis
776 2397 906 2424 omnibus
931 2396 1005 2432 apud
1026 2401 1054 2425 te

262 2443 417 2479 congestis,
444 2450 543 2471 omnes
566 2450 661 2470 eorum
683 2442 803 2470 utilitate
822 2446 850 2471 et
863 2443 1054 2471 emolumento

263 2491 370 2527 prires.
386 2490 489 2518 Praesto
503 2490 620 2519 aderant
634 2491 682 2526 qui
697 2490 817 2517 animam
833 2490 909 2518 illius
922 2498 1053 2525 reposce-

263 2542 349 2571 rent;
370 2537 414 2565 illi
431 2542 523 2566 autem
549 2537 583 2565 de
600 2537 672 2565 cibis
692 2544 755 2565 cum
772 2537 864 2564 anima
884 2545 935 2565 sua
962 2545 1054 2566 sermo

262 2589 331 2612 erat.
345 2584 402 2612 Hac
417 2587 498 2611 nocte
513 2583 719 2615 assumebatur,
734 2587 818 2618 atque
833 2583 861 2610 in
877 2590 964 2611 annos
982 2583 1055 2611 mul-

262 2635 308 2658 tos
325 2630 442 2658 delicias
462 2629 515 2658 sibi
533 2630 624 2656 animo
648 2629 777 2665 ﬁngebat.
796 2630 851 2664 ipsi
876 2630 991 2657 omnino
1006 2629 1055 2657 de-

264 2677 412 2710 liberandi,
441 2681 470 2705 et
497 2676 662 2704 sententiam
697 2683 775 2704 suam
807 2676 954 2711 promendi
980 2675 1053 2703 facta

1104 1566 1194 1602 ψυχὰς
1204 1566 1260 1593 τῶν
1275 1564 1432 1593 πεινώντων
1448 1570 1455 1578 '
1475 1562 1574 1595 ἀνοίξω
1595 1561 1644 1593 τὰς
1669 1559 1822 1595 ἀποθήκας,
1847 1557 1895 1584 καὶ

1104 1613 1211 1644 πάντας
1241 1611 1351 1639 καλέσω
1380 1610 1445 1642 τοὺς
1467 1609 1577 1640 ἐνδεεῖς.
1590 1607 1757 1643 Μιμήσομαι
1774 1605 1819 1631 τὸν
1839 1604 1895 1630 Ἰω-

1105 1652 1160 1696 σὴφ
1178 1659 1218 1694 τῷ
1232 1658 1283 1693 τῆς
1304 1656 1511 1692 φιλανθρωπίας
1540 1653 1712 1690 κηρύγματι.
1739 1650 1896 1696 Φθέγξομαι

1103 1703 1197 1740 φωνὴν
1212 1703 1399 1739 μεγαλόψυχον
1408 1709 1415 1717 ·
1430 1701 1508 1728 Ὅσοι
1521 1698 1679 1735 ὑστερεῖσθε
1692 1697 1794 1733 ἄρτων,
1804 1695 1896 1721 ἔλθετε

1104 1752 1174 1788 πρός
1191 1759 1236 1787 με,
1253 1750 1303 1785 τῆς
1318 1748 1396 1783 παρὰ
1419 1746 1488 1774 Θεοῦ
1508 1745 1654 1781 δεδομένης
1677 1743 1789 1779 χάριτος
1799 1741 1832 1768 τὸ
1845 1741 1896 1776 ἀρ·

1105 1797 1170 1826 κοῦν
1185 1797 1312 1828 ἕκαστος,
1325 1792 1381 1822 οἷον
1397 1796 1429 1821 ὲκ
1439 1793 1538 1821 κοινῶν
1549 1791 1656 1827 πηγῶν,
1667 1788 1895 1825 συμμεθέξοντες.

1111 1842 1180 1870 Ἀλλ³
1197 1842 1228 1869 οὐ
1243 1839 1365 1872 τοιοῦτος
1377 1839 1410 1866 σύ
1422 1848 1428 1855 ·
1447 1839 1530 1866 πόθεν
1553 1837 1591 1868 ὥς
1613 1844 1645 1871 γε
1658 1833 1816 1871 βασκαίνεις
1839 1833 1897 1863 τοῖς

1104 1890 1263 1927 ἀνθρώποις
1288 1889 1337 1924 τῆς
1358 1886 1549 1918 ἀπολαύσεως,
1575 1882 1694 1919 πονηρὸν
1708 1881 1736 1907 δὲ
1752 1877 1898 1927 βουλευτή-

1107 1925 1165 1973 ριον
1181 1937 1211 1963 ὲν
1226 1936 1260 1971 τῇ
1274 1935 1348 1970 ψυχῇ
1368 1932 1571 1968 συγκροτήσας,
1589 1927 1743 1965 φροντίζεις
1821 1925 1897 1973 om»;

1107 1971 1232 2019 μεταδῷς
1249 1982 1358 2016 ἑκάστῳ
1374 1979 1409 2007 τὰ
1434 1978 1504 2014 πρὸς
1528 1976 1578 2013 τὴν
1605 1975 1712 2011 χρείαν,
1740 1972 1799 2019 ἀλλ“
1821 1971 1896 2019 dum;

1105 2017 1427 2062 ndvrardﬂodsﬁdpevoc,
1451 2025 1556 2056 πάντας
1582 2022 1633 2057 τῆς
1647 2018 1796 2049 ἀπἀὐτῶν
1822 2017 1896 2051 ὠφε-

1105 2076 1181 2107 λείας
1192 2074 1386 2109 ἀποστερήσῃς
1396 2080 1403 2105 ;
1415 2070 1591 2106 παρέστησαν
1606 2067 1632 2094 ol.
1645 2067 1695 2102 τὴν
1709 2064 1798 2101 ψυχὴν
1813 2064 1898 2090 ἀπαι-

1106 2121 1231 2154 τοῦντες,
1246 2120 1373 2150 κάκεῖνος
1387 2117 1453 2153 περὶ
1468 2115 1621 2152 βρωμάτων
1640 2114 1676 2149 τῇ
1689 2113 1763 2147 ψυχῇ
1775 2109 1894 2142 ἐλέγετο.

1107 2167 1200 2202 Ταύτῃ
1214 2168 1248 2202 τῇ
1261 2165 1342 2194 νυκτὶ
1357 2162 1596 2200 παρελαμϐάνετο,
1615 2160 1662 2187 καὶ
1683 2159 1724 2190 είς
1739 2158 1786 2193 ἔτη
1809 2155 1896 2182 πολλά

1105 2215 1157 2251 τὴν
1169 2214 1320 2241 ἀπόλαυσιν
1336 2209 1512 2246 ὲφαντόιζετο.
1528 2207 1710 2243 Συνεχωρήθη
1728 2205 1820 2251 πάντα
1833 2203 1895 2237 βου-

1107 2247 1265 2290 λεύσασθαι,
1277 2257 1324 2284 καὶ
1334 2255 1457 2291 φανερὰν
1469 2253 1566 2281 ἑαυτοῦ
1582 2252 1695 2287 ποιῆσαι
1707 2250 1757 2286 τὴν
1771 2247 1895 2284 γνώμην,

1107 2306 1151 2333 ῐνα
1166 2304 1245 2337 ἀξίαν
1261 2304 1310 2339 τῆς
1337 2301 1526 2338 προαιρέσεως
1544 2299 1654 2334 δέξηται
1667 2298 1718 2332 τὴν
1747 2295 1895 2327 ἀπόφασιν.

1108 2351 1193 2385 Ἀξια
1219 2351 1274 2387 γὰρ
1296 2349 1484 2384 καθαιρέσεως
1503 2345 1538 2373 τὰ
1561 2345 1674 2380 ταμιεῖα
1704 2339 1894 2387 τῆςνάδικίας.

1107 2385 1295 2424 Κατάσκαπτε
1307 2395 1368 2426 ταῖς
1394 2392 1492 2420 ἑαυτοῦ
1509 2391 1604 2426 χερσὶν
1617 2389 1635 2416 ἃ
1650 2388 1744 2419 κακῶς
1755 2385 1896 2421 ᾠκοδόμη-

1108 2452 1169 2475 σας.
1185 2442 1240 2469 Λύε
1251 2441 1285 2468 τὰ
1300 2440 1461 2475 σιτοδοχεῖα,
1495 2438 1556 2464 ὅθεν
1583 2435 1671 2466 οὐδεὶς
1695 2431 1801 2468 ἀπῆλθέ
1831 2437 1896 2457 ποτε

1107 2488 1287 2525 παραμυθίας
1309 2485 1408 2521 τυχών.
1430 2484 1576 2519 ’Λφὰνισον
1601 2481 1691 2508 πάντα
1712 2476 1896 2525 οἷκον-πλεον-

1107 2520 1194 2569 εξίας·
1207 2534 1327 2569 φύλακα.
1340 2520 1543 2559 ίᾸποο-κεύασον
1563 2528 1690 2563 ὀρόφους,
1709 2523 1820 2559 περίελε
1843 2520 1897 2547 Ιτοί-

1107 2580 1280 2618 χους,δεῖξον
1296 2578 1365 2614 ἡλίῳ
1378 2577 1424 2604 τὸν
1453 2575 1628 2612 εὐρωτιῶντα
1657 2574 1740 2599 σῖτον.
1765 2569 1897 2618 Ἐξάγαγε

1107 2614 1140 2655 in
1158 2627 1282 2662 φυλακῆς
1307 2626 1354 2653 τὸν
1373 2625 1483 2659 δέσμιον
1509 2621 1636 2652 πλοῦτον,
1659 2617 1844 2654 θριάμσευσον
1862 2614 1896 2640 ιὰ

1108 2673 1235 2701 σκοτεινὰ
1248 2673 1295 2700 τοῦ
1313 2671 1432 2708 μαμωνᾶ
1441 2667 1614 2702 καταγώγια.

264 2726 387 2755 potestas
401 2722 463 2755 fuit,
480 2727 512 2750 ut
525 2722 637 2758 dignam
651 2723 793 2758 proposito
807 2707 862 2750 suo
883 2722 1049 2751 sententiam
1070 2722 1218 2756 acciperet.
1239 2721 1325 2755 Digna
1355 2719 1458 2754 quippe
1485 2714 1631 2743 eversione
1663 2716 1729 2739 sunt
1755 2707 1897 2745 iniustitia

265 2768 466 2799 promptuaria.
485 2767 623 2795 Demolire
639 2768 768 2795 manibus
784 2768 901 2802 ipsemet
917 2769 972 2795 tuis
989 2775 1051 2803 quae
1068 2767 1139 2794 male
1153 2765 1345 2794 construxisti.
1362 2764 1425 2792 Dele
1437 2763 1536 2790 horrea
1562 2760 1635 2787 unde
1663 2765 1744 2786 nemo
1776 2761 1896 2790 unquam

268 2808 418 2838 solaminis
437 2813 578 2848 quidpiam
595 2817 694 2840 nactus
710 2813 857 2841 abscessit.
879 2813 994 2841 Domum
1010 2821 1120 2841 omnem
1138 2813 1261 2841 avaritiae
1276 2810 1421 2839 custodem
1442 2808 1508 2836 tolle
1522 2815 1537 2835 e
1550 2806 1652 2834 medio.
1667 2802 1799 2832 Disturba
1815 2805 1896 2848 tecta,

269 2852 360 2886 dulice
381 2857 513 2888 parietes.
529 2858 709 2886 Frumentum
727 2859 785 2886 situ
799 2859 941 2887 cariosum
956 2860 1008 2887 soli
1021 2860 1146 2888 ostende.
1169 2859 1281 2887 Vinctus
1295 2865 1361 2894 opes
1375 2865 1390 2885 e
1409 2861 1519 2884 carcere
1536 2852 1666 2886 extrahe;
1681 2849 1828 2878 tenebrosa
1851 2847 1897 2874 illa

272 2904 439 2928 mammona:
457 2901 613 2931 diversoria
629 2905 702 2932 velut
721 2906 748 2933 in
766 2906 933 2941 triumphum
950 2914 1068 2940 expone.
