2056 3113
178 127 247 161 149⁸1

819 126 938 158 ΞΑΟΒΑ
957 128 1188 161 PARALLELA.

1745 127 1813 160 1498

210 184 261 211 Διὰ
273 183 303 210 σι
321 183 368 211 καὶ
382 182 433 218 τὴν
456 181 600 219 συμφορὰν
629 180 816 213 κατεδῖκασεν,
832 181 874 208 ὅτι
896 182 959 216 ἑχωι

1055 182 1148 217 Ejusd.
1177 183 1272 210 Itomil.
1289 184 1316 211 in
1344 184 1471 220 (emporia
1499 184 1680 212 siccitate.“
1697 183 1812 219 Propter

175 232 225 258 οὐκ
250 230 342 262 ἐδίδως
358 237 366 245 ι
389 229 485 265 ἐπειδὴ
508 227 680 264 παρέτρεχες
704 227 767 259 τοὺς
797 227 965 260 πεινῶντας”

175 275 268 311 ἐπειδὴ
299 276 370 311 πρδς
395 274 460 307 τοὺς
488 274 671 310 ὀδυρομένους
702 274 753 300 οὐκ
775 274 965 310 ὲπεστρέφουο

112 339 118 343 -
174 321 267 358 ἐπειδὴ
289 321 531 356 προσκυνούμενος
546 321 596 347 οὐκ
606 320 709 356 ὴλέεις.
723 320 856 355 Ἔρχεται
870 320 917 347 καὶ
931 320 967 347 δι’

173 367 281 401 ὀλίγους
296 366 344 393 ἐπὶ
357 366 446 401 δῆμον
466 366 551 399 κακὰ,
567 365 615 393 καὶ
634 365 787 401 μοχθηρίας
802 365 862 397 ἐνὸς
892 374 965 401 παρ-

173 413 318 449 απήλαυσε
328 412 361 447 δῆ
366 421 426 448 μσς.
436 412 502 448 Ἀχὰ
505 421 522 448 ρ
534 412 720 447 ίεροσύλησεν,
728 411 777 438 καὶ
787 411 836 447 ὅλη
847 412 863 447 ή
877 411 966 447 παράν-

172 457 249 489 ταξις
263 457 441 492 ἑμαστίζετο.
462 457 491 483 '0
506 456 616 492 Ζαμὸρὶ
641 456 724 483 πάλιν
741 457 782 488 είς
798 456 848 487 τὰς
859 456 965 483 Μαδια-

171 502 275 534 νίτιδας
307 503 490 539 ἑξεπόρνευσε
510 523 517 534 .
545 504 591 530 καὶ
614 503 629 529 ὁ
652 502 762 538 Ἰσραὴλ
785 502 900 530 ἔπιπτεν
924 503 967 535 είς

171 548 260 583 δίκην.
276 548 382 581 Πάντες
396 549 497 582 τοίνυν,
514 549 562 576 καὶ
578 548 643 584 ίδίᾳ,
653 549 701 575 καὶ
714 550 793 584 κοινῇ
808 548 872 580 τοὺς
889 548 966 584 βίους

170 593 276 621 ἑαυτῶν
291 593 477 630 ἐξετάσωμεν.

169 646 239 674 erat,
268 646 295 669 et
324 641 408 669 Israel
426 646 573 677 propterea
604 643 632 671 in
657 645 827 680 supplicium
852 643 939 672 incidi

168 687 254 714 vitam
271 691 396 715 nostram
410 688 598 717 excutiamus.

202 732 273 760 Λαοὶ
287 732 424 760 ἀκούσατε
439 740 447 748 ⁶
460 734 623 769 Χριστιανοὶ
637 736 804 764 ἐνωτίσασθε
814 757 822 770 ,
839 737 881 764 ὅτι
896 736 960 764 τάδε

169 778 242 812 λέγει
258 778 371 814 Κύριος,
386 779 416 806 οὐ
431 779 599 816 δημηγορῶν
613 781 790 816 αὑτοφώνως,
800 784 857 814 τοῖς
867 783 895 809 δὲ
905 783 961 810 τῶν

1017 234 1046 257 te
1063 230 1114 257 hac
1133 237 1242 264 quoque
1256 236 1307 257 nos
1321 229 1395 257 Deus
1410 230 1568 258 calamitate
1585 229 1729 257 multavit:
1744 231 1810 265 quia

1018 282 1081 302 cum
1096 275 1227 308 haberes,
1245 282 1300 303 non
1325 275 1431 308 dabas;
1455 275 1522 311 quia
1542 282 1592 303 eos
1608 275 1657 310 qui
1681 275 1752 302 fame
1772 276 1811 303 la-

1017 321 1161 353 borabam,
1181 321 1366 356 prateribas;
1389 322 1456 357 quia
1481 321 1516 349 ad
1537 324 1681 357 gementes
1699 322 1812 349 minime

1018 371 1045 395 te
1070 367 1276 400 convertebas;
1302 368 1368 403 quia
1393 374 1570 402 nequaquam
1601 372 1629 395 te
1660 366 1812 395 miserebat

1016 419 1113 441 eorum
1132 420 1148 440 a
1167 413 1272 448 quibus
1291 413 1468 441 adorabaris.
1493 412 1647 441 Paucorum
1673 413 1755 448 culpa
1781 411 1813 439 lit

1017 463 1046 486 ut
1059 458 1139 492 plebs
1156 459 1287 487 universa
1313 459 1524 487 calamitatibus
1541 459 1700 494 aﬂligatur;
1728 463 1812 493 atque

1018 503 1100 531 unius
1115 503 1322 539 improbitatem
1344 508 1401 531 tota
1418 504 1497 539 plebs
1520 504 1582 531 luit.
1606 504 1704 531 Achan
1723 503 1810 531 sacri-

1017 548 1116 583 legium
1133 553 1320 584 perpetraret,
1335 554 1363 577 et
1389 554 1465 578 totus
1488 550 1628 578 exercitus
1649 557 1745 585 poenas
1760 549 1810 576 dc-

1016 592 1071 620 dit.
1091 593 1202 623 Zambri
1218 603 1280 622 cum
1300 595 1466 623 mulieribus
1491 595 1651 623 Madianitis
1666 599 1809 624 scortatus

979 641 1047 674 Quae
1075 650 1140 671 cum
1167 643 1205 671 ita
1224 643 1291 677 sint,
1317 650 1416 671 omnes
1430 648 1457 671 et
1483 643 1614 678 privatim
1641 647 1670 671 et
1698 642 1808 678 publica

1050 733 1124 761 Ibid.
1138 748 1173 753 ——
1191 733 1303 767 Audite,
1322 734 1416 769 populi
1431 742 1438 766 ;
1455 733 1620 768 auscultate,
1633 732 1785 761 Christiani
1800 743 1809 768 ;

1014 782 1146 816 quoniam
1179 781 1238 808 hac
1262 780 1330 808 dicit
1358 780 1505 813 Dominus,
1531 787 1587 807 non
1611 779 1671 815 ipse
1694 779 1808 814 quidem

169 825 272 852 δούλων
290 825 424 860 στόμασιν
439 826 547 861 ἐνηχῶν
562 827 601 859 ὡς
612 828 738 862 ὀργάνοις
748 836 755 843 ·
772 829 811 864 μὴ
829 828 959 864 φανῶμεν

1014 828 1123 852 suamet
1141 831 1210 852 voce
1229 824 1414 857 concionans,
1444 824 1493 852 sed
1520 831 1666 852 servorum
1692 831 1809 852 suorum

168 871 193 896 οἱ
205 870 311 905 λογικοὶ
327 870 383 897 τῶν
402 870 508 906 ἀλόγων
536 872 684 909 ὠμότεροι.
707 874 816 901 Ἐκεῖνα
837 875 892 910 γὰρ
907 876 963 906 τοῖς

168 918 201 944 ἐκ
211 917 261 952 τῆς
272 916 324 952 γῆς
356 918 505 952 φυομένοις
533 918 607 954 παρὰ
635 919 684 955 τῆς
708 921 818 954 φύσεως
831 919 869 952 ὼς
883 921 961 955 κοινῇ

168 963 318 999 κέχρηται,
345 963 394 990 καὶ
418 963 567 999 προϐάτων
594 965 692 1000 ἀγέλαι
721 965 750 993 ἒν
774 966 822 994 καὶ
845 966 877 993 τὸ
897 966 964 993 αὐτὸ

168 1011 384 1038 καταϐόσκονται
401 1011 476 1047 ὅρος.
490 1012 586 1040 ’Ίπποι
599 1013 627 1040 δὲ
643 1014 821 1049 παμπληθεῖς
836 1015 900 1049 μίαν
914 1015 964 1042 καὶ

167 1057 217 1093 τὴν
228 1057 315 1092 αὐτὴν
328 1058 531 1093 κατανέμοντας,
544 1059 668 1093 πεδιάδα,
691 1061 739 1087 καὶ
753 1061 844 1088 πάντα
853 1061 890 1088 τὰ
899 1061 962 1088 καθ’

169 1103 286 1130 ἕκαστον
301 1103 391 1135 οὕτως
413 1104 541 1140 ἀλλήλοις
556 1105 784 1142 ἀντιπαραχωρεῖ
798 1107 850 1141 τῆς
877 1107 963 1141 ἀναγ-

170 1150 253 1180 καίας
265 1150 320 1176 τῶν
336 1150 438 1185 χρειῶν
453 1150 641 1183 ἀπολαύσεως.
663 1152 760 1187 Ἡμεῖς
774 1152 803 1179 δὲ
817 1152 963 1187 ὲγκολπια-

169 1195 273 1230 ζόμεθα
286 1195 320 1223 τὰ
333 1195 421 1222 κοινά·
431 1196 465 1223 τά
479 1195 534 1223 τῶν
547 1196 653 1224 πολλῶν
666 1198 741 1233 μόνοι
759 1198 868 1234 ἔχομεν.
883 1199 966 1226 A186-

171 1241 280 1277 σθῶμεν
299 1242 436 1278 Ἑλλήνων
465 1242 648 1278 φιλάνθρωπα
679 1243 848 1279 διηγήματα.
881 1245 966 1279 Παρά¹

169 1295 242 1315 τισιν
255 1287 371 1315 ἐκείνων
400 1288 485 1324 νόμος
511 1288 715 1324 φιλάνθρωπος,
746 1290 796 1325 μία
825 1290 975 1329 τράπεζαη

169 1333 217 1360 καὶ
228 1333 306 1360 κοινά
323 1334 357 1360 τὰ
373 1334 456 1366 σιτία,
472 1334 521 1369 μία
546 1335 625 1362 ἑστία
647 1335 741 1370 σχεδὸν
767 1335 814 1363 τὸν
842 1336 960 1363 πολυάν-

169 1379 279 1415 θρωπον
303 1379 390 1415 δῆμον
425 1380 625 1415 ἀπεργάζεται.
652 1381 871 1417 Καταλείψωμεν
897 1382 960 1414 τοὺς

168 1424 279 1457 ἔξωθεν,
298 1425 346 1452 καὶ¹
360 1425 524 1461 ἀπέλθωμεν
538 1426 579 1458 εἰς
590 1426 622 1453 τό
632 1426 687 1453 τῶν
709 1427 869 1463 τρισχιλίων
893 1427 959 1453 ὑπό-

167 1470 282 1505 δειγμα*
294 1470 325 1497 τὺ
339 1470 448 1506 πρῶτον
460 1471 515 1498 τῶν
530 1473 704 1507 Χριστιανῶν
711 1472 881 1508 ζηλώσωμεν
896 1472 958 1499 σύν-

1015 868 1112 897 oribus
1128 873 1262 904 tauquam
1280 869 1395 905 organis
1412 869 1579 904 quibusdam
1595 869 1749 897 insonans:
1767 867 1808 896 Ne

1014 921 1065 941 nos
1086 914 1174 949 ipsos,
1184 913 1231 948 qui
1250 913 1358 941 ratione
1380 914 1489 949 praditi
1510 920 1617 947 sumus,
1633 913 1808 941 crudeliores

1013 960 1104 989 brutis
1122 959 1305 995 praebeamus.
1319 958 1367 988 Illa
1383 959 1520 993 siquidem
1534 960 1577 987 his
1593 967 1654 994 quae
1671 967 1705 987 ex
1720 959 1807 986 humo

1013 1010 1112 1034 natura
1138 1005 1280 1042 producit,
1307 1006 1337 1034 in
1363 1013 1513 1034 commune
1540 1010 1668 1033 utuntur.
1695 1005 1763 1033 Nam
1778 1010 1804 1033 et

1012 1052 1104 1080 ovium
1135 1060 1234 1088 greges
1253 1060 1341 1080 unum
1364 1052 1547 1087 eumdemque
1573 1055 1695 1079 montem
1719 1051 1804 1086 depa-

1013 1104 1105 1133 scunt,
1132 1099 1215 1135 492
1237 1103 1266 1127 et
1291 1099 1433 1127 numerosi
1455 1099 1519 1134 equi
1536 1099 1564 1126 in
1580 1106 1637 1126 uno
1651 1102 1678 1126 et
1706 1098 1804 1125 eodem

1012 1154 1110 1182 campo
1127 1146 1296 1182 pabulantur
1311 1155 1320 1180 ;
1340 1153 1373 1173 ac
1392 1145 1514 1180 denique
1528 1145 1694 1180 singulatim
1710 1145 1805 1172 omnia

1012 1193 1204 1220 necessarium
1222 1199 1318 1220 eorum
1336 1191 1439 1227 quibus
1457 1190 1591 1225 indigent,
1610 1197 1693 1217 usum
1708 1194 1804 1216 mutuo

1011 1238 1065 1266 sibi
1085 1238 1144 1273 ipsa
1163 1237 1332 1265 concedunt.
1357 1237 1392 1264 At
1415 1243 1467 1264 nos
1485 1243 1546 1271 quae
1563 1235 1721 1262 communia
1739 1238 1805 1261 sunt

1012 1285 1075 1312 sinu
1103 1288 1201 1312 nostro
1226 1290 1402 1314 coercemus,
1419 1285 1448 1309 et
1464 1288 1526 1316 qua
1551 1281 1721 1313 multorum,
1745 1279 1804 1307 haec

1011 1329 1064 1357 soli
1080 1326 1220 1358 tenemus.
1237 1328 1347 1356 Pudore
1370 1336 1422 1356 nos
1451 1327 1570 1355 adiciant
1587 1334 1648 1361 quae
1663 1327 1698 1354 de
1714 1326 1805 1361 genti-

1010 1375 1078 1402 lium
1109 1375 1283 1403 humanitate
1309 1377 1511 1402 memorantur.
1531 1373 1598 1400 Nam
1622 1372 1695 1408 apud
1718 1379 1804 1407 quos-

1010 1421 1074 1449 dam
1090 1429 1186 1450 eorum
1205 1421 1248 1448 lex
1261 1419 1444 1448 humanitatis
1457 1420 1539 1455 plena
1553 1423 1606 1451 est,
1625 1427 1679 1446 una
1694 1419 1804 1446 eadem-

1012 1475 1066 1502 que
1092 1474 1198 1498 mensa,
1222 1474 1387 1494 communes
1412 1466 1479 1497 cibi.
1512 1465 1585 1493 idem
1610 1464 1668 1493 fere
1704 1464 1804 1498 locus.

167 1524 272 1551 ταγμα,
288 1516 362 1548 ὅπως
376 1514 416 1551 ἦν
429 1518 532 1550 αὐτοῖς
563 1518 681 1545 ἅπαντα
711 1517 798 1545 κοινά
808 1525 814 1533 ·
831 1520 846 1545 ό
859 1518 927 1553 βίος,
941 1519 958 1555 ή

1011 1513 1270 1541 numerosissimum
1290 1513 1393 1548 alioqui
1416 1513 1548 1547 populum
1575 1518 1662 1538 unum
1685 1518 1747 1538 esse
1763 1510 1805 1537 fa-

167 1561 240 1597 ψυχὴ
251 1583 258 1594 ,
275 1562 292 1597 ὴ
321 1562 485 1597 συμφωνία,
509 1563 527 1597 ἡ
544 1563 672 1598 τράπεζα
697 1564 793 1599 κοινή·
806 1564 959 1600 ἀδιαίρετος

167 1606 327 1642 ἀδελφότης,
348 1607 445 1643 ἀγάπη
478 1609 718 1644 ἀνυπόκριτος,τά
731 1609 818 1636 πολλά
843 1609 960 1644 σώματα

167 1651 197 1678 ἓν
208 1651 393 1687 ἐργαζόμενα,
408 1652 459 1684 τὰς
481 1652 628 1688 διαφόρους
652 1653 743 1688 ψυχὰς
756 1654 796 1686 είς
812 1653 877 1688 μίαν
891 1655 958 1690 ὀμό-

167 1704 242 1723 νοιαν
258 1696 447 1732 συναρμοῦσα.
467 1697 556 1724 Πολλὰ
570 1697 622 1732 τῆς
640 1697 818 1732 φιλαδελφίας
842 1698 916 1734 ἔχεις
926 1699 959 1725 ἐκ

167 1742 292 1775 Παλαιᾶς
305 1743 444 1779 Διαθὴκης
459 1743 509 1770 καὶ
521 1744 554 1770 ἐκ
568 1745 618 1779 τῆς
632 1744 706 1775 Νέας
716 1743 751 1771 τά
759 1744 956 1779 ὑποδείγματα.

167 1787 327 1824 Πρεσϐύτην
333 1788 381 1815 ὲάν
389 1789 446 1824 ἴδῃς
458 1788 635 1824 λιμώττοντα,
649 1789 823 1824 μετάστειλαι
838 1790 885 1816 καὶ
895 1789 958 1826 θρέ-

166 1835 258 1869 ψονὼς
265 1834 364 1870 Ἰωσὴφ
375 1835 420 1861 τὸν
428 1834 536 1862 Ἰακώϐ.
545 1835 656 1870 Ἐχθρὸν
665 1835 712 1862 ὲὰν
720 1835 749 1862 εὖ
753 1844 805 1871 ρης
814 1835 958 1872 στενούμε-

165 1890 221 1912 νον,
233 1881 270 1916 μὴ
279 1881 429 1917 ἐπιϐάλλῃς
436 1883 469 1917 τῇ
481 1881 549 1917 ὀργῇ
558 1883 591 1917 τῇ
602 1881 756 1917 κατεχούσῃ
764 1881 814 1916 τὴν
838 1881 956 1916 ἄμυναν,

166 1926 234 1953 ἀλλά
245 1927 346 1962 θρέψον
371 1926 501 1958 αὑτὸνώς
516 1928 621 1959 ἐκεῖνος
646 1927 711 1959 τοὺς
741 1927 871 1962 ἀδελφοὺς
893 1928 957 1960 τοὺς

166 1973 243 2008 πωλή
248 1981 359 2004 σαν-τας.
376 1973 440 1999 Ἐὰν
452 1973 567 2010 ἐντύχῃς
576 1973 704 2008 νεωτέρῳ
714 1974 956 2008 καταπονουμένῳ,

165 2018 252 2051 οὕτως
275 2018 412 2053 δάκρυσον
426 2019 464 2050 ὡς
481 2019 584 2051 ἐκεῖνος
615 2018 662 2046 τὸν
691 2019 822 2054 Βενιαμὶν
848 2019 894 2045 τὸν
908 2019 956 2046 τοῦ

164 2066 256 2098 γήρως
271 2065 328 2091 υἱόν
338 2073 345 2080 ·
358 2065 488 2100 πειράζει
503 2065 552 2091 καὶ
568 2065 598 2091 σὲ
615 2065 696 2100 τυχὸν
709 2066 725 2094 ἡ
744 2064 900 2097 πλεονεξία,
918 2065 955 2097 ὡς

164 2111 209 2136 τὺν
230 2109 328 2144 Ἰωσὴφ
345 2110 362 2145 ἡ
377 2110 507 2137 δέσποινα
528 2111 638 2137 εἵλκυσε
661 2111 716 2137 τῶν
751 2111 877 2146 ἱματίων,
911 2111 953 2138 ἵνα

163 2155 212 2188 τῆς
238 2156 348 2190 ἐντολῆς
372 2157 602 2192 καταφρονήσῃς;
619 2156 772 2192 πρόσριώον
786 2157 820 2183 τὰ
845 2157 953 2191 ἱμάτια·

1009 1558 1097 1586 ciunt.
1127 1557 1183 1585 Sed
1208 1562 1339 1585 externos
1370 1558 1524 1590 mittamus,
1550 1561 1633 1592 atque
1650 1556 1684 1583 ad
1715 1556 1801 1583 trium

1009 1605 1120 1632 illorum
1135 1603 1208 1632 mille
1222 1603 1364 1631 hominum
1379 1603 1537 1638 exemplum
1549 1610 1600 1630 nos
1612 1601 1800 1629 conferamus:

1008 1651 1128 1687 primum
1158 1650 1222 1677 istic
1247 1649 1472 1678 Christianorum
1502 1655 1602 1683 agmen
1635 1648 1801 1675 imitemur:

1008 1694 1245 1731 quemadmodum
1266 1694 1357 1720 omnia
1369 1693 1431 1731 illis
1459 1692 1611 1719 communia
1627 1696 1704 1718 erant
1723 1690 1799 1727 (Act.

1008 1749 1038 1774 ιι,
1054 1741 1107 1774 Li;
1133 1748 1170 1774 Iv,
1186 1740 1243 1775 52),
1265 1739 1332 1771 vita,
1351 1740 1472 1772 animus,
1495 1738 1656 1771 concordia,
1675 1745 1802 1765 commuv

1008 1788 1052 1815 nis
1067 1794 1173 1819 mensa,
1191 1786 1332 1814 indivulsa
1348 1785 1521 1818 fraternitas,
1543 1784 1669 1811 charilas
1695 1791 1750 1811 non
1769 1785 1800 1810 ti-

1007 1839 1063 1867 cta,
1080 1841 1141 1869 qua:
1157 1841 1190 1862 ex
1207 1832 1302 1861 multis
1329 1831 1494 1867 corporibus
1513 1838 1599 1858 unum
1620 1830 1751 1861 elﬁceret,
1770 1834 1798 1857 et

1007 1880 1132 1907 diversas
1147 1879 1257 1906 animas
1270 1878 1428 1906 concordiae
1445 1885 1518 1904 nexu
1541 1880 1694 1912 coeptaret.
1713 1876 1798 1903 Multa

1009 1925 1055 1953 tibi
1074 1928 1174 1960 prmsto
1190 1928 1257 1952 sunt
1275 1924 1401 1959 exempla
1424 1923 1584 1955 charitatis,
1616 1928 1671 1950 tum
1688 1930 1722 1950 ex
1744 1921 1799 1949 Vc-

1009 1971 1071 2004 teri,
1090 1975 1148 1998 tum
1178 1978 1211 1997 ex
1238 1969 1315 1997 Novo
1341 1969 1532 1996 Testamento.
1556 1968 1584 1996 Si
1611 1976 1704 1996 senem
1726 1967 1798 1996 fame

1007 2017 1164 2046 conl‘cctum
1187 2015 1304 2049 videris,
1322 2016 1397 2043 hunc
1422 2023 1534 2043 accerse
1549 2019 1575 2042 et
1593 2015 1646 2046 ale,
1665 2014 1798 2050 quemad-

1007 2063 1119 2091 modum
1144 2062 1247 2097 Joseph
1271 2062 1369 2090 Jacob.
1397 2061 1426 2089 Si
1445 2062 1588 2089 inimicum
1609 2062 1637 2088 in
1652 2061 1800 2096 angustias

1007 2111 1150 2139 redactum
1175 2111 1328 2143 inveneris,
1359 2118 1395 2138 ne
1420 2109 1573 2137 iracundia:
1591 2117 1646 2145 qua
1676 2109 1798 2144 percitus

1008 2162 1061 2190 est,
1089 2157 1221 2185 ultionem
1240 2156 1396 2192 adjungas;
1426 2156 1476 2184 sed
1502 2156 1591 2190 ipsum
1617 2155 1671 2188 ale,
1703 2160 1733 2182 ut
1753 2154 1798 2183 ille

163 2199 282 2233 φύλαξον
298 2200 337 2235 τῷ
352 2202 448 2236 Κυρίῳ
462 2201 512 2237 τὴν
540 2202 643 2234 πίστιν,
661 2204 699 2232 ὼς
723 2202 828 2233 ἐκεῖνος
843 2201 881 2236 τῷ
895 2203 950 2228 Πε-

1009 2187 1106 2230 iratres
1137 2210 1151 2229 a
1166 2187 1421 2237 quibus'venditus
1449 2187 1549 2227 fuerat.
1574 2200 1604 2227 Si
1622 2200 1650 2226 in
1666 2199 1797 2234 juvenem

162 2245 261 2280 τεφρή.
283 2246 327 2272 Ἐν
341 2247 459 2282 ἐνιαυτῷ
489 2248 539 2283 τὴν
557 2247 662 2274 ἔνδειαν
689 2248 882 2283 οίκονόμησον,
913 2249 951 2280 ὡς

163 2290 267 2322 ἐκεῖνος
281 2292 310 2318 ὲν
321 2293 377 2324 τοῖς
392 2293 471 2320 ἑπτά.

1005 2256 1129 2276 aerumna
1151 2253 1178 2276 et
1206 2249 1299 2276 labore
1320 2255 1449 2283 pressum
1475 2246 1621 2277 incideris,
1644 2245 1686 2272 sic
1711 2245 1797 2272 colla-

1004 2303 1111 2331 cryma,
1130 2300 1161 2322 ut
1175 2295 1223 2323 ille’
1234 2295 1269 2322 ob
1284 2295 1427 2330 Bcnjamin
1443 2301 1524 2330 quem
1546 2300 1630 2321 senex
1643 2296 1723 2328 pater
1737 2293 1797 2319 edi-

164 2336 252 2365 derat.
271 2337 343 2372 Quin
370 2344 398 2367 te
419 2339 550 2368 fortassis
573 2348 683 2376 quoque
709 2345 796 2369 tenlat
813 2342 949 2370 avaritia?
964 2344 1004 2370 uti
1024 2343 1178 2378 Jqsephum
1195 2343 1261 2370 hera
1282 2346 1311 2371 te
1335 2343 1459 2371 vestibus
1490 2341 1585 2373 trahit,
1612 2345 1643 2367 ut
1679 2340 1796 2367 manda«

164 2389 223 2412 tum
241 2385 286 2413 Dci
303 2394 353 2420 pro
379 2387 467 2415 nihilo
487 2388 593 2416 ducas?
616 2389 721 2424 projice
738 2394 847 2422 vestes,
860 2390 947 2419 iratus
974 2391 1113 2425 abscede,
1142 2390 1222 2418 ﬁdem
1239 2398 1318 2418 serva
1338 2390 1475 2423 Domino,
1496 2394 1526 2416 ut
1546 2388 1591 2416 ille
1628 2387 1795 2423 Putipbari:

164 2439 192 2460 In
209 2441 265 2461 uno
280 2442 352 2462 anno
366 2440 540 2471 grassantem
563 2440 714 2471 egestatem
731 2437 906 2471 administra,
921 2443 951 2466 ut
973 2438 1018 2466 ille
1036 2443 1142 2473 septem
1160 2439 1253 2465 annis.

199 2481 232 2508 Τί
249 2481 364 2517 ὑποτίθῃ
377 2482 503 2517 ἀφορμὴν
533 2482 712 2518 εὐπρόσωπον
728 2485 769 2516 εὶς
791 2485 840 2519 τὴν
856 2486 950 2520 ἀμαρ-

163 2528 242 2561 τίαν;
256 2529 270 2554 ό
281 2528 327 2554 τὸν
343 2528 425 2554 παῖδα
440 2528 567 2564 ποιήσας,
594 2529 641 2556 καὶ
658 2530 688 2556 σὲ
702 2530 841 2565 ἐποίησεν.
859 2531 894 2558 Ὅ
910 2539 951 2558 σοι

162 2574 213 2606 τὰς
228 2574 356 2610 ἀφορμάς
368 2575 567 2610 παρεχόμενος,
577 2577 625 2603 καὶ
635 2576 673 2612 τῷ
687 2576 764 2603 παιδὶ
774 2576 889 2613 παρέξει
902 2578 952 2610 τὰς

162 2621 211 2648 τοῦ
228 2621 286 2657 βίου
301 2619 483 2656 διεξαγωγάς.

198 2709 247 2746 Μὴ
263 2709 434 2745 προφασίζου
456 2711 521 2743 τοὺς
536 2712 643 2744 παῖδας,
654 2713 669 2740 ὁ
682 2712 858 2749 πλεονέκτης.
883 2715 952 2742 Παῖ-

163 2756 209 2788 at;
236 2757 329 2790 είσιν;
358 2757 508 2792 θησαύριζε
537 2759 636 2794 αὐτοῖςι
662 2758 800 2795 θησαυρὸν
829 2760 949 2788 αἰώνιον.

163 2801 307 2838 Θησαδρδς
321 2802 350 2829 δέ
374 2804 448 2830 ἐστιν
461 2803 589 2830 εὐσέϐεια
617 2805 776 2839 χρημάτων.
795 2807 951 2834 Κατάλειπε

166 2847 260 2875 παισὶν
273 2847 380 2884 ἀγαθὴν
398 2849 526 2884 μνήμην,
541 2848 557 2884 ἢ
572 2849 687 2877 πλοῦτον
719 2851 813 2879 πολύν.
844 2852 952 2886 Πάντας

1040 2484 1178 2519 Ejusdem.
1194 2499 1229 2504 —-
1244 2484 1316 2517 Quid
1336 2483 1513 2519 plausibilem
1539 2490 1652 2510 causam
1679 2482 1712 2510 ad
1731 2489 1795 2517 pec-

1005 2530 1126 2558 candum
1142 2530 1242 2566 ﬁngis?
1255 2531 1308 2564 Qui
1324 2534 1351 2557 te
1364 2530 1480 2561 creavit,
1495 2529 1567 2557 idem
1582 2528 1668 2555 tilium
1683 2535 1796 2563 qucque

1005 2579 1084 2602 tuum
1112 2574 1228 2602 creavit.
1251 2574 1303 2607 Qui
1333 2575 1395 2602 vita:
1424 2573 1556 2609 degenda
1588 2573 1713 2601 subsidia
1743 2572 1793 2600 tibi

1005 2620 1134 2656 praebuit,
1152 2620 1226 2648 idem
1242 2627 1354 2656 quoque
1369 2620 1562 2648 instrumenta
1575 2620 1632 2648 tilio
1650 2619 1793 2653 praebebit,

1003 2667 1106 2702 quibus
1123 2667 1208 2694 vitam
1223 2667 1358 2702 transigat

1042 2712 1140 2746 Ejusd.
1156 2728 1192 2733 —
1206 2712 1246 2741 Ne
1264 2713 1370 2741 liberos
1392 2719 1529 2744 causeris,
1543 2720 1560 2740 ο
1584 2720 1678 2740 avare.
1697 2712 1792 2751 Liberi

1003 2758 1052 2785 tibi
1075 2759 1163 2786 sunt?
1183 2758 1384 2794 sempiternum
1409 2760 1477 2794 ipsis
1501 2760 1662 2787 thesaurum
1674 2753 1791 2795 aggere.

1002 2804 1162 2832 Thesaurus
1179 2808 1271 2834 autem
1288 2806 1470 2842 pecuniarum
1491 2806 1589 2842 plenus
1605 2810 1632 2833 et
1647 2813 1729 2841 opum
1747 2809 1792 2834 est

1003 2851 1099 2886 pietas.
1130 2851 1208 2880 Filiis
1237 2853 1293 2881 tuis
1309 2853 1421 2890 bonum
1439 2852 1535 2888 potius
1566 2859 1678 2886 nomen,
1707 2858 1789 2888 quam
