2056 3113
280 136 350 170 1199

860 136 893 167 S.
910 134 1073 167 JOANNIS
1092 135 1311 166 DAMASCENI

1844 130 1917 164 1500

273 195 384 223 divitias
415 194 518 222 multas
543 193 683 228 relinque.
709 192 749 220 Da
773 200 887 228 operam
908 196 940 220 ut
962 199 1060 220 omnes

1122 191 1232 227 ποίησον
1242 191 1290 219 τοῦ
1302 190 1399 223 παιδὸς
1415 190 1464 218 τοῦ
1475 189 1523 216 σοῦ
1540 188 1660 224 πατέρας
1670 186 1715 214 διὰ
1731 186 1780 223 τῆς
1795 186 1914 219 εὐνοίας.

273 248 368 269 amore
391 245 420 269 et
447 241 642 269 benevolentia
667 244 760 276 patres
778 239 825 267 lilii
845 241 884 267 tui
904 240 971 268 sint.
997 239 1067 267 0m-

273 288 341 315 nino
357 287 408 315 tibi
429 295 461 315 ex
477 288 530 315 hac
546 287 601 314 vita
622 287 789 322 quandoque
810 287 945 315 excedere
971 293 1068 315 neces-

275 341 337 361 sum
356 339 409 366 est,
424 337 451 361 et
469 333 640 368 impuberem
654 333 741 360 illium
761 333 930 368 relinquere.
947 333 1069 361 aliorum

274 379 406 415 praesidio
430 386 501 414 opus
524 378 688 406 habentem.
707 378 736 406 Si
752 379 856 414 probus
878 383 906 406 et
931 379 1068 414 benignus

274 425 372 457 fueris,
384 425 505 461 quisque
516 428 595 452 tuum
610 424 695 452 frlium
706 429 839 460 tanquam
851 433 934 452 suum
947 425 1067 453 nutriet.

273 469 472 498 lietniniscitur
481 470 569 502 enim,
582 469 656 505 quod
668 474 696 497 et
706 473 735 497 tu
749 469 825 497 fuisti
837 474 914 504 pater
928 470 1069 506 orphano-

273 522 347 544 rum.
359 516 408 544 Sin
419 520 511 544 autem
519 516 654 544 scelerate
664 515 794 549 vivendo,
805 516 898 544 multis
909 517 1066 546 molestiam

274 563 412 597 attuleris,
428 571 459 590 ac
467 563 566 598 quavis
584 562 640 590 fera
655 563 886 591 crudelioremiis
897 563 1066 600 quibuscum

275 610 377 645 agebas
390 613 418 637 te
430 609 593 645 praebueris,
610 612 668 636 tum
685 609 786 637 deinde
798 617 832 637 ex
847 609 900 637 hac
917 610 972 638 vita
988 618 1068 639 exce-

274 655 355 688 dens,
368 654 453 682 filium
471 659 548 682 tuum
566 661 742 683 communem
755 656 880 684 omnium
900 656 1008 685 hostem
1025 665 1069 686 re-

274 700 395 736 liquisti.
416 700 498 729 Velut
518 702 592 729 enim
609 703 655 737 qui
677 703 781 738 scorpii
796 704 901 738 prolem
917 705 1066 740 conspicit,

274 745 367 779 timet,
387 754 424 774 ne
445 754 508 774 cum
533 747 567 774 ad
583 751 691 775 aetatem
713 749 903 782 pervenerint,
923 753 1068 785 parentem

274 792 415 826 imitetur;
442 792 482 820 sic
515 793 598 820 etiam
616 801 649 820 ne
669 793 718 821 illii
733 793 775 821 tui
797 799 920 829 paterna:
935 795 992 823 sint
1010 795 1068 823 hrc-

274 838 354 865 redes
377 838 574 874 improbitatis,
594 842 741 874 antequam
761 839 795 867 ad
809 844 919 869 aetatem
942 832 1067 875 veniant,

1124 239 1245 274 Ἀνάγκη
1257 238 1287 265 σε
1302 246 1369 265 ποτε
1392 236 1522 264 ἀπελθεῖν
1548 234 1597 262 τοῦ
1619 234 1678 269 βίου
1690 241 1699 250 ·
1715 230 1775 260 εἶτα
1796 233 1842 260 τὸν
1865 231 1916 259 σὺν

1119 286 1202 312 παῖδα
1216 287 1245 312 ἐν
1255 286 1288 320 τῇ
1300 284 1436 319 ἁνηλικία-
1459 281 1637 316 καταλείψεις
1664 280 1719 307 τῶν
1732 278 1917 315 προεστώτων

1117 331 1256 367 δεόμενον.
1280 331 1343 358 Ἐὰν
1352 329 1435 363 καλὸς
1447 328 1481 366 ᾖς
1490 329 1537 356 καὶ
1550 327 1662 362 ἀγαθὸς,
1675 327 1792 358 ἕκαστος
1805 325 1852 352 τὸν
1867 325 1917 351 σὺν

1119 379 1232 413 ἔγγονον
1245 377 1343 412 ὥσπερ
1358 376 1424 404 ἴδιον
1440 375 1581 411 ἐκθρέψει.
1596 373 1778 409 Μεμνήσεται
1803 371 1917 407 ﬁght

1121 425 1171 452 καὶ
1186 425 1219 452 σὺ
1239 422 1366 460 ὀρφανῶν
1393 422 1488 457 ἐγένου
1515 421 1617 456 πατήρ.
1636 419 1700 446 Ἐὰν
1713 419 1742 446 δὲ
1751 419 1781 445 ἐν
1796 417 1916 452 πονηρίᾳ

1119 471 1216 506 ζήσας,
1243 470 1291 497 καλ¹
1312 469 1428 501 πολλοὺς
1456 468 1594 503 λυπήσας,
1619 467 1667 493 καὶ
1692 464 1795 496 παντὸς
1816 463 1915 499 θηρίου

1119 515 1312 552 χαλεπώτερος
1341 515 1488 550 γενόμενος
1514 515 1572 545 τοῖς
1597 511 1840 547 συντυγχάνουσιν,
1853 507 1917 536 εἶτα

1119 564 1273 601 ὁπεξῆλθες
1286 564 1334 591 τοῦ
1351 565 1422 599 βίου,
1442 563 1589 594 κατέλιπες
1605 561 1652 588 τὸν
1668 560 1715 587 σὺν
1729 559 1841 594 ἔγγονον
1853 566 1918 585 κει-

1119 611 1164 640 νδν
1175 611 1273 647 ἐχθρὸν
1285 610 1341 638 τῶν
1352 609 1474 642 ζώντων.
1486 608 1594 642 ’Ὠσπερ
1603 606 1658 642 γὰρ
1671 605 1767 632 τέκνον
1779 603 1916 639 σκορπίου

1119 658 1134 685 ό
1148 658 1317 693 θεασάμενος
1346 656 1483 691 φοϐεῖται,
1508 655 1615 690 μήποτε
1641 653 1683 684 είς
1697 651 1808 686 ἡλικίαν
1823 649 1914 676 ἐλθὼν

1122 703 1280 739 μιμήσηται
1295 702 1341 728 τὸν
1352 700 1472 736 πατέρα,
1498 698 1571 726 οὕτω
1586 698 1635 724 καὶ
1644 697 1679 724 τὰ
1698 696 1733 723 σὰ
1746 695 1848 730 ἔγγονα
1863 702 1916 720 m-

1120 757 1153 784 νη
1161 748 1221 785 ρίας
1237 747 1376 783 πατρικῆς
1387 745 1457 773 εἶναι
1475 743 1644 780 κληρονόμα,
1665 742 1730 778 πρὶν
1747 742 1787 773 είς
1801 740 1914 785 ἠλικίαν

1120 784 1208 824 ἐλθεῖν
1235 794 1313 830 παρὰ
1347 793 1459 820 πάντων
1488 789 1778 825 ἐπιδουλευθήσονται.
1808 787 1842 813 Τί
1863 784 1916 812 οὖν

1121 843 1238 873 πολλοὺς
1267 839 1430 871 ἐπιϐούλους
1445 838 1494 865 καὶ
1520 836 1637 873 ἐχθροὺς
1651 835 1777 869 συνάγεις
1792 835 1850 865 τοῖς
1867 840 1914 859 σε-

275 882 384 911 insidiis
401 884 524 911 omnium
549 884 695 919 patebunt.
712 885 786 919 Quid
809 887 992 922 ergo'liberis
1011 887 1067 916 tuis

1122 890 1203 917 αυτοῦ
1210 888 1317 919 τέκνοις
1326 895 1334 920 ;

274 928 454 958 insidiatores
473 930 574 958 multos
591 935 618 959 et
634 931 729 960 hostes
744 933 873 968 colligis?

310 974 407 1010 Ejusd.
433 975 526 1003 homil.
550 977 589 1004 De
608 979 706 1005 auarit.
719 979 822 1007 «Nos
847 987 862 1007 a
886 981 1067 1009 servitutem

275 1020 432 1049 libertatem
460 1022 647 1057 vindicamur,
664 1032 717 1052 nec
737 1032 937 1053 conservorum
954 1027 1067 1055 miseria

276 1067 424 1102 tangimur.
449 1067 611 1097 Esurientes
636 1070 748 1104 alimus,
767 1075 794 1099 et
816 1077 944 1108 egentem
965 1079 1067 1109 praete-

275 1112 375 1141 rimus.
392 1112 623 1150 Copiosissimum
642 1116 805 1152 largitorem
825 1121 851 1145 et
866 1126 982 1154 procum
998 1127 1068 1148 con-

274 1158 339 1185 dum
361 1166 425 1187 cum
449 1153 619 1195 habeamus,"
641 1163 718 1198 parci
740 1167 768 1191 et
788 1153 938 1193 illiberales
958 1166 984 1193 in
1001 1173 1069 1201 pau-

273 1210 355 1238 peres
371 1206 544 1236 exsistimus.
561 1207 703 1237 Fecundze
724 1214 789 1238 sunt
804 1215 908 1239 nostrae
926 1219 1004 1245 oves,
1019 1213 1068 1240 sed

274 1251 353 1278 multi
376 1252 470 1280 ovium
493 1254 646 1282 Velleribus
670 1261 780 1284 carent.
798 1257 983 1292 Angustiores
1002 1263 1070 1286 sunt

274 1297 418 1330 apothecae
443 1306 526 1333 quam
546 1303 576 1327 ut
600 1301 763 1330 reconditas
787 1302 871 1339 E93
900 1303 994 1340 fruges
1020 1312 1067 1332 ca-

275 1341 371 1377 piant,
390 1351 441 1370 nec
457 1345 482 1371 ei
504 1345 552 1380 qui
579 1347 717 1382 angustiis
738 1349 886 1382 premitur,
907 1350 1069 1378 misericor-

274 1388 349 1415 diam
376 1389 459 1416 ullam
481 1390 667 1427 impertimus.
692 1392 758 1421 Eam
774 1394 809 1422 ob
833 1402 946 1423 causam
960 1396 1067 1431 justum

274 1432 358 1461 nobis
372 1435 494 1463 tribunal
509 1438 717 1472 comminatur;
736 1445 797 1466 eam
817 1439 853 1467 ob
869 1447 982 1469 causam
995 1441 1068 1470 Deus

1154 979 1248 1007 Δοῦλοι
1259 979 1336 1009 ὄντες
1350 973 1584 1009 ὲλευθερούμεθα,
1599 971 1646 998 καὶ
1666 969 1731 1000 τοὺς
1750 965 1913 1004 ὁμοδούλους

1119 1026 1170 1054 οὐκ
1195 1024 1382 1060 οίκτείρομεν.
1411 1019 1563 1050 Πεινῶντες
1591 1014 1775 1053 τρεφόμεθα,
1797 1013 1851 1040 iub
1863 1013 1913 1060 τὸν

1119 1073 1200 1107 ἑνδεῆ
1220 1069 1434 1106 παρατρέχομεν
1457 1065 1582 1098 ἁνενδεῆ,
1602 1065 1722 1099 χορηγὸν
1749 1061 1797 1088 καὶ
1811 1059 1913 1107 ταμίαν

1119 1105 1200 1146 Θεὸν.
1211 1105 1330 1152 ἔχοντες,
1346 1113 1474 1150 φειδωλοὶ
1501 1109 1655 1145 ἐγενόμεθα
1669 1107 1718 1135 καὶ
1732 1105 1913 1152 ἀκοινώνητοι

1120 1166 1190 1202 πρὸς
1200 1151 1264 1196 eois;
1277 1162 1409 1198 πένητας.
1421 1157 1566 1186 Πολύτοκα
1581 1155 1658 1192 ὑμῶν
1669 1152 1852 1202 τὰγπρόθατα,
1863 1151 1914 1202 καὶ

1119 1197 1261 1247 οίγυμνοὶ
1275 1209 1331 1236 τῶν
1351 1205 1500 1242 προόάτων
1513 1203 1635 1234 πλείους.
1650 1201 1685 1228 Δί
1700 1199 1841 1247 ἀποθῇκαι
1856 1197 1913 1247 stin

1119 1244 1314 1293 ἀποκειμένων
1334 1252 1505 1284 στενοῦνται,
1524 1251 1573 1277 καὶ
1589 1249 1636 1276 τὸν
1652 1245 1840 1281 ἐστενωμένον
1863 1244 1915 1293 ουκ

1122 1290 1265 1340 ἐλεοῦμεν.
1280 1301 1330 1328 Διὰ
1340 1300 1421 1327 τοῦτο
1445 1298 1513 1334 ἡμῖν
1527 1295 1637 1323 ἀπειλεῖ
1645 1293 1794 1340 τὸδίκαιον
1819 1290 1915 1340 κριτή-

1124 1359 1183 1387 ριον
1193 1336 1258 1376 ι’διὰ
1270 1346 1351 1374 τοῦτο
1367 1345 1416 1372 καὶ
1431 1345 1446 1371 ὁ
1457 1342 1525 1374 Θεδς
1547 1341 1599 1368 οὐκ
1625 1339 1738 1387 ανοίγει.
1749 1336 1799 1372 τὴν
1823 1336 1914 1387 χεῖρα,

1122 1379 1218 1430 ἐπειδὴ
1235 1393 1286 1427 τὴν
1306 1389 1485 1426 φιλαδελφίαν
1511 1387 1593 1423 ἡμεῖς
1620 1384 1828 1430 ἀπεκλείσαμεν
1845 1390 1852 1397 ·
1868 1379 1915 1407 διὰ

1122 1441 1202 1468 τοῦτο
1212 1428 1301 1475 ⁷ξηραὶ
1314 1438 1343 1464 ai
1355 1436 1486 1472 ἄρουραι,
1500 1432 1595 1468 ἐπειδὴ
1609 1433 1627 1467 ἡ
1638 1430 1734 1465 ἀγάπη
1750 1428 1850 1464 ἐψύχη.

276 1486 389 1507 manum
408 1489 490 1510 suam
515 1484 596 1512 nobis
629 1492 685 1512 non
709 1486 809 1520 aperit,
845 1489 910 1522 quia
940 1497 991 1518 nos
1027 1489 1181 1519 fraternam
1214 1487 1381 1516 cbaritatem
1416 1482 1608 1513 exclusimus;
1641 1485 1704 1507 eam
1733 1477 1770 1505 ob
1799 1481 1914 1503 eius“!

275 1527 357 1555 sicca:
373 1532 454 1557 terra:
471 1536 548 1563 sunt,
563 1531 630 1566 quia
644 1532 767 1562 charitas
783 1534 923 1570 refriguit.

311 1574 409 1611 Ejusd.
424 1593 459 1597 —
471 1578 518 1606 ille
535 1586 603 1615 opes
621 1588 687 1608 suas
713 1582 741 1609 in
758 1589 807 1610 eos
824 1584 871 1619 qui
888 1592 952 1612 cum
969 1585 1067 1614 bestiis
1083 1587 1104 1617 C

276 1626 402 1657 pugnant
427 1623 581 1658 insumens,
614 1629 641 1653 et
671 1627 801 1656 inanibus
832 1630 926 1664 populi
953 1631 1069 1660 vocibus

277 1668 460 1702 insolesceus,
492 1671 567 1704 vulgi
595 1671 725 1701 laudibus
755 1674 877 1708 inflatur,
906 1677 1070 1713 animosque

277 1713 372 1746 tollit;
389 1715 469 1749 cujus
490 1715 621 1744 videlicet
646 1718 735 1754 gloria
755 1719 782 1748 in
800 1720 964 1751 confusione
979 1723 1070 1759 ipsius

277 1759 324 1786 sit.

314 1805 412 1839 Ejurd.
437 1807 532 1836 Itomll.
547 1809 588 1836 Ad
609 1810 686 1838 divit.
703 1811 913 1849 —Magistrum
932 1823 1026 1848 vocas,
1043 1820 1071 1844 et

278 1851 378 1879 affectu
401 1853 533 1888 discipuli
562 1863 651 1884 cares.
677 1856 784 1885 Bonum
805 1859 958 1893 confiteris,
989 1862 1071 1896 cujus

277 1903 394 1924 munera
418 1899 558 1933 repudias.
585 1900 658 1933 Quid
687 1910 772 1937 porro
796 1911 878 1938 grave
899 1905 948 1933 tibi
967 1910 994 1934 et
1011 1915 1071 1935 mo-

278 1941 390 1976 lestum,
406 1948 453 1971 aut
469 1945 556 1972 altum
572 1947 659 1976 nimis
673 1956 705 1976 ac
717 1948 825 1978 diiiicile
836 1956 879 1979 est
893 1953 946 1980 hoc
959 1953 1071 1981 verbum

278 1988 353 2023 quod
381 1992 511 2027 magister
537 1993 586 2021 tibi
613 1996 779 2030 proposuit:
808 1995 897 2025 Vende
916 2007 975 2034 qua:
990 2000 1072 2028 habes

279 2040 305 2062 et
322 2035 357 2062 da
370 2038 530 2071 pauperibus
547 2039 660 2075 (Matth.
677 2049 738 2075 χιιι,
749 2042 781 2070 2i
795 2043 826 2076 )?
844 2043 872 2072 Si
885 2045 933 2073 tibi
949 2047 1072 2081 agricul-

280 2083 350 2109 turae
369 2083 489 2118 labores,
505 2091 553 2113 aut
570 2087 767 2123 negotiationis
790 2091 914 2124 pericula
927 2111 934 2124 ,
953 2098 1001 2120 aut
1019 2094 1073 2122 alia

278 2130 374 2157 omnia
395 2133 589 2166 propesuisset
616 2142 679 2170 qua:
705 2140 869 2171 tempestate
888 2137 1004 2173 iactatis
1021 2140 1072 2168 ho-

278 2174 404 2203 minibus
432 2184 530 2211 aspera
553 2184 725 2214 occurrunt,
741 2185 801 2208 erat
815 2189 866 2209 cur
881 2190 999 2212 maerore
1014 2186 1072 2213 ai’ii-

277 2221 394 2248 cereris.
411 2221 481 2249 Cum
497 2227 590 2250 autem
608 2232 658 2259 per
673 2225 745 2252 viam
765 2234 854 2261 usque
867 2227 935 2255 adeo
950 2223 1082 2263 facilem:

1163 1583 1193 1610 Ὅ
1208 1582 1283 1609 δεῖνα
1298 1580 1344 1608 τδν
1356 1578 1473 1606 πλοῦτον
1486 1575 1668 1611 θηριομάχοις
1676 1569 1912 1608 προσαναλίσκων,

1122 1629 1169 1657 καὶ
1182 1629 1242 1660 ταῖς
1259 1625 1389 1662 ματαίαις
1409 1623 1465 1650 τῶν
1480 1622 1576 1657 δήμων
1596 1619 1702 1654 φωναῖς
1723 1614 1914 1662 ἐπαγαλλόμε-

1121 1683 1177 1705 νος,
1194 1659 1317 1709 φυσάται
1333 1671 1391 1701 τοῖς
1406 1667 1541 1699 ἐπαίνοις,
1560 1665 1609 1692 καὶ
1630 1662 1841 1700 μεγαλοφρονεῇ
1863 1659 1915 1694 τὴν

1121 1719 1202 1753 δόξαν
1219 1718 1289 1754 ἔχων
1307 1717 1337 1744 ἐν
1349 1716 1384 1751 τῇ
1400 1713 1520 1749 αἰσχύνῃ
1534 1710 1630 1740 αὐτοῦ.

1157 1808 1325 1837 Διδάσκαλον
1347 1805 1450 1841 λέγεις,
1465 1805 1514 1832 καὶ
1537 1802 1592 1830 τῶν
1607 1801 1739 1838 μαθητῶν
1748 1799 1780 1826 οὐ
1792 1798 1912 1834 φρονεῖς.

1128 1856 1245 1891 Ἀγαθὸν
1271 1853 1431 1890 ὁμολογεῖς,
1456 1851 1504 1879 καὶ
1523 1850 1558 1877 τὰ
1570 1849 1699 1883 διδόμενα
1727 1845 1914 1881 παραπέμπῃ.

1122 1903 1155 1931 Τί
1177 1902 1206 1930 δέ
1232 1909 1275 1929 σοι
1298 1899 1428 1937 χαλεπὸν,
1443 1899 1460 1934 ἢ
1475 1897 1564 1933 βαρὺ,
1584 1895 1603 1931 ἢ
1634 1894 1789 1929 ὑπέρογκον
1816 1891 1916 1926 ﬁlii”

1123 1948 1284 1980 διδάσκαλος
1314 1945 1511 1984 προετείνατο·
1538 1941 1689 1975 Πὼλησόν
1709 1947 1769 1966 σου
1796 1938 1832 1965 τὰ
1857 1938 1917 1984 ius

1123 1996 1266 2031 ἁρχογτα,
1295 1983 1345 2021 καί
1360 1992 1414 2025 δὸς
1430 1990 1584 2025 πτωχοῖς-ς
1601 1988 1634 2015 Εἰ
1650 1996 1693 2014 σοι
1722 1985 1856 2022 προέϐαλε
1867 1983 1917 2010 πό-

1123 2052 1187 2075 νους
1216 2041 1407 2078 γεωργικοὺς,
1425 2039 1442 2075 ἢ
1459 2039 1523 2070 τοὺς
1545 2036 1574 2070 ἐξ
1593 2035 1732 2071 ἐμπορίας
1766 2031 1916 2078 κινδύνους,

1124 2093 1172 2119 καὶ
1184 2092 1236 2118 ὅσα
1254 2090 1311 2121 τοῖς
1323 2085 1537 2124 χειμαζομένοις
1555 2083 1674 2110 ἐπίπονα
1690 2080 1850 2116 πρόσεστιν,
1861 2077 1916 2103 ἔδει

1125 2147 1155 2166 σε
1167 2123 1334 2172 λυπηθῆναιζ
1357 2133 1390 2160 Et
1405 2132 1433 2159 δὲ
1451 2131 1539 2162 οὕτως
1565 2128 1612 2157 διὰ
1637 2127 1732 2164 ῥᾳδίας
1759 2124 1838 2156 ὁδοῦ,
1865 2123 1917 2172 καὶ

1124 2185 1220 2212 οὐδένα
1234 2183 1317 2210 πόνον
1328 2180 1454 2216 ἐχούσης,
1467 2177 1528 2205 οὐδὲ
1540 2176 1653 2212 ἱδρῶτα,
1671 2171 1870 2207 ἐπαγγέλλεταί
1886 2178 1915 2197 σε

1126 2231 1298 2266 κληρονόμον
1317 2227 1368 2262 τῆς
1393 2224 1504 2253 αἰωνίου
1529 2223 1602 2258 ζωῆς
1631 2219 1796 2253 ἀποδείξειν,
1855 2216 1916 2266 χαί-

278 2272 313 2292 ac
331 2266 435 2294 laboris
460 2269 552 2296 omnis
569 2273 596 2297 et
612 2270 725 2299 sudoris
745 2278 884 2307 expertem
913 2274 966 2303 hoc
983 2284 1013 2304 se
1029 2261 1070 2304 fa;

1125 2261 1226 2314 ρειξτῇ
1242 2261 1354 2309 summa
1369 2272 1420 2308 τῆς
1441 2269 1596 2306 σωτηρίας,
1617 2268 1675 2314 ἀλλι
1693 2265 1803 2314 ἀπέρχῃ
1817 2263 1916 2313 ὀδυνὼς

277 2316 391 2340 cturum
421 2314 598 2349 polliceatur,
627 2321 657 2344 ut
687 2319 866 2354 sempiternae
894 2321 957 2349 vita:
984 2322 1072 2351 haeres

279 2360 338 2392 sis,
365 2362 570 2396 consequendae
596 2363 696 2392 salutis
722 2364 856 2394 facilitate
878 2375 932 2395 non
950 2369 1071 2404 gaudes,

281 2407 329 2434 sed
349 2410 451 2435 mmstn
465 2414 498 2435 ac
518 2408 625 2437 dolenti
650 2410 744 2439 animo
758 2412 904 2447 abscedis,
921 2419 1003 2449 atque
1023 2423 1073 2444 eos

279 2460 378 2480 omnes
397 2453 506 2482 labores
523 2455 619 2484 reddis
644 2455 752 2490 irritos,
769 2465 839 2493 quos
854 2459 932 2494 prius
947 2461 1073 2488 exantla-

280 2498 327 2525 sti.
342 2497 410 2525 Nam
427 2498 451 2526 si
467 2507 518 2527 nec
530 2500 651 2534 caedem,
669 2505 699 2528 ut
716 2502 776 2537 ipse
790 2503 883 2538 inquis
896 2524 904 2537 ,
923 2512 975 2532 nec
992 2505 1072 2533 adul-

280 2543 401 2578 terium,
423 2553 474 2574 nec
497 2546 600 2574 furtum
617 2548 755 2576 admisisti
769 2568 777 2582 .
803 2557 855 2577 nec
878 2549 978 2579 falsum
994 2553 1073 2580 testi-

279 2591 404 2619 monium
430 2591 566 2620 adversus
580 2600 752 2629 quemquam
771 2593 884 2628 dixisti,
901 2595 1001 2624 inutile
1020 2596 1072 2625 tibi

280 2638 380 2665 horum
413 2638 538 2666 omnium
583 2639 708 2667 studium
742 2640 907 2675 reddidisti,
943 2643 990 2677 qui
1021 2643 1073 2671 hoc

281 2683 399 2710 minime
414 2684 489 2719 quod
506 2689 653 2720 supererat
667 2686 805 2720 adieceris
816 2707 824 2720 ,
839 2680 913 2723 Quod
925 2689 967 2715 vel
982 2689 1072 2716 solum

279 2728 315 2770 ad
340 2735 455 2762 regnum
481 2729 615 2758 ccelorum
639 2739 736 2766 parare
765 2733 813 2760 tibi
842 2733 947 2761 aditum
970 2735 1074 2770 quiret.

281 2769 321 2798 Ac
345 2774 456 2805 quidem
474 2775 498 2803 si
525 2777 652 2804 medicus
677 2777 816 2806 iacturum
842 2787 873 2807 se
897 2769 1075 2815 promitteret

284 2818 317 2841 ut
344 2817 527 2848 distortiones
561 2823 748 2851 membrorum
776 2828 877 2851 natura
911 2825 954 2853 vel
976 2827 1074 2854 morbo

285 2863 445 2890 contractas
469 2867 627 2896 rcstituerct
646 2888 654 2903 ,
683 2877 739 2898 non
765 2875 880 2900 incestus
902 2871 989 2908 fores
1022 2873 1074 2900 hoc

1124 2308 1261 2358 μενος,τῇ
1283 2308 1359 2355 ψυχῇ
1386 2316 1436 2344 καὶ
1461 2315 1585 2347 πενθῶν,
1619 2313 1668 2340 καὶ
1692 2312 1782 2342 ποιεῖς
1811 2308 1915 2358 σεαυτῷ

1121 2355 1260 2403 ἀχρηστα
1269 2365 1360 2393 πάντα
1379 2363 1430 2390 ὅσα
1450 2370 1492 2389 σοι
1509 2360 1728 2396 προπεπόνηται.
1741 2358 1774 2384 Ei
1786 2357 1841 2392 γὰρ
1865 2355 1915 2403 οιῖικ

1123 2402 1285 2449 ἐφόνευσας,
1298 2412 1336 2444 ὡς
1349 2410 1381 2437 σὺ
1395 2409 1473 2444 ἔφης,
1505 2407 1566 2435 οὺδέ
1589 2406 1766 2442 ἐμοίχευσας,
1792 2402 1855 2430 οὔτε
1872 2402 1917 2449 ἐκ·

1123 2448 1227 2495 λέψας,
1255 2457 1318 2486 οὔτε
1354 2453 1607 2490 κατεμαρτύρησάς
1644 2459 1718 2483 τινος
1761 2448 1916 2486 μαρτυρίαν

1125 2505 1223 2542 ψευδῆ,
1244 2504 1376 2538 ἀνόνητον
1403 2499 1511 2536 σεαυτῷ
1538 2499 1627 2530 ποιεῖς
1640 2497 1689 2529 τὴν
1715 2497 1781 2532 περὶ
1793 2496 1916 2542 ᾼπάντων

1127 2540 1256 2587 σπουδὴν,
1290 2550 1327 2586 μὴ
1360 2547 1519 2584 προστιθεὶς
1547 2546 1579 2572 τὸ
1602 2545 1706 2578 λεῖπον,
1721 2544 1757 2570 δι’
1777 2540 1808 2570 οὗ
1836 2541 1915 2578 μόνον

1126 2599 1229 2635 δυνήσῃ
1256 2595 1389 2624 εἰσελθεῖν
1409 2595 1449 2626 είς
1464 2594 1517 2629 τὴν
1547 2591 1688 2628 βασιλείαν
1715 2590 1769 2617 τῶν
1783 2589 1914 2626 οὐρανῶν.

1127 2645 1183 2672 Καὶ
1193 2645 1218 2670 εἰ
1233 2643 1282 2679 μὲν
1299 2643 1392 2678 ίατρδς
1414 2639 1603 2676 ἐπηγγείλατο
1617 2637 1802 2673 κολοσώματα
1829 2636 1915 2673 μελῶν

1129 2691 1161 2717 ἐκ
1172 2689 1279 2725 φύσεως
1293 2688 1309 2724 ἢ
1327 2686 1484 2723 ἀρρωστίας
1495 2684 1634 2720 προσόντα
1649 2693 1691 2711 σοι
1706 2682 1914 2718 διορθώσασθαι,

1128 2737 1179 2763 οὐκ
1204 2735 1238 2762 ἂν
1261 2733 1379 2770 ἠθύμεις
1406 2731 1524 2759 ἀκούων.
1545 2730 1657 2766 Ἐπειδὴ
1675 2730 1704 2757 δέ
1718 2730 1733 2756 ὀ
1757 2729 1845 2765 μέγας
1864 2727 1917 2754 τῶν

1128 2782 1222 2817 ψυχῶν
1244 2781 1335 2816 ἰατρὸς
1346 2779 1450 2806 τέλειόν
1465 2786 1494 2804 σε
1508 2776 1636 2812 βούλεται
1651 2776 1766 2812 ποιῆσαι
1783 2776 1841 2806 τοῖς
1855 2782 1917 2801 και-

1131 2828 1273 2864 ριωτάτοις
1304 2825 1475 2857 ἐλλείποντα,
1499 2823 1560 2851 οὐδὲ
1585 2823 1634 2859 ἔχῃ
1654 2823 1704 2858 τὴν
1733 2822 1825 2858 χάριν,
1853 2820 1918 2847 ἀλλὰ

1130 2869 1238 2939 πενῖἴς
1253 2873 1300 2901 καῖ
1324 2870 1546 2908 σκοθρωπὰζεις.
1559 2870 1668 2902 ἐκείνης
1683 2869 1733 2901 τῆς
1747 2868 1858 2899 ἐντολῆς
1872 2867 1917 2896 δὶτ
