2056 3113
175 129 240 163 1501

783 141 786 144 ”
813 130 933 163 SACRA
951 131 1182 163 PARALLELA.

1742 126 1810 160 1502

173 190 219 218 λον
235 189 344 226 μακρὰν
362 189 504 226 ὑπάρχων,
514 191 575 219 καὶ
586 190 684 226 ψεῦδος
699 190 791 226 ἑαυτῷ
815 198 963 226 προσμαρ-

1016 189 1145 218 audiens.
1161 188 1232 218 Cum
1249 193 1341 219 autem
1367 196 1486 226 magnus
1501 188 1548 218 ille
1561 186 1688 217 modicus
1701 187 1808 215 anima-

171 237 304 273 τυρήσας,
327 237 367 264 ὃτι
400 237 550 273 ἠγάπησας
577 237 625 264 τὸν
646 236 762 273 πλησίον
777 236 814 268 ὡς
836 235 963 269 σεαυτὸν,

172 283 221 309 καὶ
235 283 276 310 ὅτι
291 283 429 318 ἑφύλαξας
440 285 473 310 ὲκ
489 283 617 318 νεότητος
629 283 680 319 τὴν
702 282 814 317 ἐντολὴν
829 282 879 317 τῆς
893 281 965 316 ἀγάρ-

173 337 238 364 πης,
250 329 299 356 καὶ
311 329 440 357 τοσοῦτον
470 329 617 362 ἀπέδωκας
647 329 768 364 ἑκάστῳ.
784 327 871 356 Πόθεν
889 335 930 355 σοι
946 328 963 363 ή

148 395 150 398 ,
172 374 228 400 τῶν
251 375 402 411 χρημάτων
415 375 486 411 αὕτη
518 375 662 411 περιουσία
677 384 685 408 ;
701 373 885 410 δαπανητικδν
908 373 963 409 γὰρ

173 419 302 453 πλούτου,
316 422 333 457 ἡ
353 420 489 457 Θεραπεία
500 421 556 449 τῶν
573 421 723 457 δεομένων.

1014 243 1077 263 rum
1093 240 1121 264 te
1137 235 1285 272 pracipuis
1301 236 1429 272 partibus
1446 240 1586 265 carentem
1603 233 1719 262 reddere
1737 233 1807 261 inte-

1014 281 1111 316 gritati
1126 281 1216 317 cupit,
1233 281 1402 310 beneﬁcium
1416 280 1493 310 istud
1509 288 1565 309 non
1581 279 1697 315 accipis,
1712 278 1760 306 sed
1778 278 1806 305 in

1014 326 1088 354 luctu
1118 330 1147 355 et
1174 334 1298 355 mmrore
1329 327 1466 360 versaris,
1495 331 1578 361 atque
1607 325 1676 353 adeo
1700 324 1735 351 ab
1758 323 1806 350 illo

1014 372 1148 401 mandato
1173 373 1260 402 dubio
1285 373 1384 409 procul
1413 377 1538 401 remotus
1556 379 1605 403 cs,
1628 370 1755 405 falsoque
1770 369 1806 397 de

1015 418 1106 454 teipse
1134 422 1256 447 testatus
1282 418 1359 454 quod
1384 418 1541 453 proximum
1564 421 1642 445 tuum
1668 416 1741 444 sicut
1766 418 1806 442 te-

172 466 263 502 ipsum
280 467 409 496 dilexeris
420 487 428 501 ,
445 467 576 503 quodque
597 472 765 503 praeceptum
780 465 925 494 charitatis
937 465 995 500 jam
1015 464 1050 492 ab
1065 464 1253 493 adolescentia
1267 465 1421 493 servaveris
1432 485 1441 499 ,
1458 471 1491 492 ac
1507 462 1680 491 tantumdem
1698 459 1807 488 unicui-

139 551 142 554 ν
172 521 226 549 que
242 517 376 549 quantum
390 513 437 542 tibi
450 513 615 542 reddideris.
637 513 717 543 Unde
731 514 781 542 tibi
798 514 862 542 haec
874 511 1057 549 pecuniarum
1081 511 1184 547 copia?
1213 511 1338 540 studium
1362 511 1436 540 enim
1474 516 1540 546 erga
1570 515 1705 545 pauperes
1734 507 1804 534 hanc

171 563 226 591 vim
243 562 341 596 habet,
358 566 388 590 ut
401 562 514 591 divitias
528 563 685 590 exhauriat.

208 609 240 636 Τί
252 609 383 644 πάσχετε.
404 609 560 646 ἄνθρωποι;
576 610 618 642 τίς
650 611 717 645 ὑμῖν
731 609 767 637 τὰ
783 609 911 646 ὑμέτερα
923 608 964 640 εἰς

172 655 220 691 τὴν
245 654 308 681 καθ’
331 655 412 690 ήμῶν
441 655 591 691 ἑπιόουλὴν
619 654 809 691 περιέτρεψεν,
843 653 962 689 συνεργὰ

174 700 242 736 πρὸς
257 700 288 727 τὸ
306 699 377 736 ζῇν;
396 700 434 735 μὴ
453 700 509 736 γὰρ
527 700 623 735 ἐφόδια
639 700 733 727 κακῶν
744 699 824 734 ἐδόθη
845 699 880 726 τὰ
893 698 962 734 χρή-

175 754 259 780 ματα,
283 745 380 780 λύτρον
395 745 486 781 ψυχῆς
500 754 507 779 ;
529 746 566 782 μὴ
583 745 638 781 γὰρ
670 745 783 781 ἀφορμὴ
798 745 938 775 ἀπωλείας
953 753 961 778 ;

174 791 224 826 ὅρα
239 791 276 826 μὴ
290 790 358 826 μετὰ
375 791 480 827 μυρίων
494 791 583 818 πόνων
599 791 715 819 πλοῦτον
734 791 877 827 ἀθροίσας,
896 790 963 826 ὓλην

173 831 381 872 ἁμαρτημάτων
397 837 503 872 ἑτέροις
529 838 758 874 παρασκευάσῃς,
773 836 832 864 εἶτα
848 837 963 873 εὑρεθῇς
981 847 1002 875 Β

173 882 255 910 διπλᾶ
265 882 484 919 τιμωρούμενος.

208 1010 302 1039 Πάντα
326 1011 426 1047 χρυσὸν
446 1010 558 1047 βλέπεις
573 1019 580 1026 ·
597 1012 687 1040 πάντα
707 1011 809 1048 χρυσὸν
828 1012 962 1048 φαντάζῃ.

171 1057 257 1084 Τοῦτό
266 1065 307 1084 σοι
320 1057 477 1084 καθεύδοντι
492 1057 629 1091 ἐνύπνιον,
644 1058 691 1086 καὶ
710 1058 873 1095 ἐγρηγορότι
885 1057 963 1085 ἐνού-

172 1112 244 1138 μιον.
257 1103 365 1139 Ὥσπερ
387 1103 442 1139 γὰρ
456 1105 481 1130 ot
497 1104 551 1130 ἀπὸ
568 1103 668 1139 μανίας
694 1103 868 1139 παράφοροι,
885 1104 915 1131 οὐ
929 1103 965 1131 τὰ

171 1149 328 1184 πράγματα
345 1149 504 1184 βλέπουσιν,
517 1149 587 1177 ἀλλὰ
599 1149 635 1176 τὰ
652 1151 685 1177 ἐκ
699 1150 746 1177 τοῦ
762 1150 867 1182 πάθους
896 1159 965 1185 φαν-

169 1195 309 1228 τάζονται,
326 1194 414 1226 οὕτως
430 1204 478 1222 σου
493 1196 511 1231 ἡ
522 1195 594 1231 ψυχὴ
612 1197 641 1232 τῇ
657 1196 864 1232 φιλοχρηματίᾳ
879 1204 965 1223 κατα-

171 1242 315 1278 σχεθεῑσα,
343 1241 434 1268 πάντα
461 1242 576 1277 χρυσὸν,
595 1242 684 1269 πάντα
712 1243 834 1278 ἄργυρον
857 1241 962 1277 βλέπει.

171 1287 266 1315 Ἥδιον
279 1287 312 1316 ἂν
329 1287 395 1320 ἴδοις
405 1287 450 1315 τὸν
459 1287 572 1324 χρυσὸν,
590 1288 606 1324 ἢ
622 1289 667 1316 τὸν
681 1288 770 1324 ἥλιον.

205 1372 405 1410 Ἀλληλοεράγοι
418 1374 472 1402 τῶν
496 1374 597 1410 ίχθύων
615 1375 641 1402 oi
662 1376 798 1407 πλεῖστοι,
824 1374 871 1402 καὶ
888 1375 903 1401 ὁ
920 1383 964 1410 μι-

170 1420 303 1456 κρότερος
329 1421 395 1456 παρ’
413 1420 530 1452 ἐκείνοις
551 1419 652 1457 βρῶμά
677 1421 736 1446 ἐστι
759 1419 807 1446 τοῦ
829 1419 963 1455 μείζονος.

169 1466 229 1494 Κάν
242 1475 308 1492 ποτε
323 1465 413 1502 συμὸῇ
423 1467 468 1493 τὸν
480 1466 527 1492 τοῦ
549 1466 693 1497 ἐλάττονος
709 1465 888 1501 κρατήσαντα
903 1465 964 1491 ἐτέ-

1059 603 1334 638 1bid.—Quidnam
1359 603 1458 636 vobis,
1482 610 1500 630 ο
1519 601 1663 634 mortales,
1689 599 1807 628 accidit?

1015 651 1077 686 quis
1104 650 1185 678 vobis
1206 657 1239 678 ea
1269 657 1332 686 quae.
1358 649 1393 677 ad
1418 647 1578 676 subsidium
1599 647 1663 674 vitae.
1676 646 1759 678 data,
1776 645 1807 672 in

1015 700 1136 725 vestram
1160 695 1313 731 perniciem
1340 694 1505 723 convertit?
1529 692 1706 728 Nequaquam
1731 691 1806 719 enim

1017 742 1051 770 ad
1067 741 1197 769 vitiorum
1216 741 1417 769 adminiculum
1434 747 1502 775 opes
1525 745 1667 767 concessa
1682 737 1805 768 fuerunt,

1017 787 1121 822 quibus
1147 787 1240 814 anima
1266 786 1433 815 redimitur?
1450 792 1627 821 nequaquam
1649 783 1703 810 illa:
1719 781 1808 818 perdi-

1016 833 1103 861 tionis
1128 840 1222 861 causte
1248 833 1334 861 sunt?
1360 832 1430 860 Vide
1449 839 1501 866 ne,
1522 838 1585 859 cum
1609 829 1722 857 divitias
1739 835 1807 856 sex-

1015 877 1106 906 centis
1124 877 1271 905 laboribus
1287 876 1474 905 cumulaveris
1486 896 1494 908 ,
1513 874 1647 911 peccandi
1662 873 1806 901 materiam

1015 922 1078 950 aliis
1102 929 1273 958 compares,
1309 925 1424 957 tumque
1456 920 1584 957 duplices
1618 926 1715 956 ptenas
1744 926 1808 954 pcr-

1016 968 1058 996 sol
1063 976 1121 997 vas.
1329 987 1330 990 η
1563 981 1565 983 -

1049 1013 1148 1048 Ejusd.
1171 1013 1265 1042 Immit.
1291 1013 1332 1041 De
1357 1013 1458 1041 avarit.
1474 1028 1510 1034 ~
1525 1010 1600 1040 Nihil
1627 1018 1683 1039 non
1708 1017 1807 1038 aurum

1014 1067 1078 1088 esse
1092 1059 1188 1093 vides;
1212 1059 1284 1087 nihil
1301 1067 1357 1088 non
1375 1066 1472 1087 aurum
1494 1065 1559 1086 esse
1581 1057 1631 1085 tibi
1648 1057 1740 1084 animo
1755 1056 1808 1083 lin-

1015 1106 1069 1140 gis.
1086 1105 1145 1133 Hoc
1159 1106 1303 1134 dormiens
1327 1105 1469 1137 somnias.
1487 1109 1515 1133 et
1530 1103 1670 1139 vigilando
1686 1102 1806 1138 cogitas.

1014 1151 1096 1179 Velut
1106 1152 1180 1180 enim
1196 1152 1217 1180 ii
1226 1153 1273 1187 qui
1286 1151 1381 1179 t‘urore
1394 1151 1493 1187 perciti
1509 1155 1585 1183 sunt,
1601 1157 1656 1177 non
1672 1156 1718 1177 res
1731 1148 1807 1184 ipsas

1014 1201 1135 1226 cernunt
1146 1217 1154 1230 .
1171 1199 1223 1227 sed
1233 1206 1264 1226 ea
1281 1206 1343 1234 qua:
1359 1198 1472 1226 morbus
1487 1196 1584 1233 objicit
1600 1195 1806 1231 imaginantur:

1015 1245 1056 1277 sic
1072 1245 1186 1273 animus
1204 1248 1270 1273 tuus
1290 1244 1408 1272 avaritia
1427 1247 1586 1279 correptus,
1613 1242 1742 1270 universa
1755 1249 1809 1268 au-

1014 1297 1097 1323 rum.
1127 1290 1257 1318 universa
1286 1294 1431 1326 argentum
1457 1289 1547 1318 videt.
1567 1288 1641 1321 Quin
1666 1287 1811 1315 lubentius

1015 1342 1116 1363 aurum
1125 1342 1207 1370 quam
1221 1335 1306 1363 solem
1322 1335 1519 1370 conspexeris.

1050 1380 1148 1416 Ejuad.
1164 1381 1260 1409 homil.
1277 1381 1293 1409 6
1308 1382 1338 1409 in
1353 1381 1486 1410 limum.
1497 1395 1531 1401 —-
1545 1380 1640 1408 Pisces
1659 1386 1760 1414 magna
1773 1386 1810 1406 ex

1015 1430 1094 1462 parte
1107 1434 1170 1456 sese
1187 1427 1311 1457 invicem
1327 1432 1447 1458 vorant.
1461 1430 1490 1454 et
1503 1426 1551 1462 qui
1566 1425 1641 1461 apud
1653 1432 1702 1452 eos
1718 1425 1810 1452 minor

1015 1475 1073 1506 est,
1090 1472 1205 1508 majoris
1227 1473 1321 1508 praeda
1345 1477 1373 1501 ct
1390 1472 1522 1508 pabulum
1550 1475 1605 1499 est.
1621 1470 1700 1504 Quod
1712 1470 1739 1497 si
1758 1477 1809 1497 ca-

171 1521 219 1548 ρου
232 1512 360 1546 γενέσθαι
374 1512 498 1548 θήραμα,
514 1512 566 1539 ὑπὸ
578 1511 628 1547 τὴν
644 1511 709 1546 μίαν
720 1512 832 1546 ἄγονται
842 1511 963 1546 γαστέρα

1017 1525 1066 1545 sus
1079 1517 1118 1544 ita
1142 1518 1237 1546 tulerit
1254 1523 1284 1545 ut
1310 1518 1359 1552 qui
1375 1518 1512 1545 minorem
1533 1516 1619 1552 ‘95
1639 1516 1806 1552 arripuerit,

170 1558 217 1586 τοῦ
231 1559 401 1586 τελευταίου.
414 1559 447 1585 Τί
464 1557 512 1585 οὖν
540 1560 623 1594 ἡμεῖς
635 1559 660 1586 oi
677 1558 828 1594 ἄνθρωποι,
855 1559 919 1586 ἄλλο
936 1568 962 1585 τι

170 1605 346 1641 ποιοῦμεντῇ
368 1605 588 1640 καταδυναστείᾳ
612 1605 668 1632 τῶν
692 1605 899 1641 ὑποδεεστέρων
915 1606 964 1638 ;τί

170 1651 295 1687 διαφέρει
304 1651 352 1678 τοῦ
363 1650 519 1678 τελευταίου
540 1650 632 1686 ίχθύος
643 1651 657 1678 ὁ
668 1652 702 1686 τῇ
719 1650 870 1686 λαιμάργῳ
887 1651 963 1686 φιλο-

170 1697 286 1733 πλουτίᾳ
316 1699 374 1729 τοῖς
407 1696 584 1733 ἁπληρώτοις
613 1697 665 1732 τῆς
695 1697 855 1730 πλεονεξίας
879 1697 963 1725 αὐτοῦ

171 1743 283 1775 κόλποις
298 1742 516 1779 ὲναποκρύπτων
545 1743 610 1775 τοὺς
624 1743 768 1775 ἀσθενείς;
788 1744 892 1775 ἐκεῖνος
904 1741 963 1779 εἷχε

170 1789 204 1816 τὰ
218 1789 265 1816 τοῦ
281 1789 408 1824 πένητος,
420 1789 452 1817 σὺ
465 1789 573 1816 τούτων
583 1789 673 1817 λαϐὼν
690 1789 774 1825 μέρος
784 1790 906 1824 ὲποιήσω
913 1790 962 1825 τῆς

171 1835 341 1871 περιουσίας,
363 1835 466 1863 ἀδίκων
487 1834 667 1871 ἀδικώτερος,
684 1835 848 1862 πλεονέκτου
867 1835 963 1862 πλεον-

171 1881 364 1918 εκτικὼτερος.
382 1882 454 1919 Ὀρα
479 1882 517 1918 μή
542 1890 572 1909 σε
595 1882 626 1908 τὸ
641 1881 708 1909 αὐτὸ
734 1882 824 1917 πέρας
845 1881 960 1917 ικδέξη-

170 1937 228 1961 ται,
244 1927 392 1963 ἄγκιστρόν
421 1927 515 1963 που,ἥ
533 1927 651 1963 κύρτας,
667 1927 684 1962 ἢ
702 1927 820 1955 δίκτυον.
847 1927 962 1959 Πάντως

170 1973 225 2008 γὰρ
240 1973 288 2000 καὶ
299 1974 381 2008 ἡμεῖς
405 1973 491 2000 πολλὰ
515 1973 571 1999 τῶν
585 1972 688 2000 ἀδίκων
702 1972 892 2006 διεξελθόντες,
911 1972 962 2008 τὴν

140 2039 143 2042 .
169 2018 337 2045 τελευταίων
352 2018 488 2054 τιμωρίαν
499 2018 549 2044 οὸκ
559 2017 781 2053 ἀποδρασόμεθα.

1014 1563 1130 1590 alterius
1160 1563 1252 1598 praeda
1269 1564 1324 1595 sit,
1355 1563 1383 1590 in
1412 1570 1498 1590 unum
1521 1566 1549 1590 ct
1573 1563 1719 1595 eumdem,
1756 1569 1807 1596 po-

1015 1608 1110 1636 stremi
1122 1608 1233 1643 utique,
1249 1611 1377 1636 ventrem
1393 1611 1511 1642 uterque
1526 1607 1650 1635 ducitur.
1667 1606 1740 1639 Quid
1756 1606 1808 1641 igi—

1015 1657 1062 1681 tur
1084 1661 1136 1681 nos
1151 1653 1229 1681 aliud
1257 1653 1384 1682 homines
1413 1654 1541 1689 agimus,
1570 1660 1633 1680 cum
1658 1651 1808 1679 inferiores

1015 1699 1222 1735 opprimimus?
1236 1700 1302 1735 quid
1314 1700 1387 1727 inter
1405 1700 1481 1727 hunc
1501 1703 1673 1734 postremum
1688 1698 1807 1733 piscem,

1017 1751 1119 1773 etcum
1150 1745 1291 1773 hominem
1319 1745 1452 1779 interest,
1477 1745 1525 1780 qui
1543 1744 1697 1772 insatiabili
1724 1751 1808 1778 opum

1016 1790 1174 1826 cupiditate
1189 1791 1263 1818 intra
1285 1791 1478 1819 vastissimum
1496 1790 1624 1818 avaritiae
1646 1789 1739 1818 sinum
1756 1789 1810 1815 im-

1014 1836 1128 1865 becilles
1159 1837 1298 1866 includit?
1323 1836 1371 1865 Ille
1392 1837 1523 1872 pauperis
1552 1836 1699 1863 facultates
1722 1841 1808 1862 occu-

1013 1883 1110 1917 pabat,
1127 1888 1156 1911 tu
1171 1891 1205 1911 ex
1222 1885 1263 1912 eis
1284 1883 1426 1919 accipiens
1451 1882 1616 1911 substantiae
1630 1886 1685 1909 tua
1700 1885 1812 1916 partem

1012 1927 1123 1962 fecisti,
1144 1934 1227 1964 teque
1253 1929 1360 1964 injusto
1385 1929 1620 1964 injustiorcm;ct
1647 1934 1730 1954 avaro
1745 1933 1808 1953 ava-

1013 1973 1115 2001 riorem
1132 1974 1285 2009 praebuisti.
1303 1973 1415 2002 Videsis
1430 1981 1465 2001 ne
1480 1977 1507 2001 te
1521 1973 1583 2001 linis
1597 1973 1668 2001 idem
1686 1976 1807 2004 manent,

1017 2019 1071 2047 hoc
1085 2025 1148 2052 est,
1168 2020 1300 2048 fortassis
1329 2021 1446 2054 hamus,
1461 2021 1506 2048 vel
1532 2027 1582 2048 vas
1608 2019 1806 2055 piscatorium,

170 2065 212 2092 vm-l
229 2068 296 2091 rete.
313 2063 435 2092 Prorsus
451 2064 526 2091 enim
554 2071 625 2097 nos,
656 2071 720 2091 cum
737 2071 786 2098 per
813 2063 901 2091 multa
941 2063 1089 2099 tnjustitia:
1102 2074 1204 2102 genera
1234 2067 1353 2102 grassati
1390 2067 1508 2100 erimus,
1536 2066 1662 2094 ultimam
1696 2070 1806 2100 pennam

170 2120 226 2140 non
241 2112 417 2148 effugiemus.

213 2160 241 2188 '0
255 2160 301 2188 τὸν
317 2160 346 2194 ἐξ
363 2160 471 2192 ἀδικίας
494 2159 677 2196 ἠθροισμένον
699 2159 817 2187 πλοῦτον
828 2179 836 2192 ,
868 2160 964 2195 ἱκανὴν

171 2207 261 2241 ἑαυτῷ
267 2206 336 2242 πρὸς
349 2206 379 2233 τὸ
391 2205 495 2241 ἰσχύειν
509 2206 556 2232 καὶ
564 2207 677 2241 κρατεῖν
687 2205 816 2240 ἀφορμὴν
823 2203 893 2232 εἶναι
904 2205 962 2240 κρί-

171 2261 235 2283 νων,
247 2252 339 2287 ὅμοιός
365 2252 440 2278 ἐστιν
464 2251 599 2286 ἀρρώστῳ
612 2251 642 2278 ὲν
656 2252 691 2286 τῇ
707 2251 842 2287 περουσίᾳ
855 2251 907 2287 τῆς
920 2251 963 2277 νό-

172 2306 219 2325 σου
239 2298 289 2333 τὴν
307 2297 415 2330 εὐεξίαν
425 2297 573 2332 τιῡεμένῳ.

212 2344 276 2371 Ἐὰν
298 2343 356 2378 τδῃς
369 2342 429 2370 τινὰ
447 2342 502 2369 τῶν
527 2342 798 2378 ὑπερπλουτούντων,
815 2342 852 2378 μὴ
871 2351 962 2378 μακα-

173 2390 253 2427 ρίσῃς
278 2389 329 2424 τὴν
358 2389 441 2423 ζωήν.
462 2387 527 2415 Ἐὰν
547 2387 713 2423 πολλαχόθεν
731 2388 760 2421 ἐξ
771 2388 896 2423 ἀφθόνων
910 2397 963 2424 πη-

171 2435 229 2470 γῶν
243 2434 425 2471 περιῤῥέηται
451 2434 590 2469 χρήματα,
608 2434 645 2469 μὴ
665 2434 798 2470 προσδέξῃ
809 2434 893 2461 αὑτοῦ
913 2435 961 2470 τὴν

171 2481 342 2516 περιουσίαν.
364 2481 508 2515 Ῥευστὴὴ
526 2480 609 2514 φύσις
624 2480 672 2506 τοῦ
699 2480 827 2513 πλούτου,
844 2472 961 2516 ximat-

173 2529 222 2563 ῥου
237 2526 364 2561 ὀξύτερον
375 2527 441 2558 τοὺς
450 2526 562 2561 ἔχοντας
572 2527 741 2563 παρατρέχει
751 2535 757 2541 ·
775 2527 870 2554 ἄλλοτε
881 2527 961 2554 ἄλλον

172 2572 280 2608 πέφυκε
288 2571 521 2607 παραμείὸεσοαι.
533 2572 640 2608 Ὥσπερ
653 2572 779 2607 ποταμὸς
791 2573 839 2607 ἀφ’
856 2572 960 2608 ὑψηλοῦ

172 2618 334 2653 φερόμενος,
364 2617 469 2652 ἐγγίζει
490 2618 540 2654 μὲν
566 2619 622 2651 τοῖς
653 2619 813 2654 παρεστῶσι
828 2621 860 2656 τῇ
881 2619 960 2656 ὖχθῃ,

170 2663 237 2698 ὁμοῦ
248 2663 276 2689 δὲ
288 2662 387 2697 ἥψατο,
414 2664 460 2690 καὶ
473 2664 553 2695 εὐθὺς
576 2664 769 2700 ἀπεχώρησεν,
785 2665 858 2693 οὕτω
881 2666 928 2693 καὶ
943 2667 960 2701 ὴ

170 2708 219 2735 τοῦ
236 2708 354 2736 πλούτου
369 2709 492 2741 εὐκολία,
510 2709 644 2745 ὀξυτάτην
658 2709 715 2745 ἔχει
738 2710 785 2737 καὶ
810 2711 960 2747 ὀλισθηρὰν

169 2753 220 2790 τὴν
232 2754 396 2790 παρουσίαν,
408 2754 506 2787 ἄλλους
520 2755 549 2788 ἐξ
565 2755 654 2782 ἄλλων
669 2757 890 2792 παραμείϐεσθαι
910 2766 961 2784 πε-

171 2801 285 2835 φυκυῖα.
306 2800 431 2836 Σήμερον
446 2800 522 2826 τοῦδε
540 2801 554 2827 ὁ
568 2801 664 2837 ἀγρὸς,
680 2802 727 2828 καὶ
743 2802 839 2838 αὔριον
854 2803 959 2838 ἑτέρου,

173 2846 219 2875 καὶ
240 2845 297 2881 μετ’
314 2845 405 2880 ὀλίγον
416 2845 523 2882 ἑτέρου.
546 2846 713 2882 Ἀπόΰλεψον
727 2848 794 2883 πρὸς
823 2849 915 2893 reg-GV
927 2851 958 2884 τῇ

875 2905 883 2918 ν

1054 2156 1194 2192 Ejusdem.
1210 2171 1245 2177 ——
1257 2156 1308 2189 Qui
1334 2163 1400 2191 opes
1423 2155 1529 2191 iniquis
1552 2154 1708 2182 rationibus
1722 2154 1807 2181 colle-

981 2196 1075 2232 Dactas
1093 2203 1202 2230 ﬁrmant
1222 2202 1275 2230 sibi
1295 2201 1329 2229 ad
1347 2202 1432 2229 robur
1453 2206 1481 2230 et
1500 2201 1648 2237 potentiam
1664 2207 1725 2227 esse
1741 2199 1806 2226 sub-

1016 2250 1119 2278 sidium
1138 2251 1231 2284 putat,
1249 2248 1295 2275 hic
1311 2248 1411 2276 similis
1434 2251 1476 2275 est
1492 2250 1595 2282 agroto
1606 2246 1654 2282 qui
1672 2246 1700 2273 in
1717 2243 1805 2272 morbi

1016 2295 1153 2332 gravitate
1170 2294 1317 2322 sanitatem
1335 2294 1490 2321 constituit.

1051 2340 1150 2375 Ejusd.
1182 2339 1276 2367 homil.
1303 2340 1330 2366 in
1359 2339 1436 2367 Psal.
1462 2346 1566 2368 ul.—
1588 2337 1616 2366 Si
1640 2343 1806 2373 quemquam

1015 2386 1188 2423 pmdivitum
1205 2386 1314 2413 illorum
1333 2385 1451 2418 videris,
1468 2393 1502 2413 ne
1516 2386 1600 2413 vitam
1617 2384 1704 2419 ipsius
1720 2383 1788 2410 bea-

1014 2437 1071 2460 tam
1087 2432 1176 2460 dicas.
1197 2430 1226 2459 Si
1246 2432 1430 2467 undecunque
1446 2436 1576 2467 tanquam
1598 2438 1632 2458 ex
1648 2428 1811 2457 uberrimis.

1016 2479 1138 2507 fontibus
1159 2479 1283 2513 pecuniae
1308 2479 1462 2506 scaturiant
1488 2486 1523 2506 ne
1547 2478 1676 2512 copiosas
1700 2475 1789 2510 ipsius

1015 2533 1081 2561 opes
1106 2525 1290 2560 amplectaris.
1326 2525 1413 2552 Fluxa
1439 2525 1597 2553 divitiarum
1620 2528 1719 2551 natura
1751 2524 1819 2553 est,.

1015 2577 1138 2599 torrente
1160 2571 1285 2606 rapidius
1313 2571 1441 2599 dominos
1469 2579 1537 2599 suos
1566 2571 1707 2606 praeterit;
1733 2568 1818 2596 alios

1015 2621 1100 2652 atque
1113 2617 1183 2645 alios
1199 2617 1318 2646 subinde
1344 2621 1504 2653 permutare
1519 2617 1599 2645 solet.
1618 2617 1805 2650 Quemadmo-

1014 2664 1079 2691 dum
1096 2664 1172 2691 enim
1191 2663 1293 2691 ﬂumen
1311 2671 1327 2692 e
1343 2664 1455 2692 sublimi
1474 2671 1540 2692 cum
1566 2664 1669 2699 impetu
1702 2670 1784 2690 ruens
1796 2683 1818 2696 ,ν

1014 2711 1048 2739 ad
1075 2718 1124 2739 eos
1152 2711 1266 2744 quidem
1295 2711 1342 2746 qui
1360 2711 1388 2738 in
1412 2712 1475 2746 ripa
1495 2716 1561 2739 sunt
1579 2710 1803 2746 appropinquat,

1015 2758 1098 2786 simul
1118 2762 1213 2785 autem
1238 2762 1324 2793 atque
1347 2765 1395 2786 eos
1419 2758 1586 2794 contigerit,
1611 2757 1736 2786 abscedit
1750 2761 1806 2785 sta-

1015 2805 1063 2831 tim
1079 2813 1088 2831 :
1106 2805 1148 2832 sic
1164 2805 1248 2832 etiam
1267 2812 1352 2840 opum
1383 2805 1462 2840 copia
1485 2804 1658 2832 celerrimam
1669 2808 1696 2832 ct
1718 2803 1805 2831 lubri-

1016 2857 1076 2878 cam
1109 2850 1288 2886 pra-sentiam
1312 2851 1414 2886 habet;
1442 2851 1545 2888 quippe
1571 2859 1632 2886 qua:
1647 2855 1744 2879 natura
1767 2849 1819 2876 ita.
