2056 3113
163 131 232 166 ιωῦ

779 125 899 157 SACRA
919 125 1154 157 PARALLELA.

1727 127 1799 160 1596

161 188 241 224 ἔχων,
255 187 271 222 ἢ
287 187 337 214 οὐκ
367 184 493 221 ἐμνήσθη
507 183 588 216 Θεοῦ,
603 183 620 218 ἢ
634 181 729 214 κακῶς
745 180 883 218 ὲμνήσθηὶ
900 177 953 207 Εὖ-

1011 189 1068 208 nem
1093 188 1146 209 nec
1175 180 1307 217 exiguum
1332 181 1426 210 cibum
1453 181 1598 217 indigenti,
1627 189 1675 210 seu
1704 189 1798 218 potius

160 233 275 270 λογητδς
297 233 411 269 Κύριος,
437 230 533 263 εἰπὼν,
557 229 599 256 ὃτι
627 228 878 263 πεπλουτήκαμεν·
906 226 954 270 καὶ

161 268 297 307 ὑπέλαϐεν
303 279 418 314 ἀνομίαν
432 278 470 309 ὼς
489 277 553 312 παρ’
572 274 656 302 αὑτοῦ
670 274 761 303 πάντα
779 273 860 308 ἔχων,
873 272 904 304 ἐξ
915 268 953 300 ὧν

148 316 370 360 κολασθήσεται.
389 323 438 350 Διὰ
448 322 535 350 ταῦτα
551 321 606 357 γὰρ
632 319 752 356 ἔρχεται
767 319 787 353 ἡ
810 317 884 354 ὀργὴ
899 317 953 345 τοῦ

162 372 237 401 Θεοῦ
248 371 298 398 ἐπὶ
314 370 386 403 τοὺς
408 369 494 402 υιοὺς
514 367 570 401 τῆς
587 366 752 398 ἀπειθείας.
770 364 820 391 Διὰ
833 364 920 391 ταῦτα
936 363 970 402 ἢ.

161 419 285 448 κλείεται
310 419 325 445 δ
348 416 474 453 οὐρανὸς,
505 415 522 450 ἢ
547 413 642 445 κακῶς
670 412 821 447 ἀνοίγεται.
837 410 870 437 Τί
885 409 954 446 πρὸς

160 467 247 495 ταῦτα
262 466 287 493 oi
301 464 519 501 προσκυνοῦντες
530 461 576 488 τὸν
593 460 695 496 χρυσὸν
712 458 762 486 καὶ
774 458 820 484 τὸν
834 457 954 493 ἄργυρον

160 515 198 545 ὡς
217 512 268 548 τὴν
287 510 381 543 Bodl;
398 509 432 536 Ol.
445 507 626 543 περιέποντες
639 504 695 532 τῶν
713 503 796 530 λίθων
811 503 859 534 τὰς
871 502 956 529 πολυ-

163 558 267 590 τελείας
288 557 336 584 καὶ
349 555 503 589 διαυγείας,
523 552 571 580 καὶ
585 552 634 588 τὴν
643 551 748 585 ἐσθῆτα
763 550 813 585 τὴν
829 548 956 584 μαλακήν

163 613 190 632 τε
213 604 262 631 καὶ
292 602 507 639 περιρρέουσαν,
525 598 615 635 σητῶν
628 596 753 632 δαπάνην
772 596 820 623 καὶ
837 595 954 631 λῃστῶν,

164 651 210 679 καὶ
223 650 374 686 τυράννων,
393 648 442 676 καὶ
453 646 580 675 κλεπτῶν
601 643 814 680 θησαυρισματα
825 651 832 676 ;
845 643 869 669 οί
884 641 956 677 πλή-

114 707 119 712 ’
163 698 202 724 υει
219 695 389 733 γαυριῶντες
405 693 580 729 ἀνδραπόδων
595 691 644 718 καὶ
659 688 852 726 τετραπόδων;
867 687 956 718 οίτοῖς

163 743 267 775 πεδίοις
283 740 530 778 ὲμπλατυνόμενοι,
548 737 596 765 καὶ
609 738 667 769 τοῖς
683 737 770 773 ὄρεσι,
786 735 834 762 καὶ
852 734 886 761 τὰ
906 733 956 769 μὲν

163 787 282 822 ἔχοντες,
299 785 333 812 τὰ
348 784 377 812 δὲ
391 782 671 819 προσλαμϐάνοντες;
685 781 718 808 Τί
732 780 762 808 δὲ
774 781 798 807 οἱ
809 780 868 810 τοῖς
885 778 956 813 ὕψη-

163 833 220 865 λοῖς
235 831 344 868 θρόνοις
362 830 603 865 ὲπικαθεζόμενοι,
622 828 669 855 καὶ
690 827 741 864 τὴν
754 826 872 867 ὰρχικὴν
890 832 957 860 σκη-

1003 228 1128 262 Christo,
1144 227 1191 264 qui
1206 236 1256 263 per
1267 229 1397 263 parvulos
1412 228 1476 257 illos
1485 236 1555 264 quos
1569 229 1682 262 alimus,
1699 229 1796 257 alitur.

1003 275 1083 303 Alius
1105 282 1215 303 rursum
1236 275 1309 303 viam
1331 275 1478 303 humilium
1503 274 1627 308 deﬂexit,
1645 279 1673 303 et
1689 275 1797 310 justum

1003 321 1117 355 iniustis
1132 321 1288 350 rationibus
1306 325 1495 350 transversum
1504 321 1570 356 egit.
1584 320 1612 348 In
1624 322 1713 357 portis
1733 330 1797 350 cor-

1006 367 1151 402 ripientem
1166 366 1240 395 alius
1258 366 1321 394 odio
1334 367 1441 395 habuit.
1455 366 1533 394 Alius
1545 366 1664 401 denique
1677 367 1728 394 reti
1747 374 1799 394 suo

1004 413 1091 440 multa
1106 413 1252 449 colligenti
1283 412 1448 445 immolavit,
1474 413 1661 448 pauperisque
1677 413 1797 448 praedam

1004 458 1080 486 domi
1097 459 1206 491 habuit,
1223 463 1271 485 aut
1285 458 1333 485 Dei
1350 458 1510 486 memoriam
1535 466 1568 486 ex
1586 459 1680 486 animo
1696 459 1797 494 ejecit;

1006 509 1050 532 aut
1064 510 1139 533 certe
1154 505 1230 533 illius
1245 504 1316 532 male
1328 505 1491 532 recordatus
1508 508 1562 537 est,
1576 505 1671 532 dicens
1690 513 1696 531 :
1711 504 1799 532 Bene.

1006 551 1096 579 dictus
1114 550 1259 584 Dominus,
1271 551 1337 586 quia
1350 551 1450 579 divites
1476 551 1542 579 facti
1561 559 1677 584 sumus;
1690 552 1756 586 quin
1772 555 1800 578 et

1006 596 1183 632 iniquitatem
1197 596 1340 632 cogitavit,
1359 603 1391 624 ac
1401 597 1424 624 si
1440 605 1490 632 per
1505 605 1566 625 sese
1581 605 1613 625 ea
1629 602 1800 626 consecutus

1006 645 1091 672 esset,
1112 649 1145 668 ex
1162 641 1264 676 quibus
1280 641 1448 677 supplicium
1462 642 1595 676 patiatur.
1612 641 1728 677 Propter
1742 642 1801 670 haec

1006 687 1076 715 venit
1088 687 1130 714 ira
1144 686 1193 714 Dei
1202 687 1230 714 in
1244 686 1316 722 ﬁlios
1332 687 1485 722 difﬁdentia:
1498 687 1608 723 (Ephes.
1628 696 1657 721 v,
1676 688 1714 723 6).
1731 687 1801 716 Pro-

1007 737 1067 768 pter
1089 733 1156 765 baec,
1187 733 1230 760 vel
1243 733 1385 760 clauditur
1407 733 1519 766 coelum,
1538 733 1580 760 vel
1602 733 1629 760 in
1647 734 1800 769 perniciem

1007 782 1133 807 nostram
1147 778 1279 814 aperitur.
1292 778 1362 812 Quid
1379 779 1412 806 ad
1423 779 1481 806 haec
1493 779 1683 814 dicemus,qui
1702 787 1801 807 aurum

1008 828 1035 852 et
1049 829 1208 859 argentum,
1234 824 1308 852 haud
1344 833 1426 853 secus
1449 832 1481 853 ac
1508 825 1546 852 illi
1564 826 1704 861 quondam
1722 825 1801 858 Baal,

164 877 212 913 νὴν
224 866 359 913 αἴροντες,
375 875 422 902 καὶ
439 875 477 911 μὴ
492 873 664 909 λογιζόμενοι
677 873 723 899 τὸν
732 872 777 899 ἐπὶ
793 866 860 898 πᾶσι
877 870 954 903 Θεὸν,

1011 870 1172 898 adoramus?
1184 871 1231 906 qui
1262 878 1435 906 gemmarum
1460 871 1556 898 luxum
1579 875 1607 898 et
1625 870 1801 905 splendorem

164 924 253 952 καὶτὸ
269 923 417 958 ἀπρόσιτον
429 921 497 956 ὕψος
522 920 573 955 τῆς
588 918 720 953 ἀληθινῆς
742 917 895 953 βασιλείας,
913 916 958 943 ἵνα

163 971 201 1003 ὡς
219 969 373 1006 ὁμοδούλων
402 967 457 995 τῶν
480 966 611 1002 ὑπηκόων
633 965 767 1007 ἄρχωσιν,
785 964 810 990 oi
826 963 878 998 τῆς
895 961 957 997 [σης

163 1017 287 1053 δεόμενοι
316 1013 541 1051 φιλανθρωπίας;
569 1012 667 1039 σκόπει
698 1011 726 1037 δέ
760 1019 806 1046 μοι
824 1009 872 1036 καὶ
886 1008 958 1053 τούς

164 1051 463 1091 καέασπαταλῶντας
489 1059 538 1086 ἐπὶ
552 1058 666 1086 κλινῶν
688 1055 903 1092 ἐλεφαντίνων,
919 1051 957 1081 ὧν

165 1107 256 1139 καλῶς
270 1107 368 1139 desim;
391 1105 483 1141 Ἀμὼς
510 1104 694 1138 καθάπτεται,
716 1103 767 1130 καὶ
796 1102 832 1130 τὰ
855 1100 958 1136 πρῶτα

162 1154 243 1189 μύρα
254 1154 442 1189 χρωμένους.

1008 916 1213 951 persequimur,
1232 919 1377 952 vestesque
1402 917 1498 945 molles
1512 921 1539 945 et
1559 917 1726 951 diffluentes,
1741 925 1803 954 quae

1008 970 1024 990 a
1043 962 1126 990 tineis
1139 962 1336 994 absumuntur,
1348 966 1376 989 et
1388 962 1545 990 latronibus
1560 964 1753 999 tyrannisque,
1770 971 1803 992 ac

1008 1007 1117 1035 furibus
1130 1007 1344 1036 reconduntur?
1362 1009 1409 1044 qui
1440 1016 1584 1036 servorum
1601 1015 1628 1037 et
1645 1010 1803 1046 quadrupe«

1009 1054 1074 1082 dum
1090 1054 1223 1089 gregibus
1247 1054 1405 1095 gestimus?
1429 1055 1478 1090 qui
1507 1054 1665 1084 latifundiis
1676 1060 1704 1084 et
1721 1064 1802 1084 mon-

1011 1100 1085 1128 tibus
1102 1100 1262 1134 dilatamur,
1280 1105 1363 1136 atque
1372 1101 1426 1128 alia
1446 1101 1503 1136 jam
1522 1101 1670 1134 habemus,
1687 1102 1739 1129 alia
1752 1102 1803 1129 ad-

1009 1144 1256 1186 jungimus'inuid
1288 1153 1354 1173 vero
1382 1145 1484 1173 dicturi
1514 1151 1591 1179 sunt,
1612 1147 1659 1182 qui
1676 1147 1804 1175 sublimi-

166 1200 218 1227 bus
237 1200 350 1227 thronis
363 1198 497 1230 insident,
510 1197 677 1234 imperiique
688 1197 793 1225 larvam
808 1194 956 1223 attollunt?
969 1193 1018 1229 qui
1033 1198 1083 1220 nec
1103 1192 1229 1219 omnium
1254 1192 1406 1228 principem
1428 1191 1526 1225 Deum,
1550 1199 1603 1220 nec
1630 1193 1803 1222 inaccessum

126 1243 133 1247 “
165 1247 225 1274 veri
252 1246 332 1282 regni
366 1245 505 1281 fastigium
532 1249 673 1280 reputant,
689 1248 720 1272 ut
749 1243 894 1272 conservis
933 1245 1065 1276 tanquam
1089 1239 1210 1267 subditis
1246 1238 1402 1274 imperent,
1437 1239 1532 1266 eadem
1558 1239 1618 1274 ipsi
1658 1239 1804 1266 clementia

166 1292 343 1329 indigentes?
359 1292 420 1320 Jam
436 1299 485 1320 eos
498 1299 611 1327 quoque
632 1291 700 1319 mihi
721 1289 870 1319 considera
897 1295 969 1324 quos
995 1287 1107 1315 divinus
1137 1285 1224 1314 Amos
1255 1285 1364 1321 egregie
1387 1285 1560 1321 perstringit,
1586 1285 1635 1321 qui
1668 1285 1695 1312 in
1728 1285 1804 1314 lectis

163 1339 288 1367 eburneis
300 1338 471 1371 delicianlur,
485 1336 781 1373 primis'queuuguenlis
792 1335 989 1370 perfunduntur
1000 1332 1093 1369 (Amos
1110 1339 1147 1364 vt,
1164 1331 1216 1367 4.).

142 1379 157 1399 δ
202 1385 296 1418 ’Δξιόν
306 1392 348 1411 σοι
355 1384 406 1419 τῆς
418 1384 522 1419 σπορᾶς
534 1383 566 1410 τδ
580 1382 659 1419 θέρος
671 1390 678 1397 ·
689 1381 805 1417 Πικρίαν
814 1381 959 1415 ἑσπειραςς

165 1430 268 1466 δρέπου
294 1429 330 1456 τὰ
353 1428 519 1465 δράγματα·
542 1427 573 1455 τὸ
603 1427 713 1458 ἁνελεὲς
740 1426 894 1462 ἐτίμησας
915 1423 961 1459 ἔχε

166 1478 235 1513 ὅπερ
245 1476 405 1512 ἠγάπησας.
424 1475 546 1509 Ἔφυγες
559 1474 607 1501 τὸν
631 1473 723 1506 ἱλεονς
741 1471 871 1507 φεύξεταί
885 1479 915 1497 σε
929 1470 961 1497 τὺ

167 1523 252 1553 ιλιος.
273 1520 425 1553 Ἐσδελύξω
443 1520 490 1548 τὸν
503 1519 613 1555 πτωχόν
628 1526 637 1554 ;
659 1517 836 1555 βδελύσσεταί
850 1524 881 1543 σε
895 1517 910 1543 ὁ
922 1515 958 1542 δι’
974 1538 996 1568 C

168 1569 243 1604 ἡμᾶς
255 1566 428 1602 πτωχεύσεις.

204 1694 303 1729 οὐδείς
331 1703 401 1722 ποτε
426 1693 581 1730 κερδαίνειν
603 1691 710 1728 γίνεται
733 1691 827 1727 κόρος,
846 1690 915 1718 ἀλλὰ
931 1690 961 1718 τὸ

168 1743 214 1771 ἀεὶ
245 1741 465 1778 λαμδανόμενον,
488 1739 540 1775 ὕλη
567 1739 616 1766 καὶ
641 1738 808 1774 ὑπέκκαυμα
836 1736 889 1773 τῆς
913 1736 961 1764 τοῦ

169 1789 292 1820 πλείονος
303 1787 453 1823 ἐπιθυμίας
467 1786 642 1814 καθίσταται.

378 1834 442 1866 τοὺς
455 1833 587 1870 πένητας.
603 1832 766 1869 Είσέρχεται
785 1831 800 1858 ό
815 1831 901 1867 πένης
921 1830 962 1863 εις

169 1881 219 1917 τὴν
235 1881 320 1917 αὐλήν
338 1889 386 1907 σου
412 1879 503 1916 ζητῶν
537 1878 659 1914 ἐντολὴν,
683 1879 731 1906 καὶ
747 1877 887 1905 ἀναλίσκει
915 1877 961 1904 δύο

169 1927 244 1963 ὥρας
260 1927 345 1962 μηδὲν
356 1919 529 1962 λασώνᾹΚαὶ
544 1925 631 1953 ὲνίοτε
650 1925 807 1957 ἐπιτάττεις
824 1923 864 1960 τῷ
875 1924 961 1959 δούλῳ

171 1981 219 2000 σου
236 1973 328 2009 βαλεῖν
353 1973 434 2000 αὑτὸν
458 1966 521 2005 ἔξω.
550 1972 608 1999 Οὒκ
630 1971 752 2007 ήκουσας
772 1970 821 1998 τοῦ
839 1970 960 2006 Χριστοῦ

169 2019 311 2054 λέγοντοςι
322 2019 375 2052 Εις
385 2018 425 2053 ἢν
439 2018 465 2046 δ’
480 2019 519 2046 ἂν
528 2019 621 2046 πόλιν
630 2017 804 2052 εἰσέρχεσθε
818 2017 838 2052 ἣ
850 2017 960 2051 οὶκίαν,

169 2066 273 2094 sistant
286 2064 326 2099 τῷ
341 2066 412 2100 οἴκῳ
424 2065 538 2099 ἐκεινῳ·
553 2065 668 2099 Εἰρήνη
681 2063 763 2099 ὑμῖν.
779 2064 834 2092 Kal
848 2064 887 2091 ἂν
903 2064 962 2099 μὲν

170 2110 216 2149 ᾔή
230 2112 308 2139 οΖκία
323 2112 394 2144 ἀξια
408 2111 541 2146 εἰρήνης,
557 2111 576 2145 ’ἠ
589 2110 694 2146 είρήνη
706 2109 790 2146 ὑμῶν
797 2109 959 2143 ἐπάὐτήν·

151 2167 152 2173 π
170 2160 196 2186 ει
204 2157 239 2185 δὲ
251 2157 306 2193 μὴ,
315 2156 491 2189 ἐκτινάξατε
499 2156 612 2183 καὶτὸν
624 2156 782 2190 κονιορτὸν
792 2154 852 2182 τῶν
859 2153 963 2182 ποδῶν

1050 1378 1081 1405 S.
1100 1376 1160 1404 Nili
1187 1375 1227 1404 vel
1259 1375 1289 1404 S.
1310 1375 1388 1411 (ἶνες,
1409 1375 1537 1411 Nysseni,
1564 1375 1622 1403 vide
1642 1381 1712 1404 orat.
1727 1376 1754 1410 6,
1767 1376 1805 1404 De

1015 1422 1084 1450 beat.
1099 1437 1135 1443 -—
1147 1417 1279 1458 Dignam‘
1295 1426 1422 1450 semente
1448 1430 1568 1450 messem
1596 1422 1677 1451 facis.
1691 1422 1806 1450 Acerbi-

1014 1472 1098 1496 tatem
1117 1468 1285 1496 seminasti‘!
1312 1468 1469 1503 manipulos
1482 1468 1595 1504 collige.
1613 1468 1805 1496 Inhumanita-

1015 1512 1300 1540 tcmcoluisti‘lhabe
1332 1512 1407 1548 quod
1443 1513 1556 1540 amasti.
1584 1512 1804 1541 Misericordiam

1013 1558 1110 1592 fugisti
1123 1558 1134 1584 ‘3
1148 1557 1339 1585 misericordia
1353 1561 1380 1585 te
1395 1557 1494 1593 fugiet.
1510 1557 1663 1593 Pauperem
1676 1567 1807 1587 exsecrao

1012 1607 1058 1632 tus
1072 1603 1121 1632 es?
1137 1603 1331 1631 exsccrabitur
1359 1606 1387 1631 te
1402 1603 1451 1631 ille
1469 1604 1517 1639 qui
1535 1604 1625 1632 nostri
1635 1611 1718 1632 causa
1736 1612 1806 1640 pau-

1011 1652 1147 1685 pertatem
1162 1648 1260 1676 subiit.

1049 1694 1131 1723 Nulla
1148 1701 1269 1730 unquam
1295 1694 1412 1722 satietas
1435 1694 1527 1723 oritur
1543 1702 1550 1721 :
1564 1702 1662 1723 verum
1688 1694 1715 1723 id
1730 1695 1806 1731 quod

1013 1749 1123 1778 semper
1138 1742 1304 1775 assumitur,
1328 1741 1409 1778 plura
1435 1742 1653 1778 concupiscendi
1676 1744 1806 1772 materies

1011 1792 1039 1816 et
1057 1787 1145 1816 fomes
1161 1786 1290 1815 edicitur.

1047 1834 1078 1862 S.
1103 1834 1298 1870 Cltrysostomi.
1317 1848 1353 1854 -—
1380 1832 1522 1869 Pauperes
1552 1842 1587 1862 ne
1618 1828 1831 1863 abdicaverisf?

1012 1878 1169 1916 Ingreditur
1195 1880 1224 1908 in
1240 1884 1304 1908 tuas
1319 1879 1393 1908 aedes
1408 1887 1513 1915 pauper
1536 1880 1638 1917 stipem
1664 1889 1804 1916 qumrens.

1012 1930 1039 1954 et
1057 1926 1127 1954 duas
1140 1926 1222 1954 horas
1236 1925 1341 1954 frustra
1365 1926 1493 1953 insumit.
1509 1925 1583 1959 Quin
1599 1927 1684 1955 etiam
1701 1927 1806 1956 famulo

1013 1971 1151 2000 interdum
1166 1972 1288 2007 imperas
1304 1977 1352 1999 tuo
1370 1975 1401 1999 ut
1415 1980 1479 2000 eum
1492 1973 1621 2000 extrudat
1635 1973 1728 2002 domo.
1743 1973 1804 2001 Non

1012 2018 1154 2046 Christum
1173 2018 1312 2045 dicentem
1335 2017 1419 2054 496
1435 2018 1558 2046 audisti?
1581 2018 1822 2055 lnquamcunque}

1011 2063 1120 2091 domum
1142 2063 1316 2096 intraveritis,
1340 2064 1419 2091 dicite
1438 2064 1499 2092 huic
1518 2066 1610 2093 domui
1626 2074 1636 2093 :
1650 2065 1711 2093 Pas;
1719 2066 1804 2094 vobis.
1820 2067 1822 2075 ‘

1012 2108 1048 2136 Et
1063 2110 1086 2136 si
1098 2109 1179 2144 fuerit
1193 2109 1243 2136 illa
1257 2109 1353 2137 domus
1378 2110 1460 2145 digna
1477 2117 1552 2144 pace,
1573 2112 1716 2146 requiescet
1727 2120 1806 2147 super
1826 2141 1827 2146 η

1011 2165 1071 2184 eam
1084 2164 1137 2191 pax
1146 2161 1235 2184 castra
1249 2163 1259 2183 :
1273 2155 1316 2183 sin
1326 2160 1425 2188 autem,
1438 2157 1555 2184 excutite
1571 2158 1652 2185 etiam
1671 2158 1806 2192 pulverem
1824 2158 1825 2163 ‘

170 2205 264 2241 ὑμῶν.
280 2204 375 2240 Ἀμὴν
396 2204 474 2239 λέγω
497 2202 585 2238 ὑμῖν·
601 2202 799 2236 ἀνεκτότερον
820 2201 907 2229 ἔσται
921 2199 960 2236 γῇ

1012 2201 1108 2238 pedum
1121 2206 1279 2229 vestrorum.
1296 2202 1380 2229 Amen
1399 2202 1459 2230 dico
1472 2202 1556 2236 vobis,
1574 2203 1743 2231 tolerabilius
1754 2205 1806 2231 erit

170 2250 311 2285 Σοδόμων
324 2249 374 2276 καὶ
397 2249 558 2284 Γομόρρων
578 2247 614 2275 ἐν
630 2246 668 2282 τῇ
699 2247 795 2282 ἡμέρᾳ
810 2246 925 2281 ἐκείνῃ,
940 2245 960 2281 ἢ

170 2295 211 2329 τῷ
224 2295 297 2329 οἴκῳ
309 2295 424 2328 ἐκείνῳ.
450 2294 612 2329 Εἱσὲρχεται
635 2291 721 2328 πένης
748 2293 789 2324 είς
808 2292 858 2328 τὴν
876 2292 962 2327 αὐλήν

150 2365 153 2375 ,
171 2351 230 2373 σου,
245 2341 293 2368 καὶ
311 2340 466 2372 ἐπιτάττεις
477 2339 517 2375 τῷ
532 2339 619 2374 δούλῳ
636 2347 683 2366 σου
695 2338 788 2374 βαλεῖν
804 2339 887 2366 αὐτὸν
898 2338 960 2371 ἔξω.

149 2380 151 2401 ί
176 2385 248 2412 Ἀλλ’
264 2386 314 2412 οὐκ
328 2382 415 2418 οἶδας,
429 2385 471 2411 ὃτι
486 2383 534 2410 ἐὰν
551 2382 636 2419 pati);
648 2383 694 2410 τὸν
709 2383 816 2419 πένητα
831 2383 894 2417 ἔξω,
915 2384 962 2411 τὸν

170 2432 288 2468 Χριστὸν
299 2431 423 2465 ὲδὶωξαςς
438 2430 525 2463 Αὐτὸς
536 2430 592 2466 γὰρ
605 2427 693 2457 εἷπεν·
703 2429 740 2456 Ὅ
753 2438 781 2457 τι
791 2429 837 2458 ἐνὶ
848 2430 963 2463 τούζων

170 2477 389 2514 τῷνμᾲὅελφῶν
401 2485 461 2512 μου
484 2475 658 2510 ἐποιήσατε,
691 2475 758 2511 ἐμοὶ
785 2475 960 2511 ἐποιήσατε.

176 2525 269 2560 Ὁρᾷς,
295 2524 338 2551 ὅτι
362 2523 411 2550 ἐὰν
430 2523 546 2559 ὺὸρίσῃς
567 2522 613 2549 τδν
641 2522 758 2557 πένητα,
781 2522 827 2549 τὸν
843 2522 962 2559 Χριστὸν

172 2571 308 2608 ἠτίμασας
324 2570 443 2609 ;]Ταῦτα
456 2569 541 2604 λέγω,
570 2568 618 2596 καὶ
629 2567 717 2603 λέγων
741 2568 772 2595 οὐ
800 2567 942 2603 παύσομαι
954 2575 961 2583 ·

171 2617 233 2652 ἐμοὶ
254 2616 304 2652 μιν
314 2617 345 2643 τὺ
369 2615 461 2650 λέγειν
487 2615 538 2642 οὐκ
556 2614 683 2650 ὀκνηρὸν,
701 2614 766 2650 ὑμῖν
786 2613 816 2641 δι
830 2613 961 2648 ἀσφαλές.

170 2663 208 2690 Οὺ
224 2662 365 2698 παύσομαι
393 2662 465 2697 ὑμᾶς
490 2660 638 2694 παιδεύων,
653 2660 706 2692 ἓως
725 2656 757 2687 οὗ
774 2659 898 2696 βελτίους
912 2659 964 2694 ,γί-

172 2709 259 2736 νεσθε.
276 2705 391 2740 Βλέπεις
407 2707 522 2742 πένητα,
534 2706 582 2734 καὶ
598 2707 647 2734 οὐκ
659 2706 744 2738 ὶλεεῖς
756 2714 763 2739 ;
777 2706 838 2738 Πῶς
852 2705 963 2742 είσέρχῃ

172 2755 210 2787 είς
231 2754 279 2790 τὴν
303 2753 461 2789 ἐκκλησίαν,
492 2754 540 2780 καὶ
571 2751 658 2789 εὕχῃ;
683 2753 744 2785 πῶς
755 2753 786 2780 τὺ
804 2753 893 2788 στόμα
916 2761 963 2779 σου

171 2799 300 2834 ἅνοίγεις,
326 2800 375 2827 καὶ
402 2798 518 2835 ἐπικαλῇ
550 2797 596 2826 τὸν
622 2798 688 2825 Θεόν
725 2806 792 2832 σου;
818 2799 855 2826 Οὐ
875 2798 964 2833 φο6ῇ;

171 2846 203 2874 οὐ
216 2846 328 2883 τρέμεις
338 2853 346 2880 ς
358 2845 389 2873 οὺ
400 2845 535 2879 δέδοικας;
550 2844 670 2881 Είσέρχῃ
686 2845 725 2878 εἰς
745 2845 795 2880 τὴν
814 2844 964 2881 ἐκκλησίαν

1014 2252 1092 2276 terra
1106 2246 1284 2276 Sodomorum
1307 2252 1334 2275 et
1357 2247 1566 2276 Gomorrltorum
1589 2249 1617 2277 in
1642 2250 1685 2277 die
1691 2250 1804 2286 judicii,
1824 2250 1828 2263 ‘

1013 2303 1093 2331 quam
1107 2294 1199 2322 domui
1207 2294 1263 2322 ‘illi
1292 2293 1399 2329 (Matth.
1415 2302 1444 2327 x,
1462 2294 1570 2330 12-15).
1582 2295 1741 2330 Ingreditur
1757 2295 1808 2323 do-

1013 2348 1089 2368 mum
1109 2345 1184 2368 tuam
1194 2347 1309 2375 pauper,
1325 2344 1352 2368 et
1367 2348 1449 2369 servo
1460 2341 1591 2377 praecipis
1606 2345 1637 2368 ut
1652 2349 1716 2369 eum
1730 2341 1806 2370 foras

1012 2386 1118 2421 ejiciat.
1150 2386 1193 2414 An
1226 2385 1350 2421 ignoras,
1367 2386 1391 2415 si
1411 2393 1560 2422 pauperem
1587 2387 1752 2418 excluseris.
1779 2392 1807 2415 te

1013 2431 1158 2460 Christum
1179 2431 1340 2467 pepulisse?
1369 2431 1460 2467 Ipsius
1477 2432 1552 2460 enim
1578 2440 1631 2460 vox
1644 2437 1711 2461 est:
1730 2433 1807 2467 Quod

1012 2478 1060 2506 uni
1082 2485 1115 2505 ea:
1141 2477 1184 2505 his
1197 2478 1329 2514 fratribus
1358 2479 1423 2506 meis
1445 2478 1565 2514 fecistis,
1594 2479 1661 2507 mihi
1691 2480 1804 2515 fecistis.

1014 2522 1124 2560 (Matth.
1141 2531 1207 2558 xxv,
1219 2523 1276 2560 £0).
1295 2523 1415 2552 Videsne
1439 2525 1683 2560 quemadmodum,
1700 2526 1724 2555 si
1740 2534 1807 2562 erga

1014 2577 1162 2606 pauperem
1176 2570 1397 2598 contumeliosus
1412 2570 1464 2604 sis,
1482 2570 1595 2600 Christo
1615 2571 1750 2606 injuriam
1765 2572 1811 2609 t'e-_

1014 2615 1078 2644 cisti
1093 2615 1180 2644 illaec
1199 2616 1273 2650 dico,
1287 2623 1340 2644 nec
1350 2616 1443 2645 dicere
1458 2616 1595 2645 desinam.
1611 2616 1679 2644 Mihi
1694 2617 1806 2653 quidem

1013 2661 1091 2697 loqui
1104 2669 1159 2690 non
1175 2662 1295 2698 pigrum,
1308 2663 1388 2691 vobis
1401 2667 1495 2691 autem
1513 2666 1615 2690 tutum.
1634 2661 1730 2691 Finem
1743 2671 1807 2692 eru-

1015 2707 1109 2736 diendi
1126 2715 1174 2736 vos
1198 2715 1254 2736 non
1278 2713 1346 2736 ante
1372 2708 1484 2742 faciam,
1496 2716 1580 2744 quam
1594 2709 1727 2738 meliores
1743 2717 1807 2739 esse

1015 2753 1103 2782 factos
1134 2761 1317 2791 conspexero.
1342 2754 1496 2791 Pauperem
1522 2754 1612 2788 vides,
1632 2763 1684 2783 nec
1698 2755 1759 2791 ejus
1779 2760 1807 2784 te

1015 2800 1216 2834 miserit?Qua
1234 2800 1326 2829 fronte
1341 2801 1487 2829 ecclesiam
1510 2801 1675 2837 ingrederis,
1699 2808 1727 2830 et
1741 2806 1806 2830 vota

1018 2845 1105 2876 facis?
1119 2854 1174 2883 qua
1192 2846 1282 2877 fronte
1295 2855 1327 2877 os
1341 2848 1448 2884 aperis,
1461 2852 1488 2877 et
1503 2848 1551 2877 Dei
1565 2855 1645 2884 opem
1657 2849 1806 2885 implores?
