2056 3113
310 142 321 174 1
328 142 377 175 507

919 134 948 162 S.
962 133 1123 162 somnis
1144 130 1360 162 DAMASCENI

1869 130 1931 164 1508

307 200 367 227 Non
381 197 478 226 times?
502 201 556 222 non
582 190 700 220 tremis?
718 197 772 218 non
800 185 1013 225 perhorrescis?
1031 184 1098 211 Pre-

1150 173 1297 221 εὖξασθαις
1313 187 1425 222 ποίησον
1453 187 1648 223 ἐλεημοσύνην,
1663 187 1707 214 ἵνα
1721 187 1865 222 ὑπογραφῇ
1889 195 1933 215 σου

307 245 389 274 randi
408 250 491 271 causa
505 241 533 269 in
550 239 697 268 ecclesiam
706 236 807 266 venis?
821 235 863 262 fac
877 234 1095 267 eleemosynam,

308 296 338 320 ut
354 287 504 327 precationi
519 291 574 314 tuae
596 283 800 313 subscribatur.
823 280 964 309 interdum
982 275 1095 312 quidam

307 323 466 373 imperatori
482 334 604 362 libellum
625 331 776 367 supplicem
797 327 929 359 offerunt,
946 329 973 353 et
990 323 1096 352 idcirco

307 386 442 413 ducentos
464 384 641 410 trecentosve
667 383 799 406 nummos
820 381 921 402 aureos
940 373 1095 403 insumunt;
1118 389 1128 397 .

306 440 358 460 nec
370 434 461 458 tamen
478 435 523 456 res
545 427 600 454 illis
626 432 659 452 ex
687 422 828 451 sententia
844 418 979 450 succedit,
999 416 1046 445 sed
1068 415 1098 442 li-

307 478 398 506 bellus
411 480 542 510 tanquam
566 472 620 499 vile
649 467 762 504 aliquod
793 467 921 502 legumen
946 463 1096 493 retinetur;

308 532 337 554 tu
351 532 416 552 vero
439 522 509 550 duos
536 519 633 548 obolos
657 514 820 551 impendere
837 518 963 542 recusas.
987 514 1017 537 ut
1030 516 1096 543 sup-

307 571 419 608 plicatio
431 573 477 596 tua
496 563 705 596 subscribatur?
721 561 754 588 Et
771 565 898 588 terrenus
915 556 1025 593 quidem
1042 555 1096 582 im~

307 604 416 655 perator
438 616 483 643 hic
510 609 672 642 subscribit,
692 615 725 636 ac
746 613 818 642 sape
834 604 935 632 accidit
953 606 983 630 ut
998 605 1096 629 contra

306 646 389 701 quam
402 667 479 697 optes
488 657 660 690 subscribat;
680 659 707 682 at
723 654 747 682 si
764 653 822 680 Rex
848 657 943 687 regum
968 646 1095 676 subscri-

306 692 405 747 pserit,
422 692 492 735 Irata
520 709 548 733 et
579 703 657 731 ﬁrma
680 704 734 729 est.
763 699 804 726 An
823 705 878 725 non
895 695 973 722 vides
987 692 1095 721 duobus

303 738 397 784 obolis
409 754 520 782 viduam
544 751 598 778 hoc
615 748 728 780 emisse,
745 750 775 773 ut
786 743 884 780 petitio
907 750 958 770 sua
975 738 1097 769 subscri-

304 800 436 830 beretur?
449 799 538 834 Atque
555 796 661 824 idcirco
680 794 735 822 duo
749 797 871 820 crateres
883 793 949 816 ante
963 785 1096 814 Ecclesiae

304 847 382 875 fores
401 851 464 874 sunt
482 833 626 872 :ralterum
650 847 728 876 aquae
746 839 774 866 in
789 845 845 874 quo
859 842 959 863 manus
976 833 1097 861 abluun-

1151 232 1168 268 ἡ
1181 233 1283 268 δέησις.
1303 232 1404 260 Ἐνίοτέ
1418 242 1491 265 τινες
1503 233 1674 260 εἰσϐάλλουσι
1687 233 1780 268 δέησιν
1795 232 1934 267 βασιλέως,

1151 279 1197 306 καὶ
1216 279 1392 306 ἀναλίσκουσι
1405 279 1556 311 διακοσίους
1572 279 1588 314 ἢ
1601 278 1773 315 τριακοσίους
1784 277 1936 314 χρυσίνους,

1151 325 1199 351 καὶ
1219 325 1350 357 πολλάκις
1381 325 1420 357 είς
1443 325 1521 352 οὐδὲν
1535 325 1627 356 αὐτοῖς
1648 325 1794 360 προχωρεῖ,
1822 323 1879 350 ἀλλ’
1899 323 1931 355 ὡς

1151 371 1272 406 χιδάριον
1288 371 1450 406 κατέχουσιν
1465 371 1546 398 αὐτόν
1559 379 1565 386 ·
1595 371 1642 397 καὶ
1657 371 1690 398 σὺ
1711 369 1761 407 δύο
1785 369 1886 396 ὀϐολῶν
1905 370 1931 395 οὐ

1151 416 1238 448 θέλεις
1252 417 1445 453 ὑπογραῳῆναι
1475 417 1524 453 τὴν
1537 417 1631 452 δέησίν
1646 425 1693 443 σου
1706 425 1714 449 ;
1740 415 1871 442 Ἐνταῦθα
1888 415 1932 450 μὲν

1152 463 1277 499 βασιλεὺς
1291 464 1304 491 ὸ
1320 463 1439 498 ἐπίγειος
1456 463 1598 498 ompr
1632 463 1679 490 καὶ
1690 462 1819 494 πολλάκις
1832 462 1932 488 ἐναντία

1150 510 1223 536 ἐστὶν
1237 511 1253 546 ὴ
1267 510 1414 546 ὑπογραφὴ
1431 519 1437 526 ε
1458 511 1471 537 ὁ
1487 510 1515 536 δὲ
1532 509 1662 542 Βασιλεὺς
1674 509 1728 535 τῶν
1744 508 1933 544 βασιλευόντων

1151 556 1198 582 ἐὰν
1212 556 1369 592 ὑπογράφῃ,
1398 555 1554 591 κεκύρωται
1574 555 1621 581 καὶ
1649 554 1838 590 βεὸεΰαίωται.
1862 552 1933 586 Εἶδες

1149 599 1242 636 δέησιν
1265 601 1312 628 δύο
1336 601 1438 628 ὀσόλων
1467 601 1714 637 ὑπογραφομένηνς
1737 600 1781 627 διὰ
1796 600 1873 627 τοῦτο
1893 600 1934 628 δύο

1150 647 1286 682 κρατῆρες
1300 647 1353 682 πρὸ
1363 647 1418 673 τῶν
1428 646 1519 682 θυρῶν
1531 647 1583 673 εἰσι
1597 647 1646 681 τῆς
1660 646 1818 681 ἐκκλησίας.
1833 646 1880 681 μία
1890 646 1934 673 τοῦ

1151 692 1258 726 ὕδατος,
1276 695 1305 719 ὲν
1351 693 1433 729 νίπτῃ
1452 692 1501 723 τὰς
1518 693 1623 728 χεῖρας,
1638 691 1685 718 καὶ
1700 692 1781 727 ἑτέρα
1797 692 1882 727 ήχεὶρ
1891 692 1934 718 τοῦ

1150 739 1277 775 πένητος,
1292 735 1351 775 ἓ.νῇ
1371 739 1543 774 ἀποσμήχεις
1567 738 1617 774 τὴν
1639 738 1729 774 ψυχήν
1744 746 1803 764 σου.
1821 737 1935 774 Είσέρχῃ

1150 786 1190 817 εἰς
1202 785 1252 821 τὴν
1267 784 1426 820 ἐκκλησίαν,
1444 784 1491 811 καὶ
1501 785 1582 819 νίπτῃ
1596 784 1646 816 τὰς
1657 784 1752 820 χεῖράς
1770 793 1817 810 σου
1828 791 1834 798 ·
1850 784 1934 815 ἐπίδος

1151 833 1190 864 εἰς
1204 832 1283 868 χεῖρα
1302 831 1348 858 τοῦ
1377 831 1493 866 πένητος
1511 831 1614 864 ὀϐολὸν,
1637 830 1685 857 καὶ
1704 831 1876 865 ἀποσμήχεις
1892 830 1936 863 τὴν

308 864 382 875 ut.“
401 864 464 874 su...
483 866 489 872 .
509 864 626 871 .....,.
650 864 727 876 -1-"
793 864 806 874 Ἰ

307 899 363 926 tur,
379 893 496 920 alterum
530 893 573 917 est
598 887 730 923 pauperis
757 885 857 912 manus
882 882 909 909 in
938 887 993 916 quo
1020 878 1097 906 labes

1150 864 1313 912 ψυχῆνσου.
1335 876 1398 903 Ἐὰν
1431 864 1566 911 εἰσέλθῃς,
1584 875 1631 902 καὶ
1661 874 1737 910 εὔξῃ.
1753 864 1800 901 καὶ
1815 874 1888 910 νίψῃ,
1901 873 1935 909 τῷ

306 940 406 967 animae
435 937 646 971 absterguntur.
665 930 825 968 Ingrederis
850 929 878 957 in
897 926 1056 958 ecclesiam,
1070 928 1097 952 et

307 994 406 1015 manus
421 989 482 1012 tuas
497 981 588 1009 abluis
603 989 611 1008 :
625 979 709 1015 injicc
733 978 761 1005 in
775 975 906 1013 pauperis
922 979 1021 1001 manus
1031 971 1098 1000 obo-

307 1035 376 1066 lum,
391 1037 418 1061 et
432 1030 531 1058 anima:
549 1031 686 1055 mactuam
704 1022 879 1052 absterseris.
906 1020 933 1048 Si
953 1021 1097 1055 ingressus

308 1079 406 1112 fueris,
425 1082 579 1110 manusque
600 1072 702 1100 laveris
725 1074 752 1098 ct
772 1068 906 1100 oraveris,
938 1073 988 1094 nec
1003 1070 1097 1092 tamen

307 1110 422 1162 pauperi
448 1119 570 1153 dederis,
589 1118 721 1154 quidnam
739 1114 870 1143 utilitatis
894 1113 928 1141 ad
952 1116 978 1140 te
995 1119 1029 1139 ex
1047 1110 1098 1137 hac

308 1157 338 1200 rc
349 1157 470 1200 redibit?
485 1169 556 1204 Opes
585 1165 681 1198 habes,
712 1169 817 1198 easque
840 1161 926 1188 humo
950 1157 1095 1189 conditas;

307 1227 340 1247 ac
357 1222 555 1251 nonnunquam
575 1213 651 1240 fures
676 1215 759 1239 noctu
779 1209 904 1240 veniunt,
921 1206 1098 1234 thesaurum-

308 1273 361 1301 que
376 1263 510 1291 elfodiunt
524 1265 551 1289 et
566 1258 723 1293 subripiunt
736 1265 741 1282 :
754 1263 786 1283 ac
798 1262 879 1282 mane
889 1259 1017 1288 surgens,
1033 1257 1096 1278 eum

308 1295 469 1344 subreptum
486 1305 588 1333 cernis.
606 1303 653 1331 Vis
673 1302 821 1330 facultates
841 1302 903 1326 tuas
919 1297 1032 1325 mluime
1047 1295 1097 1324 tibi

308 1356 384 1382 furto
396 1343 514 1380 subduci
525 1351 537 1377 ‘i
547 1350 622 1385 quod
636 1348 727 1376 dicam
744 1346 839 1374 facito.
854 1345 908 1372 Eas
927 1343 955 1370 in
969 1346 1096 1370 ventrem

307 1405 458 1436 pauperum
474 1394 623 1426 absconde,
639 1398 666 1421 et
687 1397 829 1426 nunquam
854 1386 999 1422 compilari
1020 1390 1097 1421 pote-

308 1431 385 1474 runt.
400 1444 467 1471 Nam
477 1441 500 1470 si
512 1442 540 1469 in
551 1445 650 1468 terram
661 1437 813 1468 defodcris,
823 1442 869 1463 eas
882 1434 1003 1461 amittes.
1017 1431 1097 1465 Quod

308 1491 331 1519 si
348 1497 403 1517 non
421 1487 537 1518 amittis,
570 1485 625 1512 illae
640 1483 752 1518 quidem
772 1480 976 1511 servabuntur;
991 1481 1019 1505 at
1035 1485 1097 1505 cum

308 1535 344 1563 iis
355 1538 419 1570 post
438 1533 593 1560 discessum
606 1538 624 1558 e
645 1529 702 1556 vita
720 1527 863 1554 carituras
884 1525 935 1557 εἰς,
954 1523 1097 1558 quidtan-

309 1567 372 1609 dem
392 1579 442 1607 tibi
458 1577 612 1614 profutura:
636 1573 721 1603 sunt?
734 1571 800 1609 quid
827 1575 854 1599 te
869 1568 1047 1598 cumulandis
1057 1567 1098 1614 di-

308 1627 386 1654 vitiis
414 1609 532 1661 fatigas;
557 1629 620 1651 cum
645 1620 692 1648 alii
707 1620 735 1647 in
752 1618 898 1646 facultates
917 1621 980 1644 tuas
992 1609 1098 1651 ingres-

309 1673 367 1700 suri
383 1672 450 1704 sint,
463 1670 509 1705 qui
536 1668 614 1696 luxui
639 1666 805 1701 deliciisque
830 1661 1038 1698 indulgebunt?
1056 1660 1098 1687 An

309 1726 365 1746 non
378 1716 541 1753 prophetam
553 1713 658 1741 audisti
679 1709 824 1740 dicentem
845 1718 852 1737 ε
866 1708 1041 1737 Thesaurizat
1057 1707 1101 1734 di-

309 1771 365 1795 ves,
379 1752 404 1789 et
424 1762 530 1796 ignorat
548 1759 592 1786 cui
608 1756 781 1794 congregabit
798 1764 828 1783 ea
844 1754 931 1791 (Psal.
957 1761 1035 1787 xvnt,
1052 1752 1100 1788 7)?

310 1808 344 1836 Et
363 1808 390 1835 in
413 1808 467 1835 alio
483 1807 545 1834 loco
569 1812 681 1832 rursum
708 1803 764 1831 ait:
795 1801 927 1835 Insipiem
956 1805 979 1827 et
1001 1799 1099 1827 stultus

310 1857 443 1891 peribunt,
469 1859 493 1881 et
515 1853 660 1888 relinquent
673 1850 767 1878 alieni:
794 1849 899 1877 divitias
914 1855 988 1875 suas.
1009 1845 1097 1883 (Ρεαι.

309 1910 407 1934 xci-iu,
438 1900 496 1936 11).
513 1908 523 1926 ι
545 1899 625 1926 Vides
644 1896 712 1934 quid
738 1896 772 1924 iis
791 1895 899 1923 accidat
915 1894 963 1930 qui
979 1893 1008 1921 in
1026 1897 1099 1921 terra

310 1949 503 1976 thesaurizant
516 1947 527 1974 Ἰ
542 1944 585 1973 fac
606 1945 689 1981 igitur
713 1943 741 1971 in
762 1942 832 1970 coelo
856 1940 1038 1973 thesaurizes,
1054 1938 1099 1966 ubi

262 2024 265 2029 ,
311 2003 356 2022 nec
372 1994 442 2021 tinea
456 1992 610 2024 demolitur,
637 1998 683 2018 nec
712 1989 807 2017 termis
831 1987 958 2022 depascit,
983 1995 1030 2014 nec
1055 1986 1100 2022 fur

310 2039 402 2074 e/Iodit
423 2037 534 2071 (Matth.
554 2044 594 2069 vt,
609 2036 652 2068 l9,
668 2035 723 2069 20;
739 2033 806 2061 Luc.
832 2040 882 2067 xu,
900 2033 957 2069 '55).
975 2032 997 2060 Ο
1015 2031 1099 2060 miser

310 2089 337 2112 et
354 2083 526 2115 calamitose,
540 2086 620 2109 terrae
647 2081 808 2109 thesaurum
826 2083 906 2106 tuum
926 2077 1027 2110 credis,
1048 2083 1099 2105 nec

310 2130 366 2157 lico
382 2128 472 2157 credis
482 2127 586 2155 dicenti
605 2136 612 2154 :
628 2125 704 2160 Quod
727 2134 779 2153 uno
797 2132 829 2153 ea:
843 2124 974 2159 fratribus
990 2123 1053 2150 meis
1063 2121 1098 2158 fe-

309 2175 395 2207 cistis,
411 2173 476 2201 mihi
505 2171 606 2209 fecistis
624 2171 735 2208 (Matth.
753 2178 816 2204 xxv,
830 2170 897 2205 40‘)?
919 2169 1007 2203 Quam
1034 2173 1097 2196 tan-

1150 923 1178 950 δὲ
1191 923 1288 958 πένητι
1304 922 1341 958 μὴ
1360 922 1423 958 δῷς,
1454 923 1481 950 τί
1506 922 1620 957 basim;
1647 921 1762 948 πλοῦτον
1788 921 1870 956 ἔχεις,
1893 922 1935 947 καὶ

1150 969 1283 1005 κρύπτεις
1313 968 1393 996 αὑτὸν
1418 969 1464 995 ἐπὶ
1486 969 1537 1003 τῆς
1553 968 1613 1003 γῆς,
1637 968 1683 994 καὶ
1709 968 1792 994 ἐνίοτε
1815 967 1934 1002 ἔρχονται

1151 1015 1247 1046 νυκτὸς
1265 1015 1391 1048 κλέπται,
1411 1015 1459 1041 καὶ
1487 1013 1644 1050 ὀρύσσουσι,
1665 1013 1709 1040 καὶ
1735 1013 1881 1040 κλέπτουσι
1893 1012 1933 1039 τὸν

1151 1061 1304 1096 θησαυρόν·
1335 1061 1381 1087 καὶ
1405 1061 1547 1088 ἀνίστασαι
1564 1059 1647 1096 πρωῒ,
1670 1060 1716 1087 καὶ
1730 1059 1840 1094 βλέπεις
1859 1059 1933 1086 αὑτὸν

1152 1107 1342 1143 σεσυλημένον.
1359 1107 1451 1138 Θέλεις
1462 1106 1498 1142 μὴ
1513 1106 1680 1142 συληθῆναι;
1693 1106 1706 1133 ὃ
1718 1106 1789 1140 λέγω
1801 1114 1852 1138 σοι,
1862 1104 1933 1131 τοῦτο

1151 1153 1274 1188 ποίησον,
1289 1153 1337 1179 καὶ
1350 1152 1478 1179 οὐδέποτε
1496 1152 1610 1178 συλᾶσαι
1620 1152 1660 1183 εἰς
1672 1151 1717 1178 τὸν
1727 1150 1825 1178 αἰῶνα.
1846 1149 1933 1177 Χῶσον

1151 1199 1232 1227 αὐτὸν
1246 1199 1286 1231 ei;
1302 1198 1352 1234 τὴν
1367 1198 1470 1225 κοιλίαν
1481 1198 1535 1224 τῶν
1549 1191 1665 1233 πτωχῶν
1688 1197 1727 1232 τῷ
1746 1196 1862 1232 κινδύνῳ
1878 1204 1930 1231 μον.

1151 1245 1199 1272 καὶ
1211 1243 1339 1270 οὐδέποτε
1352 1242 1465 1270 δύναται
1478 1242 1639 1278 ωληθῆναι.
1659 1241 1723 1268 Ἐὰν
1738 1241 1766 1268 δὲ
1781 1240 1875 1276 χώσῃς
1889 1240 1932 1268 αύ-

1150 1290 1195 1317 τὺν
1211 1291 1251 1321 εἰς
1266 1290 1315 1325 τὴν
1332 1291 1394 1326 γῆν,
1406 1289 1519 1320 ἀπολεῖς
1548 1288 1640 1315 αὐτόν.
1661 1288 1716 1315 Καὶ
1729 1288 1777 1316 ἐὰν
1793 1287 1931 1322 ἀπολέσῃς,

1151 1334 1353 1370 φυλαχθήσεται
1365 1343 1372 1350 ’
1387 1335 1435 1362 καὶ
1448 1335 1497 1361 ὲὰν
1511 1332 1583 1369 μετὰ
1596 1334 1646 1370 τὴν
1660 1334 1791 1369 τελευτήν
1802 1342 1849 1360 σου
1864 1334 1932 1365 me;

1150 1380 1233 1407 αὑτοῦ
1248 1378 1291 1416 ᾖς,
1304 1379 1331 1406 τί
1344 1388 1386 1406 σοι
1398 1379 1429 1406 τὸ
1440 1379 1552 1414 δφελοςς
1567 1379 1593 1406 τί
1605 1378 1720 1414 κάμνεις
1734 1379 1781 1405 καὶ
1797 1378 1931 1411 πλουτεῖς;

1151 1427 1199 1453 καὶ
1215 1425 1289 1452 ἄλλοι
1322 1425 1491 1461 εἰσέρχονται
1519 1425 1558 1456 εις
1583 1424 1617 1451 τὰ
1643 1424 1801 1460 ὑπάρχοντά
1821 1433 1877 1455 σου,
1894 1424 1934 1450 καὶ

1151 1471 1372 1507 κατατρυφῶσιν.
1388 1471 1446 1498 Οὐκ
1455 1471 1574 1507 ἣκουσας
1588 1470 1635 1497 τοῦ
1646 1471 1786 1506 προφήτου
1803 1470 1931 1504 λέγοντος·

1151 1516 1327 1551 Θησαυρίζει
1352 1518 1370 1544 ὁ
1392 1518 1554 1550 πλούσιος,
1567 1516 1617 1543 καὶ
1636 1518 1692 1544 οὐκ
1706 1514 1790 1544 οἶδεν
1799 1517 1858 1543 τίνι
1868 1523 1933 1543 σνν-

1150 1563 1215 1595 ἀξει
1229 1563 1325 1595 αὐτά;
1336 1563 1390 1591 Καὶ
1406 1563 1487 1591 πάλιν
1498 1562 1615 1599 ἀλλαχοῦ
1626 1563 1701 1598 λέγει
1713 1572 1720 1579 ’
1728 1572 1748 1594 ,ι
1769 1563 1883 1598 ’Δφρων
1893 1561 1932 1589 καὶ

1150 1610 1230 1642 ἄνους
1245 1609 1426 1637 ἀπολοῦνται⁸
1444 1610 1492 1636 καὶ
1502 1609 1715 1644 καταλείψουσιν
1734 1609 1884 1644 ἀλλοτρίοις
1894 1608 1932 1635 τὸν

1151 1655 1267 1683 πλοῦτον
1283 1656 1383 1682 αὐτῶν.
1396 1665 1405 1681 ι
1426 1656 1507 1691 Ὁρᾷς
1520 1655 1546 1682 τί
1562 1655 1712 1690 πάσχουσιν
1725 1655 1750 1681 οἱ
1763 1655 1933 1690 θησαυρίζον-

1150 1711 1196 1735 τες
1209 1703 1256 1730 ἐπὶ
1272 1703 1322 1737 τῆς
1336 1703 1404 1738 γῆςς
1420 1701 1488 1729 ἀλλὰ
1497 1700 1678 1738 θησαυρίζετε
1694 1701 1723 1728 ὲν
1736 1700 1931 1737 οὐρανῷ,ὅπου

1150 1750 1206 1777 οὐκ
1220 1749 1307 1777 ἔστιν
1321 1749 1340 1784 ἠ
1360 1748 1431 1783 σῆς,
1449 1748 1522 1776 οὐδὲ
1533 1748 1659 1782 σκώληξ
1672 1748 1851 1780 κατεσθίων,
1871 1746 1932 1774 οὐδὲ

1149 1794 1269 1830 λῃστὴς
1295 1794 1477 1829 διορύσσων.
1490 1793 1525 1820 Ὦ
1540 1794 1616 1821 ἄθλιε
1633 1794 1680 1821 καὶ
1707 1793 1869 1829 ταλαίπωρε
1883 1801 1889 1808 ·
1904 1793 1931 1827 τῇ

1149 1842 1184 1877 γῇ
1199 1840 1337 1872 πιστεύεις
1351 1840 1397 1867 τὸν
1425 1840 1562 1876 Θησαυρόν
1575 1849 1634 1874 σου,
1652 1841 1699 1867 καὶ
1717 1840 1755 1875 τῷ
1776 1839 1838 1875 Θεῷ
1851 1839 1880 1866 οὒ
1895 1847 1933 1864 πι-

1151 1887 1256 1918 στεύεις
1273 1886 1312 1922 τῷ
1318 1887 1472 1914 είπόντι·“0
1486 1887 1531 1914 ἑνὶ
1545 1887 1658 1914 τούτων
1668 1886 1727 1913 τῶν
1738 1885 1932 1920 ἀδελφῶνσου

1149 1934 1323 1968 ἐποιήσατε,
1356 1934 1422 1969 ἐμοὶ
1450 1933 1632 1967 exanimus;
1663 1933 1747 1960 Ποίαν
1775 1932 1933 1968 συγγνώμην

1149 1979 1237 2012 ἐξειςς
1252 1978 1359 2014 Χρυσδν
1371 1979 1456 2014 φιλεῖς
1469 1979 1514 2007 τὸν
1529 1979 1687 2015 αἰμοὸόρον,
1708 1978 1753 2005 τὸν
1777 1979 1847 2006 πᾶσι
1862 1977 1933 2005 πολέ-

1152 2033 1222 2060 μιον,
1243 2026 1290 2052 καὶ
1301 2024 1367 2052 πᾶσι
1385 2024 1519 2057 ποθεινὸν,
1537 2024 1584 2051 τδν
1608 2025 1662 2052 ὑπὸ
1685 2025 1795 2053 πάντων
1808 2024 1932 2060 φιλούμε-

1151 2080 1206 2104 νον,
1223 2071 1270 2098 καὶ
1286 2072 1368 2098 πᾶσιν
1381 2071 1602 2104 ἐπιϐουλεύοντα,
1618 2071 1664 2099 τὸν
1684 2071 1833 2108 δραπέτην,
1845 2072 1889 2099 τὸν
1903 2071 1933 2097 ol-

1150 2119 1243 2154 κέτην,
1260 2118 1306 2145 τὸν
1318 2117 1464 2154 ἀγνώμονα
1476 2126 1483 2151 ;
1495 2118 1552 2145 Οὐκ
1569 2115 1645 2150 οἶδας
1659 2117 1716 2151 οἶός
1737 2120 1813 2145 ἐστιν
1830 2120 1844 2146 ὀ
1859 2116 1932 2145 πλοῦ-

1149 2173 1213 2198 τος;
1239 2164 1366 2200 καθάπερ
1393 2164 1481 2200 πόρνη
1511 2165 1702 2200 ἁσυνείδητος,
1726 2164 1814 2199 τούτῳ
1840 2164 1930 2201 ὁμιλεῖ,

309 2221 371 2249 dem
388 2220 496 2248 veniam
512 2218 669 2247 obtinebis?
680 2218 784 2245 Aurum
799 2223 886 2249 amas,
901 2215 975 2251 quod
985 2215 1096 2243 crudele

1150 2211 1255 2239 ἐκεῖθεν
1283 2211 1379 2247 ἐκείνῳ
1405 2211 1487 2244 νεύει,
1503 2211 1576 2247 ἄλλῳ
1603 2211 1765 2240 συντίθεται.
1786 2211 1820 2238 Τί
1843 2209 1878 2244 εἴ,
1892 2211 1932 2239 ἂν·

309 2271 336 2293 ct
353 2265 558 2300 sanguinarium
574 2267 635 2297 est‘;
654 2263 727 2298 quod
745 2263 779 2290 ab
796 2260 925 2290 omnibus
948 2260 1096 2296 expetitur,

309 2317 392 2346 atque
404 2310 534 2336 omnibus
555 2308 685 2335 infestum
696 2312 756 2340 est;
773 2305 847 2342 quod
861 2310 971 2333 amatur
986 2305 1021 2333 ab
1038 2312 1098 2333 om-

310 2359 403 2391 nibus,
421 2360 448 2385 et
464 2356 547 2393 497
562 2355 690 2384 omnibus
708 2353 825 2382 insidias
850 2353 944 2388 struit,
964 2351 1037 2388 quod
1053 2352 1098 2380 fu-

308 2405 435 2440 gitivutn,
453 2404 525 2439 quod
547 2409 668 2433 servum,
685 2400 758 2436 quod
780 2400 919 2436 ingratum
934 2404 986 2428 est;
1003 2400 1046 2427 An
1073 2399 1100 2427 to

310 2449 381 2484 fugit
413 2447 569 2483 cuiusmodi
598 2447 654 2475 sint
678 2446 801 2474 divitiae?
822 2447 861 2474 uti
886 2447 1018 2474 meretrix
1035 2452 1099 2482 per-

309 2496 396 2523 frictte
409 2494 518 2527 frontis,
535 2500 611 2522 nunc
619 2501 681 2521 cum
693 2493 747 2521 isto
758 2493 988 2521 consuetudinem
1004 2492 1097 2525 habet,

308 2549 383 2570 nunc
393 2541 457 2568 inde
471 2540 503 2568 ad
517 2541 593 2568 illum
611 2538 775 2576 propendet,
789 2547 822 2568 ac
839 2541 957 2575 posthac
973 2540 1020 2567 alii
1038 2547 1099 2567 sese

307 2587 443 2624 adjungit.
459 2586 594 2621 Quidnam
618 2593 658 2619 es,
681 2594 698 2613 ο
723 2587 807 2615 homo
821 2585 934 2614 ?Hodie
955 2587 1097 2622 princeps,

305 2641 370 2662 cras
395 2632 542 2664 subditus;
571 2631 652 2659 hodie
683 2631 771 2664 dives,
787 2637 850 2659 cras
878 2638 1000 2666 pauper;
1017 2630 1099 2658 hodie

303 2680 351 2713 jus
362 2678 445 2712 dicis,
459 2684 521 2705 cras
543 2676 678 2712 judicium
706 2677 795 2705 subis.
810 2676 852 2703 An
867 2683 922 2704 non
939 2677 1002 2704 vitae
1016 2676 1098 2712 hujus

306 2723 524 2751 inconstantiam
536 2723 671 2759 perspicis
681 2723 694 2750 ἲ
709 2730 803 2750 nonne
816 2723 875 2750 hare
887 2723 978 2750 instar
993 2723 1098 2750 umbrae

306 2768 452 2803 praeterit?
467 2776 556 2797 nonne
567 2766 643 2796 fumo
653 2767 732 2796 vilior
749 2772 792 2796 cst
805 2768 817 2795 ’ἓ
838 2775 930 2796 nonne
941 2767 1014 2795 sicut
1033 2774 1098 2795 ara-

306 2819 360 2841 nea
369 2813 551 2842 distrahitur?
574 2814 636 2842 Non
651 2814 776 2843 desinam
792 2820 842 2843 vos
852 2814 965 2848 docere,
988 2813 1098 2842 faciatis

1150 2257 1261 2293 θρωπε;
1288 2258 1413 2294 Σήμερον
1442 2258 1545 2294 ἄρχων,
1580 2258 1627 2285 καὶ
1651 2258 1746 2294 αθριον
1767 2259 1932 2294 ἀρχόμενος“

1150 2304 1270 2340 σήμερον
1283 2303 1420 2336 πλούσιος,
1438 2303 1485 2330 καὶ
1496 2301 1591 2338 αὔριον
1608 2302 1711 2338 πένης·
1730 2303 1852 2339 σήμερον
1869 2301 1934 2330 δικὰ-

1150 2349 1217 2383 ζεις,
1237 2349 1285 2376 καὶ
1297 2348 1391 2385 αΰριον
1417 2348 1525 2386 δικάζῃ.
1547 2348 1630 2385 Ὁρᾷς
1646 2349 1696 2384 τὴν
1722 2348 1769 2375 τοῦ
1782 2348 1843 2384 βίου
1859 2355 1934 2384 μετα-

1149 2396 1247 2432 συλήψ
1261 2397 1312 2432 οὐχ
1326 2395 1363 2428 ὡς
1383 2395 1448 2422 σκιὰ
1479 2395 1667 2431 παρατρέχεις
1689 2395 1720 2422 σὺ
1740 2395 1847 2422 κάπνου
1867 2395 1934 2421 εὐτε-

1147 2441 1291 2479 λέστερος;
1307 2442 1357 2477 οὺχ
1371 2442 1417 2481 ὼς.
1428 2442 1534 2477 ἀράχνη
1555 2441 1723 2474 omnem;
1740 2441 1778 2467 Οὐ
1799 2440 1934 2475 παύσομαι

1148 2489 1221 2524 ὑμᾶς
1237 2488 1372 2515 παιδεύων
1384 2497 1391 2521 ;
1404 2488 1456 2515 κᾶν
1471 2496 1501 2514 τε
1518 2488 1555 2523 μὴ
1580 2487 1686 2522 ποιῆτε.
1704 2487 1865 2522 Γέγραπται
1877 2486 1933 2521 γάρ·

1148 2534 1232 2562 Δάλει
1248 2536 1287 2567 είς
1300 2530 1359 2561 ὧτα
1367 2533 1531 2561 ἀκουόντων.
1548 2532 1677 2568 Παρακοὴ
1694 2531 1811 2559 θάνατον
1831 2532 1934 2567 ἐργάζε-

1147 2587 1202 2609 ται.
1217 2579 1383 2616 Μιμήσασθε
1397 2579 1444 2606 καὶ
1458 2579 1508 2615 τὴν
1519 2579 1607 2615 χήραν
1619 2579 1726 2614 ἐκείνην
1740 2579 1790 2614 τὴν
1812 2580 1879 2611 τοὺς
1895 2577 1935 2605 ato

1147 2628 1258 2659 ὀεολοὺς
1281 2627 1417 2659 δώσασαν,
1435 2625 1494 2657 πῶς
1513 2625 1669 2660 ἐδικαιώθη.
1689 2624 1743 2652 Δύο
1760 2625 1874 2657 ὀδολοὺς
1890 2625 1934 2651 οἰκ

1149 2673 1230 2709 ἔχεις
1239 2673 1289 2700 ἕνα
1302 2673 1395 2705 δός.“0
1407 2672 1489 2708 ἔχεις,
1501 2671 1552 2699 κᾶν
1562 2672 1644 2708 ἄρτον
1654 2679 1661 2688 ⁸
1673 2671 1726 2699 κᾶν
1736 2671 1865 2704 στέναξον
1880 2670 1934 2697 ἰδὼν

1148 2721 1194 2747 τὸν
1209 2720 1324 2755 πένητα,
1341 2720 1388 2747 καὶ
1401 2718 1525 2746 δέδεκται
1537 2720 1555 2753 ἡ
1569 2719 1672 2755 δέησις.
1689 2719 1718 2745 '0
1726 2719 1781 2754 γὰρ
1791 2718 1935 2752 ἐπιστάμε-

1149 2774 1193 2798 νος
1205 2766 1239 2793 τὰ
1257 2765 1400 2802 ἀπόρρητα
1415 2765 1464 2800 τῆς
1482 2765 1602 2797 διανοίας
1623 2765 1750 2799 ἑκάστου,
1765 2765 1780 2791 ὁ
1795 2765 1936 2792 τὰοπάντσ

1149 2813 1279 2848 ἐπιγνοὺς
1295 2813 1357 2849 πρὶν
1370 2812 1514 2848 γενέσεως,
1531 2810 1602 2840 οἶδεν
1617 2812 1658 2840 ὅτι
1680 2812 1706 2839 εί
1724 2809 1807 2848 εἶχες,
1823 2812 1934 2842 ἐδίδους.
