2073 3112
281 133 345 166 1511

863 130 894 160 S.
914 129 1036 160 JOANN
1039 129 1075 159 IS
1094 130 1312 161 DAMASCENI

1849 131 1920 165 1512

278 197 345 227 quot
363 196 495 226 pauperes
516 187 665 217 fraudavit!
686 185 742 214 Nec
756 186 823 214 mihi
839 185 917 214 dicas
934 194 940 213 :
961 185 1064 214 Consul

1118 187 1212 219 κακῶς
1230 187 1428 223 κεχρημένους.
1452 188 1490 216 Οὐ
1515 189 1571 225 γὰρ
1592 189 1678 216 κακὸν
1705 189 1737 216 ’τὺ
1767 189 1915 217 πλουτεῖν·

279 246 357 271 sum;
373 237 520 272 praefectus
546 242 620 263 sum.
653 233 825 269 Dignitatem
848 240 904 260 non
929 239 1074 268 agnosco;

1129 234 1155 260 εῐ
1169 241 1195 260 τι
1218 234 1272 270 γὰρ
1287 235 1414 270 ἐποίησεν
1429 236 1444 262 ό
1457 234 1524 265 Θεὸς
1549 235 1620 262 καλὰ
1634 235 1707 263 λίαν.

278 285 390 313 divitias
413 292 468 311 non
501 282 649 315 criminor;
677 283 724 309 sed
743 288 792 309 eos
807 280 855 315 qui
877 280 949 308 male
971 280 1006 308 iis
1026 280 1070 308 usi
1083 285 1159 308 sunt.
1180 280 1242 309 Non
1263 282 1338 309 enim
1352 281 1433 310 uiuite
1447 282 1554 310 divitia
1578 287 1654 311 sunt.
1675 283 1774 310 Omnia
1802 284 1915 320 quippe,

278 339 340 367 quae
355 331 426 357 Deus
440 329 515 359 fecit,
534 328 615 355 valde
630 327 702 354 bona
714 329 780 353 sunt
795 324 872 360 (Con.
891 332 910 357 I,
929 324 987 358 51).

313 374 440 411 Ejusdem
455 375 482 401 in
494 373 574 401 Psal.
601 379 699 399 nun.
713 386 748 391 —
763 370 879 405 Propter
893 377 961 405 opes
980 369 1068 396 libera

278 423 415 451 elementa
439 419 596 448 vendimus.
615 417 675 444 Viis
704 416 887 451 imponuntur
913 414 1068 450 vectigalia,

279 475 357 503 aqua:
367 466 492 495 dominio
505 466 615 500 parent,
630 470 677 490 aer
692 461 804 489 tributis
830 459 994 495 subjicitur.
1008 459 1071 486 ἰ’τὶ-

277 515 408 542 butorum
425 515 582 543 coactores,
592 513 618 538 et
632 507 765 544 praefecti,
776 513 809 534 ac
826 506 965 542 publicani
986 506 1069 533 urbes

277 564 389 588 vexant.
420 557 501 585 Curis
531 556 633 583 divites
671 552 869 585 coniiciuntur,
899 551 1069 588 feneratores

277 602 465 634 sollicitudine
495 601 721 632 contabescunt,
752 602 880 633 raptores
921 597 1065 624 hominum

277 650 441 687 perturbant
472 648 567 679 vitam,
587 645 665 673 avari
689 644 839 672 tribunalia
864 647 968 676 terunt,
985 650 1067 679 syco-

278 699 387 733 phantae
402 695 502 722 falsum
535 692 705 725 divendunt;
722 696 845 728 quaestus
869 690 963 725 cupidi
980 696 1066 725 nego-

277 743 391 769 tiatores
408 748 442 768 ex
462 739 580 766 aliorum
607 737 814 766 calamitatibus
841 736 988 764 commoda
1019 740 1066 763 tua

276 791 455 822 comparant;
473 789 569 812 mutuo
583 784 742 812 mentiendo
763 782 962 818 jusjurandum
985 789 1067 809 onme

276 833 512 868 consumpsimus,
524 831 572 866 qui
591 831 676 858 Deum
692 829 827 857 duntaxat
842 829 876 856 ad
889 828 1068 863 dejcrandum

1156 369 1207 396 Διὰ
1217 370 1392 406 τὰχρήματα
1415 370 1451 397 τὰ
1474 371 1607 407 ἐλεύθερα
1623 373 1744 407 στοιχεῖα
1768 374 1914 408 πεπράκα-

1122 423 1183 449 μεν.
1197 416 1230 442 Δί
1240 415 1295 443 ὁδοὶ
1308 416 1489 444 τελωνοῦνται
1501 425 1508 432 ·
1525 417 1560 444 τὰ
1583 417 1669 445 ὕδατα
1687 418 1897 448 δεσποτεύονται

1119 461 1134 487 ὀ
1149 461 1204 496 ἀὴρ
1219 463 1324 496 φωναῖς
1335 462 1530 490 ὑποϐάλλεται.
1559 463 1717 498 Πολυλόγοι,
1733 465 1780 491 καὶ
1802 467 1916 499 φορολό-

1120 515 1173 541 γοι,
1191 508 1239 534 καὶ
1256 507 1384 541 τελῶναι,
1412 508 1461 540 τὰς
1477 509 1569 541 πόλεις
1591 509 1760 545 συνέχουσιν.
1784 510 1817 538 Οί
1837 512 1921 539 πλού-

1122 561 1175 580 σιοι
1189 554 1249 585 ταῖς
1279 554 1420 589 φροντίσιν
1442 555 1618 586 ὲκτήκονται·
1637 556 1663 582 oi
1690 556 1828 584 δανεισταὶ
1853 560 1915 590 ταῖς

1122 599 1269 634 μερίμναις
1284 600 1463 635 μαραίνονται
1473 609 1481 616 ’
1497 602 1522 627 οἱ
1537 601 1662 636 ἅρπαγες
1681 603 1727 629 τὸν
1744 603 1801 638 βίον
1812 605 1915 640 ταράσ-

1121 652 1214 671 σουσιν
1226 652 1232 658 ”
1244 645 1268 671 οἱ
1282 645 1481 681 φιλοχρήματοι
1492 645 1527 672 τὰ
1546 647 1710 683 δικαστήρια
1732 650 1915 684 κατατρίὸου-

1121 697 1163 716 σιν
1173 698 1180 704 ·
1195 690 1220 716 οἱ
1236 690 1403 724 συκοφάνται
1414 691 1444 717 τὸ
1457 690 1556 725 ψεῦδος
1569 693 1771 728 πιπράσκουσιν
1780 696 1819 721 ὀἱ
1834 696 1914 731 κερδ-

1119 734 1240 770 έμποροι,
1260 736 1311 767 τὰς
1333 736 1475 772 συμφορὰς
1496 739 1756 773 πραγματεύονται,
1783 741 1914 776 ἀλλήλους

1117 780 1279 816 ψευδόμενοι
1292 782 1355 814 τοὺς
1367 782 1466 818 ὅρκους
1486 783 1678 819 ἀνηλώσαμεν,
1696 786 1737 817 είς
1757 786 1787 813 τὸ
1803 787 1914 822 ὀμνύειν

1123 827 1205 861 μόνον
1218 827 1262 855 τὸν
1279 827 1346 855 Θεὸν
1375 829 1563 865 ἐπιστάμενοι.
1582 830 1614 857 Ἦ
1627 831 1664 866 γῆ
1678 831 1770 859 λοιπον
1792 833 1827 859 τὰ
1841 834 1915 860 κακὰ

278 886 438 906 noscamus.
467 877 553 904 Terra
574 876 631 911 jam
650 879 690 903 tot
706 874 849 911 gestandis
869 874 950 901 malis
982 873 1067 908 impar

1122 874 1270 909 βαστάζειν
1288 875 1320 901 οὐ
1352 875 1474 904 δύναται,
1511 876 1540 903 '0
1555 877 1609 912 ἀὴρ
1634 877 1731 914 μέχρις
1754 879 1837 906 αὑτοῦ
1865 880 1913 907 τοῦ

277 930 330 954 est.
345 925 399 952 Aer
417 923 450 951 ad
461 922 591 950 aetherem
607 929 695 957 usque
711 920 917 949 contaminatus
937 922 989 947 est.
1000 918 1068 946 Cum

276 972 370 1006 itaque
390 971 417 997 in
435 969 515 997 malis
537 975 635 996 omnes
661 975 713 995 nos
731 966 864 995 concitati
890 966 989 999 simus,
1005 972 1070 1001 pro-

275 1018 357 1053 pheta
374 1016 458 1045 vitam
471 1016 620 1043 humanam
640 1013 843 1050 parvipendens
855 1012 956 1040 clamat
983 1019 990 1038 :
1022 1010 1069 1038 Ve-

212 1062 219 1067 ’
276 1067 427 1090 rumtamen
453 1069 518 1089 vane
549 1059 726 1088 conturbatur
752 1059 838 1086 annuis
860 1059 939 1085 homo
970 1057 1068 1094 uiuens.

276 1107 366 1145 (Prol.
382 1115 509 1139 “nun,
527 1105 583 1141 12).
603 1104 692 1132 Homo
708 1104 795 1136 solus,
814 1110 830 1131 ο
841 1103 987 1139 propheta,
1004 1109 1071 1129 con-

275 1153 427 1181 turbatur?
457 1151 604 1180 rationalis
629 1151 765 1178 duntaxat
789 1149 836 1177 illa
860 1154 959 1176 natura
977 1154 1071 1183 reprc-

276 1199 426 1226 henditur?
445 1197 559 1225 Nihilne
585 1196 662 1224 aliud
685 1195 759 1232 quod
791 1194 995 1230 perturbationi
1018 1193 1070 1220 ob-

275 1244 389 1271 noxium
403 1242 449 1276 sit,
463 1242 534 1270 inter
545 1241 639 1269 omnia
668 1240 818 1268 animantia
839 1239 967 1276 reperisti
978 1239 990 1265 2
1002 1237 1070 1266 Pro-

274 1291 349 1319 fecto
364 1289 488 1326 quidem,
505 1288 611 1324 inquit,
639 1287 788 1314 turbantur
807 1287 892 1314 etiam
910 1292 1006 1321 aquas;
1021 1284 1070 1312 scd

274 1344 374 1365 rursus
391 1335 591 1371 tranquillitati
616 1334 813 1362 restituuntur.
831 1332 918 1360 Terra
945 1337 1070 1359 commo-

276 1387 376 1417 vetur;
397 1382 447 1410 sed
471 1385 567 1417 postea
579 1379 717 1408 firmatur.
740 1379 887 1406 Moventur
908 1378 1002 1411 venti;
1021 1377 1070 1406 sed

274 1436 387 1457 rursum
406 1429 618 1462 conquiescunt.
639 1425 859 1453 Tumultuantur
876 1424 942 1452 ferae
956 1431 1068 1456 omnes;

275 1479 304 1501 at
320 1473 366 1501 ubi
386 1473 495 1502 satiatae
517 1476 592 1504 sunt,
622 1478 685 1499 sese
713 1473 905 1505 compescunt.
922 1469 1070 1496 Excitatur

1120 920 1229 956 αἰθέρος
1245 920 1420 956 μεμόλυνται.
1437 921 1516 948 Οὕτω
1528 922 1560 957 δὴ
1572 922 1681 950 πάντων
1693 924 1721 949 ὲν
1733 925 1828 956 κακοῖς
1835 933 1913 952 σεσο-

1120 964 1249 1000 ϐημένων
1274 965 1363 1001 ἡμῶν,
1388 967 1402 993 ὁ
1422 968 1567 1003 προφήτης
1590 968 1637 995 τὸν
1653 968 1710 1003 βίον
1725 969 1914 1006 ἐκπτυόμενος

1121 1010 1171 1047 βοᾷ
1184 1011 1272 1046 λέγων
1284 1020 1292 1027 ο
1306 1011 1396 1047 Πλὴν
1403 1012 1505 1048 μάτην
1519 1014 1702 1048 ταράσσεται
1719 1015 1779 1049 πᾶς
1799 1016 1913 1051 ἄνθρω-

1120 1063 1177 1090 πος
1188 1056 1254 1087 ζῶν.
1271 1058 1435 1093 Ἀνθρωπος
1457 1059 1548 1094 μόνον,
1566 1057 1589 1087 ὧ
1613 1061 1741 1096 προφῆτα
1754 1083 1761 1095 ,
1777 1062 1914 1098 ταράσσε-

1119 1109 1165 1128 ται
1179 1108 1186 1134 ;
1204 1102 1330 1138 ἢλογικὴ
1345 1103 1425 1138 μόνον
1453 1103 1552 1137 πλάσις
1573 1107 1780 1141 κατηγορεῖται,
1805 1105 1827 1134 ὧ
1843 1116 1913 1144 προ-

1120 1146 1211 1182 φῆτα;
1228 1147 1311 1174 Οὐδὲν
1327 1147 1420 1183 ἕτερον
1431 1149 1486 1176 τῶν
1499 1150 1529 1177 ὲν
1553 1150 1635 1182 ζώοις
1649 1153 1854 1188 ταρασσόμενον
1868 1151 1915 1180 εὗ-

1121 1201 1183 1229 ρες;
1200 1193 1266 1226 Ναὶ,
1273 1194 1451 1229 ταράσσεται,
1465 1196 1543 1231 φησὶ,
1557 1197 1604 1223 καὶ
1618 1197 1652 1224 τὰ
1664 1197 1758 1231 ὕδατα,
1772 1201 1820 1225 καὶ
1830 1200 1913 1227 πάλιν

1120 1239 1351 1268 ἀποκαθίσταται.
1377 1240 1553 1278 Σαλεύεταιή
1569 1243 1616 1278 γῆ,
1634 1244 1682 1270 καὶ¹
1704 1245 1787 1272 πάλιν
1803 1246 1914 1282 ἑδράζε-

1119 1293 1175 1312 ται.
1203 1285 1350 1313 Κινοῦνται
1371 1287 1397 1314 oi
1429 1287 1537 1323 ἄνεμοι,
1565 1289 1613 1316 καὶ
1633 1290 1716 1318 πάλιν
1732 1292 1912 1327 ἡσυχάζουσι.

1119 1331 1282 1368 Θοδυρεῖται
1294 1335 1349 1359 πᾶν
1372 1333 1478 1369 θηρίον,
1508 1334 1555 1362 καὶ
1572 1337 1769 1373 κορεννύμενον
1782 1339 1913 1366 παύεται.

1120 1378 1290 1414 Διεγείρεται
1304 1379 1380 1414 φλὸξ,
1396 1381 1445 1408 καὶ¹
1457 1381 1507 1417 τὴν
1521 1382 1706 1420 ὑποκειμένην
1726 1384 1793 1420 ὕλην
1807 1386 1915 1413 ἀναλώ-

1121 1432 1193 1452 σασα
1222 1425 1366 1453 σὸέννυται
1380 1435 1388 1443 ο
1419 1426 1564 1463 ἄνθρωπος
1590 1429 1619 1456 δὲ
1644 1431 1851 1466 ταρασσόμενος
1867 1433 1915 1460 ἐπὶ

1120 1471 1245 1506 χρήμασι
1264 1472 1393 1500 οὐδέποτε
1423 1473 1659 1503 παύεται.”Ελα6ε
1673 1476 1765 1510 τοῦτο,
1785 1478 1915 1515 καὶπρὸς

275 1520 404 1554 flamma;
423 1525 522 1546 verum
551 1518 698 1552 absumpta
720 1517 836 1544 materia
855 1524 917 1552 quae
940 1515 1067 1550 subjecta

1120 1516 1213 1552 ἕτερον
1237 1518 1399 1546 ἀποϐλέπει.
1419 1519 1587 1556 Ἐκράτησεν
1616 1522 1716 1554 έκεῖνο,
1734 1522 1782 1550 καὶ
1800 1524 1914 1558 προσέτι

277 1567 380 1599 fuerat,
395 1564 597 1600 exstinguitur.
613 1563 702 1591 Homo
716 1571 794 1596 vero,
806 1563 853 1590 ubi
882 1563 1066 1599 pecuniarum

1119 1563 1244 1599 κέχηνεν.
1257 1564 1298 1591 Τὰ
1312 1565 1410 1592 ἑκατὸν
1430 1566 1618 1600 διπλασιάζειν
1644 1569 1799 1603 ἐπείγεται,
1817 1557 1865 1597 καὶ
1879 1571 1914 1598 τὰ

276 1620 362 1641 causa
394 1611 589 1643 conturbatur,
615 1617 757 1645 nunquam
785 1609 916 1644 quiescit.
941 1608 994 1637 Ubi
1016 1608 1067 1636 hoc

1118 1609 1366 1636 διαπλασιασθέντα
1395 1610 1478 1638 πάλιν
1496 1612 1725 1646 δεκαπλασιιπειν
1740 1614 1912 1650 φιλονεικῶν,

276 1659 396 1693 accepit,
412 1657 445 1685 ad
462 1656 530 1684 illud
547 1655 664 1691 coniicit
678 1655 786 1683 oculos.
806 1655 836 1682 Si
853 1654 921 1682 illud
937 1654 1067 1686 tenuerit,

1119 1655 1167 1682 ἐπὶ
1181 1655 1319 1687 τοσούτοις
1330 1653 1410 1688 αὖθις
1437 1657 1556 1684 τοσαῦτα
1569 1658 1703 1694 σωρεύειν
1724 1660 1913 1695 ἐπειγόμενος,

276 1705 460 1732 aliisrursus
489 1702 592 1730 inhiat.
621 1701 738 1730 Centum
752 1701 896 1736 duplicare
922 1700 1025 1734 studet,
1041 1703 1067 1728 et

1121 1701 1168 1728 καὶ
1190 1701 1322 1729 οὐδέποτε
1339 1702 1469 1737 σωρεύων
1484 1703 1612 1736 παύεται,
1631 1704 1685 1737 ἕως
1697 1705 1728 1732 τὸ
1743 1705 1824 1737 τέλος
1831 1706 1914 1734 αὑτοῦ

277 1748 474 1783 conduplicata
506 1747 626 1782 decuplo
657 1746 763 1781 majora
790 1746 885 1774 facere
911 1744 1067 1777 contendit,

1120 1747 1257 1782 σωρευθῇ.
1275 1747 1432 1780 Κατάδικός
1448 1749 1518 1782 ἐστι,
1532 1749 1572 1785 τῷ
1587 1750 1698 1786 πυρετῷ
1713 1751 1765 1786 τῆς
1780 1751 1914 1787 φιλαργυ-

277 1800 361 1831 atque
373 1796 416 1823 his
426 1795 480 1822 alia
496 1794 610 1822 totidem
625 1800 768 1829 asserere.
783 1792 878 1829 Neque
887 1799 1009 1828 unquam
1020 1799 1067 1819 oa-

1121 1791 1182 1826 ρίας
1195 1793 1385 1828 συνεχόμενος,
1398 1793 1553 1830 ὡχρότερος
1565 1796 1614 1822 τοῦ
1629 1796 1743 1830 χρυσίου
1764 1797 1914 1833 περιέρχε-

265 1841 401 1869 mulandi
420 1840 502 1868 ﬁnem
515 1839 593 1872 facit,
609 1838 700 1874 quoad
712 1838 802 1874 ipsius
818 1838 881 1865 vita:
891 1837 954 1866 nnis
969 1837 1005 1865 sit
1019 1844 1067 1864 cu-

1118 1846 1175 1871 ται,
1191 1838 1236 1866 διὰ
1246 1839 1292 1866 τὸν
1307 1839 1497 1876 πολυπόθητον
1512 1840 1639 1875 πλοῦτον,
1659 1841 1706 1868 τὸν
1729 1841 1860 1869 ἀϐέϐαιον
1870 1843 1915 1877 φί-

276 1887 409 1915 mulatus.
437 1885 616 1912 Damnationi
647 1884 788 1912 obnoxius
813 1883 923 1919 estqui
944 1882 1067 1910 avaritiae

1120 1883 1175 1917 λον,
1192 1883 1308 1912 πλοῦτον
1339 1884 1384 1912 τὸν
1414 1885 1529 1913 ἄπιστον
1555 1885 1690 1919 σύνοικον,
1707 1887 1754 1914 τὸν
1769 1888 1915 1915 ἐπίϐουλον

277 1935 355 1963 febre
373 1932 534 1968 corripitur.
568 1932 643 1959 Auro
667 1931 730 1966 ipso
760 1930 863 1958 fulvior
883 1934 912 1958 et
937 1933 1067 1957 arcuatus

1120 1929 1212 1963 πόθον,
1228 1929 1274 1958 τὸν
1287 1930 1473 1958 ὑποδέσποτον
1489 1932 1658 1967 ὲμπαίκτην,
1672 1932 1718 1960 τὸν
1728 1933 1915 1968 πολυέραστον

276 1979 449 2010 obambulat,
465 1981 578 2013 propter
591 1976 704 2005 divitias
718 1983 837 2012 quarum
852 1975 938 2003 nimis
950 1975 1069 2011 cupidus

277 2030 320 2054 est
332 2034 340 2059 ;
351 2027 386 2053 ob
401 2024 524 2056 divitias,
540 2024 665 2059 inquam,
684 2023 821 2051 incertum
838 2022 915 2050 illum
935 2023 1068 2056 amicum,

276 2072 391 2100 infidum
408 2070 645 2104 contubernalem,
661 2069 828 2097 insidiosum
840 2068 988 2102 amasium,
1006 2076 1069 2097 ser-

274 2125 338 2146 Vum
351 2118 504 2150 illusorem,
514 2116 728 2144 dilectissimum
740 2115 897 2148 irrisorem,
910 2118 1068 2150 proruptum

275 2166 465 2200 migratorem,
493 2163 598 2190 alatum
626 2162 767 2197 captivum
784 2169 792 2195 ;
810 2165 923 2197 propter
941 2161 1068 2194 divitias,

273 2218 337 2247 quae
345 2209 420 2237 omni
434 2215 570 2237 nocturno
581 2211 691 2244 spectro
707 2207 827 2235 leviores
836 2210 912 2239 sunt,
925 2214 988 2242 quae
995 2206 1066 2234 bella

274 2257 398 2292 pariunt,
411 2263 473 2290 quae
489 2254 564 2282 omni
576 2261 626 2289 spe
633 2253 753 2281 celerius
762 2252 883 2288 fugiunt,
896 2259 957 2287 quae
968 2256 1067 2280 ventus

275 2301 424 2335 sunt,dum
440 2304 552 2328 tenetur
564 2299 785 2332 avolans,lnxus
803 2298 894 2326 onmis
902 2301 930 2326 et
939 2297 1068 2333 nequitiae

273 2351 416 2385 parentes,
428 2346 642 2382 intemperantia
651 2345 743 2374 omnis
758 2350 785 2373 et
798 2345 924 2373 libidinis
933 2349 1066 2380 patrona,

274 2394 379 2422 nullius
392 2400 448 2421 non
465 2392 526 2419 vitii
540 2391 719 2424 inventrices,
733 2391 915 2418 exitiosarnm
931 2398 1067 2426 quarum-

275 2447 385 2475 cunque
397 2438 561 2467 deliciarum
582 2437 745 2473 adjutrices,
761 2437 940 2466 continentiae
960 2437 1066 2470 hostes,

268 2485 416 2522 pudicitia
428 2484 606 2517 adversaria,
621 2488 651 2511 et
660 2483 842 2511 clandestinae
855 2483 942 2510 totius
956 2483 1067 2511 virtutis

275 2531 361 2558 iures.
376 2529 447 2563 Quid
466 2535 542 2562 vero,
553 2529 666 2557 divitias
681 2528 815 2557 divitibus
826 2528 961 2562 dimissis,
972 2528 1067 2556 crimi-

274 2576 347 2602 nor?
357 2575 415 2602 imo
428 2582 492 2602 cum
508 2575 576 2610 ipsis
591 2581 703 2610 quoque
719 2574 827 2602 divitiis
842 2574 946 2609 injuste
960 2575 1065 2610 agitur,

274 2625 371 2656 utpote
376 2622 544 2657 quaevinctae
553 2621 649 2649 abillis
656 2625 683 2648 et
690 2621 851 2648 constricta:
858 2625 1018 2649 teneantur:
1028 2625 1067 2649 at-

272 2665 357 2702 m
371 2674 426 2701 que
447 2666 518 2694 adeo
536 2666 609 2693 hanc
631 2673 729 2694 vocem
742 2666 777 2694 ad
797 2673 845 2694 eos
858 2667 970 2694 mittere
994 2667 1064 2694 mihi

273 2712 406 2740 videntur
421 2722 428 2740 :
445 2712 517 2746 Quid
541 2721 606 2746 nos,
621 2720 638 2740 o
657 2713 745 2745 avari,
762 2713 920 2741 coercetis?
932 2714 1000 2749 quid
1014 2721 1066 2742 nos

274 2762 406 2792 tanquam
427 2758 574 2793 fugitivum
603 2759 785 2794 mancipium,
802 2759 943 2788 sexcentis
967 2760 1065 2787 vincu-

273 2803 309 2830 lis
325 2803 539 2840 constringitis?
552 2812 567 2832 a
591 2805 710 2833 metallis
727 2805 761 2832 ad
791 2806 913 2839 metalla,
945 2806 1064 2842 indeque

271 2848 304 2877 in
325 2854 553 2880 marrusmestras
574 2852 777 2882 transmittitis.
793 2853 845 2882 Per
860 2861 911 2882 vos
935 2853 1017 2882 nobis
1030 2854 1064 2882 li-

1120 1975 1282 2012 χλιυαστὴν,
1298 1977 1344 2003 τὸν
1371 1977 1481 2012 ἕτοιμον
1508 1978 1679 2014 μεταεὰτην,
1697 1979 1743 2006 τὸν
1759 1979 1914 2015 ὑπόπτερον

1120 2022 1243 2057 δέσμιον,
1254 2023 1302 2050 τὸν
1315 2023 1405 2058 πάσης
1419 2023 1534 2059 ὀνείρων
1563 2025 1716 2059 φαντασίας
1736 2025 1913 2061 κουφότερον,

1119 2068 1166 2095 τὺν
1179 2068 1373 2105 πολεμοποιὸν,
1386 2070 1433 2097 τὸν
1448 2070 1539 2106 πάσης
1554 2071 1663 2102 ἐλπίδος
1686 2071 1826 2107 ὀξυτέρως
1845 2073 1914 2106 φεύ-

1120 2122 1214 2149 γοντα,
1227 2115 1273 2142 τὸν
1299 2116 1328 2143 ὲν
1344 2116 1385 2150 τῷ
1408 2116 1570 2152 κρατεῖσθαι
1591 2117 1785 2152 ἀφιπτάμενον
1798 2118 1913 2153 ἄνεμον,

1120 2159 1237 2187 πλοῦτον
1254 2161 1299 2188 τὸν
1326 2161 1418 2197 πάσης
1448 2162 1570 2194 ἀσωτίας
1599 2163 1752 2199 γεννήτορα
1764 2163 1809 2190 τὸν
1821 2164 1914 2199 πάσης

1119 2205 1269 2239 ἀκολασίας
1297 2208 1457 2243 συνήγορον,
1482 2208 1529 2236 τὸν
1551 2208 1645 2244 πάσης
1666 2209 1768 2241 κακίας
1785 2210 1914 2245 εὑρέτην,

1118 2251 1164 2278 τὸν
1186 2252 1318 2287 συνεργὸν
1343 2253 1435 2288 πάσης
1448 2253 1621 2290 ψυχοφθόρου
1646 2256 1762 2290 τροφῆς,
1777 2255 1825 2282 τὸν
1836 2256 1914 2282 ἀντί-

1118 2298 1204 2326 παλον
1217 2300 1268 2335 τῆς
1299 2300 1477 2336 ἐγκρατείας,
1493 2301 1540 2328 τὸν
1554 2302 1686 2337 πολέμιον
1697 2302 1749 2337 τῆς
1768 2303 1914 2338 σωφροσὺ-

1118 2354 1178 2381 νης,
1193 2345 1239 2372 τὸν
1254 2346 1347 2382 πάσης
1373 2346 1475 2382 ἀρετῆς
1489 2347 1656 2375 λανθάνοντα
1680 2348 1813 2383 κλέπτην.
1831 2349 1914 2375 Ἀλλὰ

1116 2390 1155 2425 τί,
1171 2392 1249 2426 φησὶ,
1268 2392 1406 2419 διαϐάλλω
1428 2392 1474 2419 τὸν
1496 2392 1614 2420 πλοῦτον
1635 2394 1699 2425 τοὺς
1722 2395 1913 2429 κεκτημένους

1116 2437 1361 2471 ἀφείς;ὰδικετται
1388 2439 1437 2467 καὶ
1463 2439 1545 2472 αὐτὸς
1559 2441 1574 2466 ό
1587 2439 1715 2473 πλοῦτος,
1737 2440 1851 2476 δέσμιος
1865 2441 1914 2468 ὑπ’

1116 2483 1208 2511 αὐτῶν
1233 2484 1281 2510 καὶ
1304 2484 1498 2520 πεπηδημένος
1525 2485 1722 2521 κατεχόμενος.
1751 2485 1844 2513 Ἔοικέ
1867 2495 1913 2522 μοι

1117 2529 1185 2565 πρὸς
1193 2529 1291 2562 αὐτοὺς
1305 2530 1434 2566 τοιαύτην
1441 2531 1550 2566 ἀφιέναι
1562 2532 1656 2567 φωνήν
1667 2539 1675 2548 ·
1688 2532 1721 2558 Τί
1733 2540 1767 2567 με
1774 2533 1820 2559 τὸν
1830 2533 1911 2560 πλοῦ-

1116 2583 1174 2606 τον,
1186 2572 1209 2602 ὧ
1221 2575 1434 2611 φιλοχρήμονςς,
1463 2576 1660 2612 συμποδίζετες
1679 2577 1706 2604 τί
1727 2586 1761 2613 με
1782 2578 1911 2614 καθάπερ

1115 2622 1255 2658 δραπέτην
1267 2623 1375 2659 μυρίοις
1386 2623 1497 2658 δεσμοῖς
1506 2624 1703 2659 περισφίγγετι
1718 2633 1726 2657 ;
1740 2624 1794 2651 ἀπὺ
1811 2625 1911 2660 μετάλ-

1116 2666 1169 2693 λων
1184 2667 1224 2698 είς
1238 2667 1369 2702 μέταλλα,
1383 2669 1423 2700 εις
1435 2667 1486 2700 τὰς
1499 2669 1675 2704 ὑμῶνχείρας
1685 2669 1892 2705 παραπέμπετε
1905 2679 1914 2704 ;

1115 2714 1141 2740 εἰ
1168 2713 1260 2741 θέλετέ
1284 2723 1318 2750 με
1344 2716 1397 2742 κᾶν
1427 2715 1525 2751 μικρὸν
1552 2717 1594 2747 είς
1619 2717 1650 2743 τὸ
1674 2717 1734 2751 φῶς
1750 2717 1915 2756 ἀνανεῦσαι⁷

1114 2760 1215 2787 ὶάσατέ
1241 2769 1274 2795 με
1302 2761 1356 2788 κᾶν
1375 2762 1475 2797 μικρὸν
1485 2763 1525 2794 είς
1537 2762 1587 2794 τὰς
1601 2763 1657 2789 τῶν
1676 2764 1802 2799 πενήτων
1820 2764 1910 2797 δεξιὰς

1118 2808 1269 2843 μεταὸῆναι
1295 2808 1485 2842 ἐπειγόμενον.
1506 2807 1598 2840 Ἀλλὰ,
1627 2808 1706 2843 φησὶ,
1727 2809 1835 2840 τέκνοις
1850 2818 1910 2836 συν-

1116 2854 1176 2889 άγω
1190 2854 1236 2882 τὸν
1250 2854 1399 2890 θησαυρὺν,
1415 2852 1457 2879 ἵνα
1468 2852 1508 2889 μὴ
1522 2852 1618 2886 πενίας
1629 2853 1763 2888 γένωνται
1781 2853 1911 2889 κληρονό-
