2073 3112
188 110 256 145 1513

806 108 928 139 SACRA
946 90 1181 137 PAMLLELA.

189 177 245 204 μοι.
260 167 369 200 Καλῶς,
391 162 643 201 [πολυφάνταστος
666 163 793 195 πλούσιος
807 163 840 189 τὰ
855 161 977 197 παρόντα

1030 163 1092 186 ccat
1108 159 1150 186 vel
1164 158 1304 186 tantillum
1317 159 1407 187 lucem
1433 160 1548 188 intueri.
1568 160 1656 190 Sinite
1671 162 1705 189 ad
1723 170 1827 198 paupe-

186 215 237 241 οὑκ
251 211 317 246 οῐδε,
334 213 381 240 καὶ
395 212 460 247 περὶ
470 211 525 238 τῶν
537 211 690 247 μελλόντων
700 208 851 245 φροντίζει.
865 207 907 233 Τὰ
920 206 981 232 κατ’

187 260 270 287 αὑτὸν
286 259 390 293 ἀγνοεῖ,
403 258 451 285 καὶ
473 257 508 285 τὰ
535 257 597 293 περὶ
614 257 670 283 τῶν
692 256 797 282 τέκνων
805 252 921 289 ψηφίζει
934 259 942 266 ·
957 251 982 278 εἰ

187 304 331 336 θάπτεται,
346 303 397 330 οὐκ
415 303 574 336 ἐπίσταται,
586 300 706 336 καὶπερὶ
722 299 901 335 κληρονόμων
920 297 983 332 βου-

191 349 311 376 λεύεται.
329 348 443 383 Ἀφρον,
468 348 529 375 εἰπέ
544 342 546 344 ’
559 350 605 383 μοι
631 346 662 373 τδ
692 345 738 372 σὺν
752 345 840 377 τέλος,
857 343 903 370 καὶ
921 343 983 370 τότε

188 394 316 430 περὶτῶν
330 394 434 420 τέκνων
448 392 609 427 ἀσφάλισαι.
629 392 697 419 Εἰπέ
714 400 760 427 μοι
782 391 816 418 τὰ
833 391 884 425 τῆς
896 389 983 424 σήμε-

189 449 253 476 ρον,
286 440 334 466 καὶ
361 440 422 466 τότε
449 447 492 466 σοι
521 439 661 466 πιστεύσω
683 438 719 465 τὰ
739 438 788 473 τῆς
813 436 918 472 αὔριον.
950 435 983 462 Τί

188 486 303 519 σεαυτὸν
318 486 365 513 καὶ
379 485 449 521 μετὰ
471 485 587 513 θάνατον
612 484 738 520 ἀπατᾷς;
761 483 787 510 τί
809 482 898 514 θέλεις
912 479 983 508 εἴναι

188 531 284 567 νεκρὸς
304 528 529 567 χλευαξὸμενοςς
562 530 595 557 Τί
618 529 748 565 διορίζεις
778 527 826 555 τοῦ
853 526 922 554 Θεοῦ
948 527 983 553 τά

188 578 315 614 πρακτέα
326 586 334 611 ς
346 578 371 604 τί
385 577 545 613 νομοθετεῖς
560 578 611 613 τὴν
623 576 753 612 πρόνοιαν
765 584 773 609 ;
791 575 833 602 Τὰ
852 575 895 601 σοὶ
909 573 983 601 δεδο-

190 627 270 661 μένα,
286 626 355 654 αὐτὰ
369 626 499 662 μερίμνα.
521 625 605 652 Οὐδὲν
624 624 694 661 πρὸς
710 624 740 651 σὲ
764 623 831 659 περὶ
846 622 901 649 τῶν
914 623 983 658 μετὰ

188 673 229 699 σέ.
245 672 282 699 Οὐ
293 672 406 700 δύνασαι
421 673 469 700 καὶ
480 672 578 707 νεκρὸς
598 669 678 703 εἶναι,
695 670 743 698 καὶ
759 668 896 704 διοικέτης
919 668 983 700 ζών-

187 727 251 747 των.
265 718 360 750 Οὐδεὶς
370 718 425 745 τῶν
436 719 465 744 ὲν
472 718 537 754 ᾅδου
547 717 604 744 τῶν
619 716 690 752 ὑπὲρ
703 717 756 751 γῆς
770 714 981 750 ἐπετρόπευσεν.

188 763 235 797 Εἷς
251 766 326 792 ἐστιν
339 766 353 791 ὁ
363 764 475 797 ζώντων
489 765 537 791 καὶ
548 764 654 799 νεκρῶν
666 763 773 798 κριτὴς,
789 762 837 789 καὶ
851 761 983 796 ζυγοστα-

187 812 242 839 *ὦν
261 812 378 839 ἑκάστου
404 812 435 839 τὸ
451 811 565 838 δίκαιον.
584 808 758 844 Θησαυρίζει
778 807 844 843 γὰρ,
865 807 948 842 φησὶν
969 807 984 833 ό

187 858 344 894 προφήτης,
359 857 409 884 καί
421 857 457 883 οὐ
475 855 615 891 γινώσκει
631 855 690 882 τίνι
704 853 831 888 συνάγει
848 852 935 881 αὑτά.
947 852 981 878 Τί

187 904 242 931 τῶν
254 904 380 939 πενήτων
394 902 433 934 ὡς
445 901 573 937 ὀρφανῶν
584 900 785 936 κατατρέχεις;
804 898 831 925 τί
850 897 979 933 αἰτούμε-

188 958 232 981 νος
245 949 312 984 παρ’
323 948 412 975 αὐτῶν
425 947 601 982 ἀγανακτεῖς,
623 946 661 979 ὡς
688 944 794 973 οἴκοθεν
813 943 978 975 ἀναλίσκων;

187 995 229 1022 Τὰ
240 994 354 1031 πατρῷα
379 994 514 1027 θέλουσιν,
539 993 600 1028 οὐχὶ
623 992 657 1019 τὰ
677 991 731 1019 σά”
747 990 782 1018 τὰ
798 988 979 1017 πιστευθέντα

189 1050 230 1068 σοι
245 1041 279 1068 δι’
292 1041 403 1073 αὐτοὺς,
433 1040 480 1068 καὶ
506 1039 568 1075 οὐχὶ
585 1038 655 1075 μετὰ
682 1037 730 1065 σοῦ
752 1036 930 1072 γεννηθέντα.
944 1035 978 1061 ’Δ

187 1087 295 1119 ἔλαϐες.
307 1087 362 1121 δὸς,
377 1087 426 1114 καὶ
452 1086 502 1121 τὴν
531 1085 629 1122 χρῆσιν
644 1084 786 1120 κέρδανον.
813 1083 907 1118 ’Λρκεῖ
923 1090 976 1114 σοι,

186 1134 228 1160 ὅτι
239 1133 350 1166 διδόναι,
364 1132 395 1159 οὐ
407 1132 558 1168 λαμσάνειν
588 1129 789 1167 προσετάχθης,
807 1128 901 1164 ’Δρκεϊ
923 1136 977 1160 σοι,

157 1179 163 1184 ”
187 1178 228 1205 ὅτι
255 1177 300 1205 διὰ
320 1177 431 1213 πτωχοῦ
462 1178 476 1205 6
504 1176 571 1208 Θεὸς
590 1176 640 1211 τὴν
657 1175 749 1209 δεξιάν
767 1183 809 1202 σοι
826 1174 975 1211 προτείνει.

188 1223 300 1259 Βρέχων
332 1223 383 1259 τὴν
401 1223 447 1250 ὑπ’
471 1222 586 1259 οὐρανὸν
603 1221 705 1257 χαλκοῦ
720 1221 826 1256 ψεκάδα
845 1229 875 1247 σε
892 1228 978 1256 προσ-

188 1271 269 1297 αιτεῖ.
278 1269 307 1296 '0
318 1269 437 1305 βροντῶν
447 1269 495 1296 καὶ
506 1268 680 1304 ἀστράπτων,
689 1267 828 1302 Ἐλέησον,
841 1266 883 1293 σοὶ
891 1265 976 1299 λέγει.

194 1316 224 1342 ’0
239 1315 412 1351 περιϐάλλων
423 1314 470 1342 τὸν
500 1314 617 1350 οὐρανὸν
643 1313 781 1348 νεφέλαις,
794 1311 889 1347 ῥάκιον
907 1312 978 1339 αίτεϊ

188 1361 262 1397 παρὰ
281 1361 339 1388 σοῦ.
357 1361 453 1396 Ἀρκεί
481 1369 533 1392 σοι¹
555 1360 596 1387 ὅτι
619 1359 644 1386 οἱ
672 1358 789 1394 πένητες
803 1357 842 1389 ὡς
864 1356 932 1384 Θεόν
948 1364 978 1383 σε

186 1407 358 1435 λιτανεύουσι
392 1407 440 1434 καὶ
471 1406 638 1434 ἱκετεύουσιν
663 1413 670 1420 ·
704 1403 864 1439 οἰκτίρμων
899 1402 977 1437 ἐλέη-

188 1463 235 1481 σον
249 1462 257 1470 ·
273 1454 398 1489 ιλεήμων
412 1453 558 1488 οῐκτειρον.
568 1451 604 1478 Σὺ
619 1450 705 1482 δὲτὰς
720 1449 824 1485 ὀφρύας
840 1448 976 1483 ἀνασπᾷς,

187 1499 235 1525 καὶ
253 1498 332 1534 μόγις
349 1497 557 1532 λιτανευόμενος
571 1496 743 1531 ὲπικάμπτῃ.
765 1493 816 1524 Δὸς
835 1493 928 1524 αὐτοῖς
942 1492 976 1519 τά

1034 212 1094 233 rum
1118 213 1229 238 manus,
1256 213 1312 241 quo
1328 206 1482 234 vehementi
1504 207 1598 236 studio
1622 209 1826 242 contendimus,

1033 252 1076 280 vel
1105 251 1309 286 aliquantulum
1340 252 1532 288 commigrare.
1549 254 1585 281 At
1611 254 1686 288 ﬁliis,
1725 255 1827 290 inquit,

1034 297 1200 325 thesaurum
1232 297 1345 332 colligo,
1372 305 1408 326 ne
1427 300 1601 334 paupertatis
1621 308 1690 328 meae
1704 301 1829 329 hmredcs

1033 351 1083 371 eos
1112 343 1242 372 habeam.
1261 343 1346 372 Recte
1359 345 1467 373 scilicet
1482 346 1578 374 :dives
1607 347 1654 382 qui
1674 348 1761 375 multa
1775 350 1828 376 sibl

1034 388 1129 416 animo
1143 388 1233 425 ﬁngit,
1250 390 1399 425 praesentia
1424 392 1526 424 nescit,
1540 396 1569 419 et
1582 393 1616 420 de
1637 393 1738 422 futuris
1749 395 1829 422 solli—

1033 434 1107 461 citus
1133 439 1186 462 est.
1200 435 1320 462 Suarum
1341 436 1401 470 ipse
1413 443 1506 463 rerum
1522 441 1564 464 est
1582 438 1705 473 ignarus,
1720 446 1751 467 ac
1784 447 1829 467 res

1035 481 1153 508 ﬁliorum
1182 485 1321 516 supputat.
1354 482 1425 509 Num
1461 483 1603 518 sepultura
1632 484 1666 511 sit
1681 484 1830 514 donandus

1035 526 1154 562 ignorat,
1169 531 1197 555 et
1206 527 1241 555 de
1256 527 1412 556 haeredibus
1432 530 1583 557 consultat.
1601 529 1702 563 Stulte,
1724 532 1830 560 edicito

1034 571 1102 599 mihi
1116 571 1198 600 ﬁnem
1217 576 1304 606 tuum,
1323 580 1356 600 ac
1368 578 1424 601 tum
1443 574 1506 603 ﬁliis
1523 576 1580 604 tuis
1597 583 1674 604 cave.
1695 577 1743 604 Dic
1760 579 1829 606 mihi

1033 625 1095 652 quze
1107 618 1189 646 hodie
1203 618 1296 646 futura
1315 619 1383 652 sint,
1412 627 1445 647 ac
1463 625 1520 648 tum
1533 620 1569 650 de
1584 623 1629 650 die
1643 625 1768 652 crastino
1778 625 1827 652 tibi

1034 663 1115 692 ﬁdem
1139 664 1256 693 habebo.
1286 664 1357 699 Quid
1373 670 1401 694 te
1425 667 1483 702 ipse
1509 668 1591 696 etiam
1620 674 1683 705 post
1709 677 1827 700 mortem

1035 709 1126 738 fallis?
1141 710 1220 746 quid,
1233 718 1296 739 cum
1306 718 1432 741 mortuus
1443 714 1510 747 eris,
1528 714 1671 743 hominum
1699 717 1828 746 ludibriis

1033 765 1133 793 parere
1146 758 1207 786 vis?
1222 758 1294 791 Quid
1310 760 1365 788 Deo
1379 768 1441 796 quae
1459 761 1564 797 agenda
1578 764 1634 790 sint
1650 764 1829 798 praescribis?

1033 804 1100 839 quid
1127 805 1310 840 providentia:
1339 806 1427 841 ipsius
1454 807 1540 844 legem
1560 810 1752 838 sancistlimc
1776 811 1826 838 tibi

998 844 1018 873 Β
1032 857 1107 878 cura:
1120 852 1178 879 sint
1205 859 1267 887 quae
1282 852 1347 880 data
1361 858 1428 881 sunt
1447 853 1507 882 tibi.
1524 854 1591 888 Quae
1606 861 1669 891 post
1684 860 1712 885 te
1731 856 1827 886 futura

1032 902 1109 930 sunt,
1124 897 1160 925 ad
1171 902 1197 925 te
1206 898 1277 926 nihil
1289 898 1418 927 attinent.
1434 899 1493 927 Non
1511 906 1590 936 potes
1602 902 1695 937 simul,
1709 909 1737 932 et
1752 911 1826 931 mor-

1033 945 1098 970 tuus
1120 950 1194 977 esse,
1210 947 1239 971 et
1254 943 1377 972 viventes
1401 953 1565 980 procurare.
1588 947 1674 976 Nemo
1699 957 1822 985 unquam

1032 995 1064 1015 ex
1092 988 1127 1016 iis
1150 989 1197 1024 qui
1220 989 1249 1017 in
1274 989 1383 1018 inferno
1408 996 1485 1024 sunt,
1518 1000 1613 1021 eorum
1635 995 1681 1030 qui
1708 995 1736 1023 in
1753 1001 1826 1024 terra

1033 1039 1128 1069 agunt,
1152 1038 1229 1062 tutor
1250 1036 1369 1064 exstitit.
1399 1036 1478 1065 Unus
1492 1043 1534 1065 est
1553 1039 1677 1067 vivorum
1702 1046 1729 1069 et
1753 1050 1826 1070 mor-

1032 1085 1141 1107 tuorum
1154 1080 1249 1116 judex,
1260 1089 1292 1109 ac
1303 1082 1407 1117 jurium
1420 1084 1638 1120 uniuscujusque
1646 1088 1824 1121 pouderator.

1033 1124 1218 1158 Thesaurisat,
1229 1127 1319 1162 inquit
1330 1127 1477 1163 Propheta,
1486 1134 1511 1157 et
1520 1130 1624 1165 ignorat
1635 1132 1678 1158 cui
1688 1139 1825 1168 congreget

1031 1178 1063 1197 ea
1074 1169 1160 1206 (Paul.
1172 1179 1286 1203 xxxvm,
1295 1172 1334 1207 7).
1342 1170 1411 1205 Quid
1417 1181 1554 1209 pauperes
1567 1180 1697 1211 tanquam
1707 1178 1824 1213 pupillos

1031 1215 1200 1246 insectaris?
1217 1217 1303 1252 Quid,
1331 1226 1395 1246 cum
1409 1220 1512 1255 aliquid
1523 1229 1538 1248 a
1553 1225 1580 1248 te
1591 1225 1699 1257 petunt,
1719 1228 1824 1252 stoma-

1031 1262 1136 1296 charis,
1150 1271 1183 1291 ac
1196 1265 1220 1292 si
1232 1264 1266 1292 de
1282 1268 1330 1293 tuo
1345 1265 1488 1295 insumas?
1507 1266 1627 1296 Paterna
1643 1270 1749 1303 vo'unt,
1768 1278 1822 1298 non

1032 1313 1094 1342 tua;
1109 1317 1142 1338 ea
1170 1317 1231 1346 quas
1257 1311 1319 1339 ﬁdei
1341 1315 1396 1340 tuae
1428 1314 1580 1342 commissa
1600 1320 1675 1348 sunt,
1691 1324 1746 1344 non
1762 1325 1823 1352 qua:

1031 1358 1121 1382 tecum
1146 1359 1222 1384 nata.
1252 1356 1290 1385 Da
1320 1365 1383 1393 qua:
1406 1359 1541 1395 accepisti
1559 1364 1586 1388 et
1603 1368 1635 1388 ex
1651 1368 1747 1389 eorum
1770 1371 1823 1391 usu

1031 1401 1251 1436 emolumentum
1269 1404 1320 1431 tibi
1341 1404 1473 1432 concilia.
1497 1405 1604 1433 Suﬁicit
1621 1406 1670 1434 tibi
1686 1408 1760 1442 quod
1773 1408 1824 1435 da-

1032 1453 1072 1478 re,
1102 1455 1157 1476 non
1185 1449 1314 1485 accipere
1335 1450 1433 1486 jussus
1448 1451 1498 1480 sis.
1523 1451 1598 1480 Satis
1609 1453 1647 1481 sit
1672 1454 1723 1481 tibi
1747 1457 1824 1490 quod

1032 1491 1106 1520 Deus
1131 1501 1181 1528 per
1197 1503 1347 1531 pauperem
1369 1504 1481 1524 manum
1499 1497 1539 1525 ad.
1553 1502 1579 1526 te
1601 1500 1754 1533 protendit.
1770 1501 1822 1534 Qui

188 1531 299 1575 uti-rdiin
310 1544 375 1578 πρὶν
388 1531 503 1578 επιστῇς
532 1541 571 1577 τῷ
585 1540 744 1575 λογοθεσίῳ.
765 1539 815 1571 Δὸς
835 1539 927 1569 αὐτοῖς
942 1537 977 1564 τὰ

1032 1541 1134 1565 terram
1144 1540 1233 1568 imbre
1247 1541 1382 1575 infundit,
1395 1543 1518 1577 guttulas
1532 1531 1658 1573 aeris—abs
1674 1531 1824 1582 tesuppiex

187 1590 292 1618 αὐτῶν·
309 1589 416 1625 πατέρα
426 1589 517 1623 έχουσι
530 1587 653 1622 βασιλέα.
662 1585 711 1618 Δὸς
721 1585 813 1616 αὐτοῖς
825 1584 859 1611 τά
876 1584 976 1617 αὐτῶν,

1032 1585 1135 1620 poscit.
1152 1585 1207 1618 Qui
1227 1591 1304 1614 tonat
1319 1594 1346 1616 et
1362 1588 1497 1624 fulgurat,
1510 1589 1732 1620 misericordiam
1747 1597 1824 1621 tuam

1753 104 1828 136 1514
1875 110 1879 115 ’

187 1637 234 1664 καὶ
249 1635 315 1663 λάϐε
328 1635 404 1670 παρὰ
418 1634 466 1662 τοῦ
481 1633 584 1669 πατρὸς
595 1632 686 1660 αὐτῶν
703 1630 881 1667 ἀμεριμνίαν.
893 1629 977 1657 Ποίαν

1031 1630 1170 1665 implorat.
1193 1631 1248 1666 Qui
1279 1633 1400 1663 nubibus
1428 1636 1530 1664 coelum
1558 1638 1658 1673 operit,
1674 1638 1781 1666 vilema
1796 1645 1824 1666 te

187 1682 366 1718 ἀμεριμνίαν,
382 1681 484 1716 φησίν;
502 1679 565 1714 Ἐφ’
582 1679 658 1706 ὅσον
669 1677 834 1712 ἐποιήσατε
851 1675 898 1702 ἐνὶ
910 1676 977 1702 τού-

1032 1683 1154 1711 pannum
1182 1679 1317 1713 postulat.
1335 1680 1410 1708 Satis
1442 1681 1493 1709 tibi
1508 1690 1569 1710 esse
1601 1683 1683 1711 debet
1708 1685 1780 1719 quod
1797 1689 1824 1711 te

187 1737 246 1756 των
271 1728 330 1756 τῶν
356 1727 539 1762 ἐλαχίστων,
563 1725 629 1761 ἐμοὶ
652 1723 828 1758 ἐποιήσατε.
864 1721 897 1748 '0
923 1721 977 1756 γὰρ

1032 1729 1167 1756 pauperes
1181 1724 1219 1751 uti
1232 1725 1317 1753 Deum
1333 1730 1433 1761 rogant
1447 1730 1474 1753 et
1485 1727 1649 1756 obsecrant:
1665 1728 1824 1757 Misericors

186 1774 281 1802 ἐλεῶν
300 1773 431 1808 πτωχὸν,
447 1771 574 1802 δανείζει
595 1770 667 1804 Θεῷ,
692 1769 776 1806 φησιν
789 1769 804 1795 ὸ
819 1767 973 1803 προφήτης.

1029 1767 1175 1803 miserere;
1195 1770 1353 1805 miserator,
1375 1776 1401 1799 te
1425 1774 1512 1800 nostri
1529 1774 1670 1803 misereat.
1696 1774 1736 1802 Tu
1759 1783 1823 1803 vero

188 1820 370 1857 supercilium
395 1819 511 1852 attollis,
522 1825 555 1846 ac
580 1818 626 1846 vix
644 1816 710 1845 ullis
721 1815 852 1852 precibus
865 1813 1025 1841 inﬂecteris.
1044 1813 1148 1842 Tribue
1164 1815 1233 1851 ipsis
1251 1824 1313 1852 qua:
1330 1825 1381 1845 sua
1392 1823 1466 1852 sunt,
1482 1823 1629 1854 antequam
1647 1821 1704 1848 illic
1720 1821 1759 1849 sis
1776 1820 1823 1849 ubi

186 1868 348 1898 referendas
359 1867 479 1895 rationes
497 1867 592 1894 habes.
605 1865 709 1893 Tribue
722 1864 791 1899 ipsis
806 1869 867 1898 quae
878 1868 929 1889 sua
943 1864 1009 1888 sunt
1022 1869 1029 1894 ;
1043 1869 1105 1889 nam
1120 1861 1229 1892 Patrem
1244 1865 1347 1893 habent
1358 1873 1460 1900 regem.
1476 1867 1513 1894 Da
1529 1867 1599 1903 ipsis
1608 1876 1670 1904 quae
1684 1876 1733 1897 sua
1746 1874 1822 1902 sunt,

185 1921 213 1945 et
229 1917 263 1944 ab
282 1922 378 1943 eorum
398 1913 478 1942 Patre
493 1913 615 1940 animum
631 1912 665 1940 ab
675 1909 862 1939 sollicitudine
877 1907 992 1935 liberum
1009 1908 1115 1944 accipe.
1131 1909 1218 1943 Quem
1239 1911 1305 1939 mihi
1319 1912 1442 1939 animum
1457 1913 1531 1941 euris
1545 1919 1702 1949 exemptum
1714 1923 1822 1946 narras,

186 1965 297 1999 inquit?
311 1963 449 1998 Quod-uni
467 1970 500 1990 ex
517 1961 634 1988 minimi:
647 1961 712 1987 meis
731 1958 844 1993 fecistis,
871 1955 935 1983 mihi
948 1955 1051 1990 fecistis
1076 1955 1196 1991 (Matth.
1212 1966 1277 1992 xxv,
1307 1958 1342 1986 40
1351 1958 1372 1993 ).
1397 1958 1465 1986 Nam
1483 1960 1621 1994 [επεν-σιω·
1644 1961 1710 1995 Deo,
1734 1962 1824 1998 inquit

180 2011 331 2046 propheta,
346 2009 391 2045 qui
407 2008 548 2035 miseretur
572 2005 697 2041 pauperis
707 2003 806 2040 (Prov.
824 2009 882 2034 xix,
895 2000 956 2036 17).

222 2055 307 2082 Ἴδετε
325 2053 371 2081 τον
382 2052 509 2085 πλοῦτον,
519 2051 566 2079 τὸν
583 2049 723 2086 δραπέτην
735 2056 741 2063 ·
756 2048 787 2075 οὐ
797 2046 938 2095 δραπέτην
950 2045 977 2072 δὲ

1066 2051 1217 2087 Ejusdem,
1247 2055 1347 2085 Enarr.
1377 2059 1406 2085 in
1434 2059 1511 2086 Psal.
1542 2066 1616 2091 xuv,
1647 2060 1679 2087 de
1705 2059 1821 2095 Eutrop.

190 2101 283 2136 μόνον,
296 2099 365 2127 ἀλλά
393 2099 442 2125 καὶ
457 2096 632 2133 ἀνδροφόνον.
648 2095 685 2123 Οὐ
699 2095 755 2131 γὰρ
776 2092 977 2141 καταλιμπάνει

1028 2096 1182 2131 (Nonnihil
1211 2099 1321 2130 diversa
1335 2104 1370 2131 ab
1386 2105 1501 2141 editis.)
1517 2119 1553 2125 —
1564 2105 1662 2134 Videte
1695 2092 1820 2139 divitias.

187 2148 268 2184 μόνον
284 2147 348 2178 τοὺς
363 2146 477 2181 ἔχοντας
490 2143 586 2177 αὐτὸν,
599 2143 669 2171 ἀλλὰ
682 2142 730 2170 καὶ
746 2141 845 2188 σφάζει
860 2138 974 2188 Δαιξιιιρύς.

1028 2141 1111 2175 hunc,
1136 2144 1260 2180 inquam,
1288 2147 1434 2184 fugitivum
1464 2138 1820 2188 servum;necl'ugitivum

185 2193 281 2220 Πίστιν
295 2192 350 2228 γὰρ
365 2192 415 2219 οὐκ
429 2191 497 2226 ἔχει.
511 2189 612 2226 Θηρίον
621 2189 697 2216 ἐστὶν
707 2189 723 2215 ὀ
733 2186 848 2219 πλοῦτος
860 2185 971 2213 ἰοσόλον·

1028 2188 1121 2222 modo,
1136 2191 1184 2218 sed
1194 2195 1221 2220 et
1235 2191 1415 2222 homicidam.
1426 2194 1520 2231 Neque
1528 2197 1602 2224 enim
1614 2203 1683 2224 suos
1701 2185 1821 2225 tantum-

183 2238 232 2265 ἐὰν
258 2237 420 2273 κατέχεται,
448 2236 545 2271 φεύγει
559 2243 567 2250 ·
589 2234 638 2261 ὲάν
666 2233 859 2269 σκορπίζεται,
883 2239 973 2266 παρα.-

184 2285 271 2320 μένει.
292 2284 504 2319 Ἐσκόρπισεν,
524 2283 638 2310 ἔδωκεν
650 2281 714 2314 τοῖς
732 2280 881 2313 πένησιν·
896 2278 916 2312 ἠ
930 2277 973 2305 δι-

182 2330 332 2365 καιοσύνη
346 2329 441 2357 αὐτοῦ
454 2329 539 2364 μένει
554 2329 597 2361 εις
611 2328 665 2355 τὸν
678 2327 773 2354 αἰῶνα
783 2325 837 2353 τοῦ
854 2323 971 2357 αἰῶνος.

182 2376 337 2411 Σκόρπισον
353 2372 400 2402 οὖν
415 2374 509 2408 αὑτὸν,
524 2374 569 2401 ἵνα
588 2373 668 2410 μένῃ.
683 2371 875 2408 Θησαυρίσατε
891 2369 972 2397 αὑτὸν

182 2422 211 2448 ὲν
221 2422 277 2452 τοῖς
289 2421 427 2457 οὐρανοῖς,
443 2420 511 2447 ὅπου
526 2419 650 2454 κλέπτης
660 2418 711 2445 οὐκ
722 2417 837 2452 ἐγγίζει,
849 2415 910 2443 οὐδὲ
922 2414 972 2450 σὴς

181 2467 346 2503 διαφθείρει.
366 2466 422 2494 Ποῦ
437 2466 463 2493 οἱ
486 2466 692 2501 πλουτήσαντες
709 2463 763 2499 πρὸ
785 2462 883 2499 ἡμῶνς
907 2461 971 2495 ὲλη-

181 2513 367 2550 σμονήθησαν.
388 2513 491 2545 Ἡδέως
504 2513 538 2540 ἂν
554 2512 670 2548 ἐροίμην
686 2511 751 2543 τοὺς
772 2509 970 2541 ἀποθανόντας,

181 2560 351 2594 καὶνήρώτων
359 2559 469 2592 αὐτούς·
479 2558 534 2586 Ποῦ
545 2559 559 2585 ὁ
569 2558 694 2591 πλοῦτος,
701 2557 748 2584 καὶ
759 2557 784 2584 οἱ
793 2554 969 2591 στρατιῶται,

180 2604 228 2631 καὶ
239 2604 274 2631 τὰ
286 2603 350 2639 ξίφη
366 2604 401 2631 τὰ
415 2603 610 2639 ἀστράπτοντα
626 2604 659 2630 ὲκ
668 2602 718 2638 τῆς
733 2601 851 2634 ἀκόνηςς
866 2599 922 2627 Ποῦ
936 2600 971 2627 τὰ

179 2650 382 2686 ἀργυρώματα,
398 2650 445 2677 κει)⁵
459 2651 488 2677 αἱ
504 2650 592 2677 κλῖναι
604 2649 634 2675 αἱ
651 2649 787 2684 ἀργυραῖς
798 2647 850 2674 ποῦ
861 2647 887 2674 οἱ
897 2646 976 2679 aliter.

178 2704 239 2729 sat;
251 2696 304 2723 ποῦ
316 2697 341 2723 οἱ
355 2696 496 2732 εὐνοῦχοι;
510 2695 562 2723 ποῦ
574 2696 599 2722 οῑ
610 2695 682 2731 φίλοι
692 2703 700 2728 ;
712 2694 764 2721 ποῦ
778 2695 807 2721 αι
821 2694 906 2721 οἰκίαι
918 2702 926 2726 ;
937 2693 970 2720 Τί

178 2742 305 2778 κατέχεις
327 2742 444 2770 πλοῦτον
460 2743 507 2770 τὸν
531 2744 560 2769 ὲν
581 2741 671 2778 καιρῷ
695 2741 819 2776 ἀνάγκης
842 2740 919 2768 οὐδέν
939 2749 969 2767 σε

178 2790 352 2824 ὡφελοῦντα;
365 2789 437 2823 Ἐγὼ
447 2789 477 2815 οὐ
488 2788 659 2823 κεκόλλημαι
667 2788 725 2819 τοῖς
740 2787 877 2819 πλουσίοις
884 2807 892 2819 ,
902 2786 970 2814 ἀλλὰ

179 2835 236 2868 τοῖς
251 2836 346 2868 κακῶς
360 2834 400 2870 τῷ
425 2834 537 2870 πλούτῳ
555 2833 750 2869 κεχρημένοις.
765 2833 804 2860 Οὐ
825 2833 872 2860 τδν
887 2832 969 2860 πλού-

339 2882 477 2926 inuoi.
498 2894 557 2926 Gn.
576 2894 668 2925 xcv.

1026 2234 1108 2263 modo
1147 2236 1274 2268 dominos
1309 2240 1442 2269 deserit:
1474 2242 1523 2271 sed
1549 2242 1633 2270 etiam
1658 2243 1817 2271 obtruncat.

1024 2279 1105 2308 Nulla
1117 2283 1221 2319 quippe
1231 2285 1285 2320 ipsi
1307 2286 1374 2315 ﬁdes
1394 2288 1476 2316 inest.
1501 2287 1608 2316 Divitiae
1636 2289 1758 2317 veneﬁca
1772 2289 1819 2317 be-
1863 2297 1873 2304 ι

1023 2327 1074 2354 stia
1086 2332 1162 2356 sunt.
1175 2329 1244 2357 Cum
1262 2335 1404 2366 tenentur,
1417 2332 1545 2369 fugiunt;
1560 2341 1624 2362 cum
1638 2340 1816 2369 sparguntur,

1023 2379 1177 2402 remanent.
1207 2376 1352 2412 Dispersit,
1366 2380 1440 2408 enim
1456 2380 1546 2415 inquit
1560 2380 1617 2413 ille,
1635 2380 1708 2408 dedit
1718 2388 1817 2416 paupe-

1023 2419 1097 2447 ribus
1117 2427 1128 2447 .'
1140 2421 1250 2456 iustitia
1262 2425 1320 2458 ejus
1330 2431 1418 2453 manet
1428 2429 1456 2454 in
1466 2426 1593 2454 saeculum
1610 2427 1703 2454 amuli
1723 2427 1814 2462 (Ρεαί.

1021 2471 1078 2497 CXI.
1093 2464 1141 2501 9).
1158 2465 1214 2496 Has
1230 2476 1296 2505 ergo
1325 2471 1462 2507 disperge,
1482 2476 1513 2500 ut
1537 2475 1677 2499 maneant.
1693 2471 1722 2499 In
1737 2472 1817 2499 ctelis

1021 2518 1069 2539 eas
1087 2512 1255 2548 thesauriza,
1271 2515 1317 2543 ubi
1333 2516 1379 2551 fur
1397 2525 1449 2545 non
1465 2518 1619 2553 appropiat,
1640 2526 1721 2553 neque
1742 2518 1813 2545 tinea

1022 2559 1169 2593 corrumpit
1181 2560 1191 2595 (
1203 2559 1268 2588 Luc.
1285 2569 1332 2589 Χη-
1348 2562 1383 2590 55
1394 2563 1413 2598 ).
1429 2562 1482 2591 Ubi
1498 2564 1614 2592 suntilli
1628 2564 1753 2599 opulenti
1764 2565 1813 2599 qui

1023 2607 1088 2631 ante
1113 2611 1166 2633 nos
1178 2604 1309 2634 fuerunt?
1335 2607 1476 2637 oblivione
1501 2609 1594 2637 obruti
1610 2613 1686 2637 sunt.
1703 2608 1814 2636 Lubens

1021 2654 1113 2678 autem
1126 2658 1160 2679 ex
1177 2651 1211 2680 iis
1239 2654 1285 2688 qui
1303 2653 1492 2689 decesserunt,
1522 2663 1676 2691 quaererem
1700 2662 1733 2682 ac
1756 2655 1813 2683 sci-

1021 2696 1137 2724 scitarer
1158 2697 1205 2725 ubi
1222 2706 1317 2726 eorum
1335 2707 1402 2735 opes
1415 2701 1482 2733 sint,
1499 2701 1545 2728 ubi
1565 2701 1698 2728 militares
1714 2701 1811 2735 copiae,

1021 2745 1047 2769 et
1063 2741 1198 2777 fulgentes
1213 2745 1327 2780 cuspide
1344 2753 1392 2774 sua
1418 2747 1525 2782 gladii;
1544 2747 1590 2774 ubi
1609 2754 1676 2774 vasa
1708 2754 1806 2782 argen-

1021 2793 1074 2819 tea.
1090 2793 1119 2816 et
1136 2789 1198 2817 lecti
1228 2793 1368 2827 argentei;
1389 2793 1437 2819 ubi
1454 2792 1562 2825 famuli,
1585 2793 1632 2820 ubi
1658 2793 1807 2828 spadones.

1021 2834 1067 2862 ubi
1184 2837 1278 2868 amici.
1292 2838 1338 2866 ubi
1355 2839 1440 2867 aedes.
1454 2839 1525 2872 Quid
1541 2839 1653 2875 divitias
1669 2839 1817 2877 contines,

1529 2897 1565 2934 48
