2073 3112
263 79 328 111 ibi?)

865 83 893 112 S.
914 82 1074 113 JOANNIS
1091 84 1306 114 DAMASCENI

1836 89 1905 122 1516

259 143 290 162 ex
306 136 415 170 quibus,
431 144 491 163 cum
506 137 660 165 necessitas
675 141 763 173 urget,
779 137 848 164 nihil
860 138 987 166 utilitatis
1006 146 1036 165 ca

1104 148 1162 166 σιον
1178 139 1315 167 διαϐάλλῑυ
1332 141 1348 177 ἢ
1370 141 1493 177 λοιδορῶ,
1519 142 1557 177 μὴ
1571 143 1688 176 γένοιτο,
1706 143 1775 171 ἀλλὰ
1791 145 1837 172 τὸν
1851 146 1904 181 ἆρ-

260 183 338 218 pias?
358 181 407 209 Hie
427 190 477 218 ego
508 182 609 210 divites
639 191 694 211 non
725 184 845 219 exagito,
874 184 921 211 sed
938 191 985 211 eos
1003 184 1050 219 qui

259 230 365 258 divitiis
386 230 547 258 abutuntur.
578 229 638 258 Non
662 231 772 258 divitem
785 230 912 263 traduce,
925 238 976 259 nec
992 238 1050 258 ma-

244 271 369 304 ‘ictiictis
407 277 523 311 lacesso,
557 277 639 311 absit,
657 277 704 305 sed
733 281 884 313 raptorem,
906 277 988 304 Aliud
1009 282 1051 305 est

258 322 346 356 dives,
376 323 452 351 aliud
467 328 573 358 raptor,
607 323 681 351 aliud
699 323 821 351 habendi
840 322 969 359 cupidus.
997 322 1051 350 Res

258 368 350 396 divide
372 376 378 395 :
398 377 433 397 nc
444 377 475 397 ea
500 370 586 405 junge
608 377 669 404 quae
684 377 785 397 nexum
802 377 857 396 non
876 369 989 397 habent.
1006 369 1051 396 Di-

257 422 304 443 ves
317 422 358 442 es.
383 414 443 443 Non
457 415 601 451 prohibeo,
621 423 672 443 nec
693 416 828 443 oblrecto.
844 415 942 443 Aliena
957 415 1051 451 rapis?

256 461 308 489 hoc
319 462 499 497 reprehendo.
520 462 611 491 Habes
637 471 698 499 quae
723 467 767 490 tua
787 462 871 489 sunt?
886 462 929 490 his
947 462 1047 490 fruere.

254 507 351 535 Aliena
367 507 476 535 sumis?
494 515 549 535 non
563 508 644 541 sileo,
659 507 706 536 sed
728 507 828 534 clamo.
847 505 896 534 Vis
917 514 961 534 me
977 507 1049 542 lapi-

255 553 336 582 dibus
352 554 467 588 petere?
485 558 585 589 praesto
605 561 676 582 sum.
699 552 746 581 Vis
767 552 834 580 mihi
852 555 936 588 caput
950 559 1049 588 ampu-

256 599 332 627 tare?
348 607 400 626 non
418 607 526 628 recuso.
559 601 720 635 Promptum
744 604 786 627 est
799 599 865 626 mihi
885 599 1048 635 sanguinem

255 645 433 680 profundere,
451 646 533 674 modo
559 651 703 682 peccatum
722 651 800 673 tuum
819 645 1004 678 lucrifaciam,
1021 649 1048 672 ct

253 698 267 717 a
285 695 311 718 te
326 692 523 719 submoveant:
541 691 567 720 id
591 692 659 719 mihi
679 700 752 719 curre
778 696 830 723 est,
849 692 980 727 quoniam
997 691 1046 718 tibi

253 737 394 764 nocivum.
423 737 514 766 Unum
530 738 582 765 hoc
601 738 666 765 mihi
684 738 820 765 duntaxat
834 745 909 765 cura:
921 741 973 769 est,
995 744 1047 764 au-

251 783 385 810 dientium
401 783 549 818 profectus.
567 785 648 820 Atqui
674 791 809 819 pauperes
828 784 874 811 ﬂiii
893 783 946 811 mei
969 787 1044 815 sunt,

251 830 372 865 itemque
395 830 443 857 ﬁlii
461 830 514 858 mei
541 835 606 858 sunt
633 831 743 858 divites.
775 830 847 858 Idem
862 830 934 857 enim
949 834 1045 857 ttlcrus

1109 194 1195 220 παγα.
1210 186 1293 213 ’Λλλο
1307 187 1447 221 πλούσιος,
1460 187 1525 215 ἄλλο
1538 188 1641 224 ἅρπαξ,
1660 190 1708 217 καὶ
1724 191 1790 218 ἄλλο
1803 192 1900 220 πλεον-

1105 231 1199 267 έκτης.
1218 232 1294 259 Δίελε
1326 233 1361 260 τὰ
1385 235 1554 269 πράγματα·
1572 235 1611 270 μὴ
1630 236 1711 271 μίσγε
1733 237 1767 264 τὰ
1782 237 1898 274 ἄμικτα.

1104 276 1237 309 Πλούσιος
1251 276 1293 311 et;
1309 279 1338 305 οὐ
1367 279 1475 312 κωλύω,
1491 281 1523 307 οὐ
1549 280 1666 315 ζηλεύω.
1694 282 1843 317 ’Δρπάζεις
1865 285 1902 312 τὰ

1102 322 1247 357 ἀλλότρια;
1264 325 1420 360 κατηγορῶ,
1436 325 1530 361 Ἔχεις
1543 326 1577 353 τὰ
1588 326 1643 360 σά;
1661 328 1782 355 ἀπόλαυε
1794 330 1897 358 αὐτῶν.

1103 368 1262 404 Λαμϐάνεις
1287 370 1322 396 τὰ
1347 371 1538 407 dno-spumet)
1568 373 1675 406 σιωπῶ,
1695 374 1764 401 ἀλλὰ
1789 376 1896 411 κράζω.

1102 413 1197 445 Θέλεις
1226 423 1259 449 με
1278 415 1409 449 λιθάσαι;
1429 416 1538 452 ἕτοιμός
1559 419 1629 453 εἰμι.
1659 419 1822 456 Ἀποτεμεῖν
1846 422 1898 457 τὴν

1103 459 1226 495 κεφαλὴν
1247 460 1353 494 θέλεις;
1370 462 1401 488 οὺ
1424 462 1624 499 παραιτοῦμαι.
1642 463 1680 491 Τὸ
1694 463 1764 501 αἷμα
1787 467 1898 503 ἕτοιμός

1102 505 1160 540 εἰμι
1174 506 1276 540 ἐκχεῖν,
1293 507 1373 542 μόνον
1394 508 1444 543 τὴν
1461 509 1601 545 ἁμαρτίαν
1623 519 1672 537 σου
1690 512 1827 548 κερδήσω,
1847 514 1897 541 καὶ

1101 550 1218 577 κωλύσω
1231 551 1318 587 αὐτὴν
1333 552 1387 579 ἀπὸ
1401 553 1460 580 σοῦ.
1478 554 1555 589 Ἐμοὶ
1571 554 1658 590 μέλει,
1674 557 1768 592 ἐπειδή
1784 565 1814 584 σε
1829 558 1896 593 βλά-

1102 604 1181 622 πτει·
1201 597 1262 628 ἑνός
1288 606 1334 632 μοι
1365 599 1446 633 μόνον
1475 599 1563 635 μέλει,
1588 601 1638 636 τῆς
1668 603 1813 639 προκοπῆς
1838 604 1895 632 τῶν

1100 643 1267 671 ἀκουόντων.
1283 645 1338 672 Καὶ
1356 647 1380 672 oi
1398 646 1516 682 πένητες
1532 647 1692 683 ἐμὰτέκνα,
1708 650 1756 677 καὶ
1770 651 1794 677 οἱ
1812 641 1894 679 πλού-

1101 698 1152 716 σιοι
1168 690 1223 725 ἐμὰ
1235 690 1319 718 τέκνα
1334 692 1413 719 εἰσίν.
1439 693 1471 720 'H
1486 693 1556 729 αὑτὴ
1571 694 1626 731 γὰρ
1643 695 1751 732 γαστὴρ
1771 697 1894 733 ἁμφοτέο

1101 744 1163 771 ρους
1180 736 1313 771 ὠδίνησεν
1324 745 1331 753 ·
1350 739 1378 765 αῑ
1395 739 1488 769 αὐταὶ
1501 741 1606 775 ὠδῖνες,
1621 743 1668 770 καὶ
1683 745 1708 770 οἱ
1724 744 1801 772 αὐτοὶ
1816 746 1893 773 πόνοι

1098 782 1272 818 ἀμφοτέρους
1302 783 1406 812 ἔτεκον.
1429 785 1494 813 Ἐὰν
1520 788 1685 825 κεκόλλησαι
1711 790 1752 826 τῷ
1776 791 1890 827 πένητι,

1098 828 1246 864 κατηγορῶ
1263 838 1320 863 σου,
1338 831 1368 857 ού
1393 831 1440 858 τοῦ
1459 833 1576 868 πένητος
1604 832 1734 864 τοσοῦτον
1754 837 1817 865 ὅσον
1843 847 1893 865 τον

250 876 349 904 ambos
363 876 531 910 parturivit;
565 876 647 903 iidem
673 875 794 907 dolores,
810 874 905 902 eadem
924 873 1038 900 tormina

1098 873 1237 902 πλουσίου.
1257 875 1287 901 Ὁ
1316 876 1402 912 πένης
1423 878 1477 914 γὰρ
1494 866 1572 906 ούδὲν
1598 880 1672 916 μέγα
1695 882 1843 911 ἀδικεῖται.
1858 885 1893 911 Τί

252 925 385 956 utrosque
420 926 595 956 pepererunt.
613 921 693 954 Quod
722 921 745 949 si
760 928 909 956 pauperem
938 920 1041 955 carpis,

251 965 422 1001 reprehendo
433 971 468 1000 te,
481 969 598 993 nectam
616 965 749 1001 pauperis
764 965 853 994 vicem
865 972 949 1000 quam
966 970 1041 992 tuam

250 1011 342 1038 doleo.
363 1009 471 1045 Pauper
496 1011 570 1038 enim
589 1011 662 1038 haud
689 1011 726 1038 ita
753 1018 881 1046 magnam
909 1010 1039 1046 injuriam

1095 918 1167 954 ἔχεις
1180 920 1234 956 γὰρ
1249 921 1330 948 αὑτοῦ
1358 923 1491 959 ἁρπάσαι,
1505 925 1530 952 εί
1552 926 1654 962 μήτιγε
1679 927 1728 955 ἐὰν
1741 926 1799 965 εἶχε
1822 931 1892 966 χρήι

1095 973 1183 1012 ματιμ
1199 967 1235 993 Σὺ
1252 967 1281 994 δὲ
1309 969 1350 1000 είς
1373 970 1423 1005 τὴν
1444 970 1536 1006 ψυχήν
1555 980 1603 999 σου
1633 973 1820 1008 ἐπιϐουλεύεις
1840 976 1891 1012 τὴν

1096 1009 1208 1046 βλάϐην,
1217 1012 1349 1048 ἁρπάζων
1364 1014 1478 1050 πένητα.

250 1059 360 1094 accipit.
389 1059 461 1093 Quid
497 1059 572 1087 enim
589 1060 612 1087 ei
638 1059 774 1095 eripis,si
791 1059 918 1095 pecuniis
945 1057 1081 1086 caret?tu
1099 1065 1165 1086 vero
1178 1058 1277 1087 animae
1298 1060 1358 1095 ipse
1389 1066 1442 1090 tua:
1469 1062 1588 1092 insidias
1617 1065 1714 1100 struis,
1739 1072 1891 1102 pauperem

249 1105 415 1141 diripiendo.

286 1152 378 1188 Ejusd.
389 1152 641 1187 ibid—Quousque
651 1152 773 1187 pecunia:
780 1151 792 1177 ?
800 1158 946 1186 quousque
954 1158 1047 1186 argen-

1131 1147 1221 1183 Μέχρι
1239 1148 1305 1175 πότε
1320 1150 1470 1184 χρήματα;
1496 1152 1578 1188 μέχρι
1594 1153 1660 1180 ποτε
1679 1154 1889 1190 ἀργυρώματας

249 1206 292 1228 tea
307 1199 430 1235 supellex
445 1199 456 1227 τ’
471 1206 616 1234 quousque
627 1198 793 1226 famulorum
818 1197 1019 1225 assentationes
1034 1197 1038 1223 '.

1096 1192 1177 1228 μέχρι
1191 1193 1256 1221 πότε
1266 1194 1408 1223 κολακεῐαι
1425 1198 1558 1232 οίκετῶν;
1577 1198 1659 1235 μέχρι
1680 1200 1745 1227 πότε
1758 1198 1830 1233 οῐνος
1843 1202 1890 1228 ὲκ-

249 1254 395 1282 quousque
415 1246 509 1273 vimnn
523 1244 662 1274 eﬂusum?
684 1251 829 1280 quouSque
844 1246 977 1271 coronata
992 1250 1042 1277 po-

250 1292 332 1319 eula?
358 1298 506 1327 quousque
535 1290 665 1318 Satanica
684 1288 823 1321 convivia,
851 1292 933 1323 atque
948 1287 1040 1314 afﬂatu

247 1337 387 1365 diabolico
415 1336 536 1365 referta?
560 1337 643 1363 Ante
668 1335 738 1370 fugit
768 1339 932 1369 prtesentem
956 1333 1040 1361 vitam

247 1383 314 1410 nihil
330 1383 405 1410 aliud
432 1383 487 1410 nisi
503 1382 574 1409 viam
599 1381 681 1410 esse?
701 1388 734 1407 an
755 1388 784 1408 es
800 1379 913 1407 nescius
925 1386 976 1407 nos
996 1379 1040 1407 his

246 1428 438 1464 peregrinari?
455 1427 525 1455 Num
551 1427 624 1455 enim
647 1426 693 1454 hic
711 1426 781 1454 civis
797 1426 845 1454 es?
859 1433 893 1452 an
909 1432 963 1452 non
981 1425 1040 1452 via-

247 1475 312 1503 tor?
337 1474 412 1502 cives
435 1473 530 1509 utique
557 1480 611 1501 non
642 1480 749 1504 sumus,
771 1471 819 1500 sed
852 1471 982 1499 viatores.
1002 1471 1041 1499 Nc

247 1519 348 1547 dixeris
368 1519 466 1548 :llanc
494 1519 633 1546 civitatem
663 1517 761 1545 habeo.
788 1517 860 1544 Nihil
884 1516 928 1544 hic
943 1516 1038 1544 habes.

246 1567 350 1594 Civitas
375 1569 471 1593 nostra
500 1570 611 1592 sursum
624 1567 677 1591 est.
695 1562 844 1590 Praesentia
873 1561 942 1589 nihil
954 1565 1038 1594 sunt;

247 1611 297 1639 iter
313 1615 378 1639 sunt
393 1611 550 1646 praesentia.
571 1609 700 1644 Quotidie
718 1609 772 1636 iter
786 1608 914 1635 facimus.
931 1607 1038 1635 Natura

190 1654 194 1658 ’
246 1658 343 1685 currit.
367 1657 467 1692 Ecquis
502 1660 544 1684 est
568 1656 615 1690 qui
649 1655 701 1682 iter
729 1653 836 1690 agendo
861 1654 971 1682 donmm
991 1661 1038 1682 ex-

244 1703 350 1730 struat?
369 1702 436 1736 Quis
448 1702 493 1729 ilic
513 1706 554 1729 est
572 1701 618 1736 qui
640 1700 667 1728 in
683 1700 781 1728 itinere
795 1699 926 1735 pecunias
937 1705 1037 1727 recon-

243 1749 309 1778 dat?
334 1747 402 1776 Cum
424 1747 559 1781 ambulas,
575 1752 656 1783 atque
672 1747 700 1774 in
721 1746 906 1775 diversorium
942 1746 1036 1781 ingrc-

244 1795 331 1826 deris.
359 1802 393 1821 an
424 1794 610 1821 diversorium
637 1793 781 1821 exornas?
805 1801 839 1820 an
860 1800 914 1820 non
942 1792 1036 1828 potius

245 1841 305 1868 edis
320 1845 347 1868 et
362 1840 444 1872 bibis,
463 1845 547 1875 atque
571 1839 664 1875 egredi
692 1839 828 1868 festinas?
847 1839 1035 1867 Diversorium

246 1889 337 1921 itaque
366 1891 408 1914 est
423 1887 481 1914 haec
493 1887 550 1914 vita
579 1893 713 1922 praesens.
733 1886 791 1914 Hoc
807 1885 889 1913 modo
911 1885 1034 1920 ingressi

245 1941 352 1965 sumus,
372 1937 398 1960 et
409 1932 585 1961 diversamur
600 1934 627 1960 in
643 1933 694 1960 hac
711 1933 778 1966 vita,
794 1933 859 1960 hinc
872 1932 1035 1960 studeamus

244 1985 305 2006 cum
334 1985 383 2013 spe
411 1978 556 2006 excedere.
587 1977 661 2005 Nihil
687 1977 752 2006 istic
777 1978 977 2012 relinquamus,
1001 1984 1035 2004 ne

243 2024 410 2053 amittamus.
437 2023 591 2059 Hospitium
625 2024 776 2059 ingressus,
802 2023 865 2050 ais:
881 2021 935 2050 Fat:
955 2022 1034 2050 nobis

241 2075 272 2097 ut
296 2078 380 2106 quam
415 2071 537 2106 primum
562 2070 738 2103 reﬁciamur;
756 2077 819 2097 nam
832 2069 866 2097 de
881 2074 963 2096 nocte
981 2069 1035 2096 iter

241 2115 344 2144 facturi
369 2123 478 2144 sumus.
497 2116 621 2151 itemque
653 2115 757 2143 famulo
775 2114 895 2143 :Vestes
921 2118 1034 2142 nostras

1092 1239 1238 1275 χεόμενος;
1256 1241 1337 1277 μέχρι
1361 1243 1427 1269 πότε
1446 1243 1586 1279 κρατῆρες
1602 1245 1786 1281 ὲστεμμένοι;
1805 1247 1890 1283 μέχρι

1092 1284 1159 1312 πότε
1181 1286 1321 1321 συμπόσια
1351 1288 1507 1322 Σατανικὰ,
1523 1290 1572 1317 καὶ
1587 1290 1750 1324 διαϐολικῆς
1765 1293 1888 1327 γέμοντα

1095 1331 1254 1366 ἐνεργείας
1271 1331 1329 1359 Οὐκ
1344 1331 1434 1367 οἶσθα,
1449 1335 1491 1362 ὃτι
1502 1335 1516 1362 ὁ
1534 1336 1630 1372 παρὼν
1645 1336 1702 1372 βίος
1720 1337 1780 1369 ὁδός
1792 1339 1887 1371 ἑστινς

1094 1375 1144 1402 οὐκ
1161 1375 1241 1403 οἶσθα
1264 1377 1306 1404 ὅτι
1333 1378 1547 1415 ἀποδημοῦμεν;
1568 1380 1606 1416 μὴ
1633 1381 1688 1418 γὰρ
1705 1381 1821 1418 πολίτης
1842 1379 1887 1409 εἷ’

1093 1420 1183 1458 ὁδίτης
1195 1420 1230 1450 εἴ.
1243 1423 1301 1450 Οὐκ
1325 1424 1408 1460 ἐσμὲν
1434 1425 1555 1458 πολῖται,
1574 1427 1632 1454 ἀλλ’
1647 1427 1734 1455 ὁδῖται
1751 1429 1800 1456 κα)⁸
1818 1428 1888 1456 ὁδοι-

1095 1468 1184 1503 πόροι,
1198 1469 1244 1504 Μὴ
1260 1469 1350 1505 εἴπῃς,
1370 1471 1442 1506 Ἐχω
1457 1472 1537 1507 τήνδε
1559 1473 1610 1509 τὴν
1631 1473 1726 1501 πόλινο
1741 1475 1792 1502 οὐκ
1813 1475 1887 1510 ἔχοις

1094 1513 1171 1541 οὐδὲν
1186 1514 1315 1541 ἐνταῦθα.
1332 1515 1365 1542 Ἦ
1377 1515 1456 1548 πόλις
1471 1517 1549 1553 ἡμῶν
1561 1519 1618 1546 ἄνω
1631 1519 1748 1547 ὲστί.Τὰ
1763 1521 1887 1556 παρόντα

1093 1559 1171 1586 οὐδέν
1184 1560 1259 1587 ἐστιν
1269 1569 1278 1577 ⁸
1292 1561 1352 1594 ὁδός
1367 1562 1421 1590 εισι
1448 1563 1483 1590 τὰ
1499 1564 1634 1600 παρόντα.
1657 1565 1803 1601 Ὀδεύομεν
1822 1567 1885 1594 καθ’

1093 1605 1210 1641 ἡμέραν.
1228 1607 1262 1633 'ﬂ
1279 1607 1361 1641 φύσις
1374 1607 1478 1644 τρέχει.
1496 1608 1576 1636 Ἐστι
1595 1619 1638 1642 τις
1660 1611 1689 1638 tv
1712 1611 1766 1646 ὁδῷ
1780 1611 1884 1638 οἰκοδο-

1094 1651 1153 1686 μῶν
1174 1652 1281 1686 οῑκίαν;
1299 1652 1377 1681 Ἔστι
1393 1662 1435 1686 τις
1450 1654 1503 1690 6δῷ
1516 1657 1648 1691 χρήματα
1671 1657 1885 1693 ἀποτιθέμενοςς

1093 1697 1179 1724 Ὀταν
1206 1697 1314 1733 ὀδεύῃς,
1336 1701 1384 1726 καὶ
1409 1700 1522 1737 είσέρχῃ
1536 1702 1577 1734 είς
1604 1702 1773 1738 πανδοχεῖον,
1792 1703 1830 1739 μὴ
1853 1704 1885 1730 τὸ

1092 1743 1250 1779 πανδοχεῖον
1269 1745 1454 1779 καλλωπίζεις
1469 1747 1486 1783 ἢ
1505 1747 1609 1780 κτίζεις
1620 1757 1628 1781 ;
1641 1747 1682 1781 οὓ,
1701 1749 1783 1784 φησίν
1795 1757 1802 1765 ·
1815 1749 1885 1777 ἀλλὰ

1090 1788 1218 1824 τρώγεις,
1231 1790 1330 1824 πίνεις,
1340 1791 1388 1818 καὶ
1397 1792 1498 1829 ἐπείγῃ
1508 1793 1555 1820 τοῦ
1571 1793 1688 1827 ἐξελθεῖν
1698 1802 1706 1827 ;
1720 1795 1883 1830 Πανδοχεῖον

1089 1834 1137 1863 οὖν
1153 1836 1227 1863 ἐστιν
1241 1837 1255 1864 ὸ
1274 1837 1369 1872 παρὼν
1382 1838 1450 1873 βίος.
1465 1838 1560 1871 Οὕτως
1575 1840 1750 1876 εἰσήλθομεν,
1766 1841 1815 1868 καὶ
1829 1850 1883 1868 κα-

1089 1881 1226 1918 ταλύομεν
1238 1883 1279 1915 εἰς
1289 1883 1341 1910 τὸν
1348 1886 1473 1920 παρόντα
1487 1885 1544 1920 βίον
1553 1894 1561 1902 η
1578 1886 1742 1922 σπεύσωμεν
1759 1887 1882 1919 ἐξελθεῖν

1091 1927 1161 1962 μετὰ
1177 1927 1265 1963 καλῆς
1284 1929 1401 1961 ἐλπίδος.
1418 1930 1510 1966 Μηδὲν
1529 1931 1655 1966 ἀφῶμεν,
1675 1931 1736 1958 οὐδὲ
1769 1933 1806 1967 μὴ
1827 1933 1881 1959 ἀπ-

1089 1973 1240 2009 ολέσωμεν.
1257 1975 1322 2002 Ὅτε
1340 1975 1467 2012 εἰσέλθῃς
1483 1977 1524 2008 ei;
1544 1977 1575 2004 τὸ
1592 1977 1761 2013 πανδοχεῖον,
1772 1977 1879 2012 λέγεις’

1089 2020 1205 2055 Ποίησον
1219 2021 1285 2056 ἡμῖν
1296 2021 1395 2056 ἕτοιμα
1405 2021 1440 2048 τὰ
1451 2022 1553 2056 ψυκτὰ,
1567 2023 1608 2050 ὅτι
1621 2023 1672 2059 τὴν
1687 2025 1773 2050 νύκτα
1787 2023 1880 2050 ὁδεύο-

1089 2074 1151 2101 μεν.
1169 2066 1308 2099 Ὡσαύτως
1323 2067 1351 2094 δὲ
1370 2068 1417 2094 καὶ
1439 2068 1478 2104 τῷ
1492 2069 1647 2105 παιδαρίῳ·
1667 2070 1830 2105 Ἀσφάλισαι
1845 2070 1881 2097 τὰ

1089 2113 1197 2148 ἱμάτια,
1211 2113 1255 2139 ἴνα
1267 2113 1351 2149 μηδὲν
1359 2114 1547 2151 λησμονήσῃς,
1560 2115 1598 2151 μή
1609 2124 1636 2142 τι
1651 2116 1798 2151 ἀπόληται,
1809 2115 1880 2143 ἀλλὰ

241 2162 270 2188 in
283 2166 342 2189 tuto
351 2162 470 2195 colloca,
483 2169 534 2190 nec
550 2162 714 2197 cujusquam
731 2160 911 2192 obliviscere,
923 2159 1033 2196 nequid

1092 2157 1177 2184 πάντα
1193 2158 1233 2190 εἰς
1245 2158 1296 2192 τὴν
1317 2158 1407 2186 οἰκίαν
1422 2160 1620 2196 ὲπαγάγωμεν.
1633 2160 1714 2188 Οὕτω
1733 2161 1781 2188 καὶ
1796 2161 1879 2197 ἡμεῖς

244 2210 323 2237 nobis
356 2210 535 2246 deperdatur,
565 2209 612 2237 sed
638 2209 750 2237 domum
781 2208 874 2236 omnia
899 2207 1030 2235 feramus.

242 2255 345 2283 Eodem
359 2256 440 2284 modo
451 2263 502 2284 nos
517 2262 628 2291 quoque
642 2255 725 2283 vitam
742 2254 813 2281 hanc
828 2258 960 2289 tanquam
979 2252 1032 2280 ho-

244 2299 357 2336 Spitium
375 2300 546 2328 intueamur.
575 2295 652 2327 Nihil
667 2299 721 2332 hic,
739 2298 766 2326 id
783 2302 835 2332 est,
850 2297 878 2325 in
908 2297 1032 2333 hospitio

250 2346 449 2380 relinquamus.
493 2344 591 2372 Omnia
622 2344 649 2371 in
675 2343 850 2380 metropoiim
883 2343 1030 2371 nobiscum

238 2392 399 2421 eil'eramus.
414 2391 508 2420 Viator
521 2399 563 2425 es,
575 2390 642 2426 quin
663 2395 690 2418 et
703 2390 807 2418 viatore
827 2391 926 2426 quovis
937 2390 1029 2418 vilior.

237 2436 358 2470 Quinam
378 2435 475 2464 istud?
490 2435 586 2463 Viator
618 2435 696 2462 novit
710 2443 767 2470 quo
792 2439 917 2470 tempore
936 2434 963 2462 in
977 2434 1029 2461 ho-

237 2483 352 2517 Spitjum
380 2482 536 2517 ingreditur
552 2491 559 2510 :
576 2482 650 2508 novit
678 2481 761 2508 etiam
795 2480 973 2516 quandonam
993 2481 1031 2508 sit

241 2535 415 2565 egressurus.
430 2527 487 2563 Ego
503 2535 572 2556 vero
587 2528 614 2555 in
629 2527 714 2562 hujus
731 2527 796 2554 vitae
816 2526 968 2562 hospitium
985 2527 1029 2554 in-

238 2574 360 2611 gredior,
390 2580 441 2601 nec
457 2573 567 2608 quando
582 2572 634 2600 sim
648 2572 774 2600 exiturus
795 2571 871 2599 novi.
890 2571 1028 2598 interdum

238 2621 266 2647 iu
301 2620 412 2655 longum
443 2624 553 2655 tempus
583 2619 713 2646 alimenta
743 2621 869 2653 paro;et
899 2617 1029 2645 dominus

243 2673 318 2694 meus
336 2673 378 2693 me
389 2665 540 2693 confestim
558 2665 689 2697 accersit,
715 2664 809 2699 aitque
828 2672 835 2690 :
855 2664 954 2696 Stulte,
970 2671 1030 2699 qute

239 2711 345 2745 parasti
362 2712 440 2746 cujus
453 2712 552 2739 erunt?
566 2712 624 2738 Hac
636 2711 706 2738 enim
724 2714 799 2738 norte
814 2710 905 2737 anima
921 2714 967 2737 tua
982 2709 1030 2736 tibi

241 2756 379 2790 auferetur
408 2757 493 2792 (Luc.
509 2757 774 2792 xu,20)._lncertus
804 2759 902 2784 noster
936 2756 1028 2784 exitus

239 2801 411 2846 cst,_ineert_a
425 2803 578 2847 possessio,
594 2786 728 2842 scs‘centa
741 2802 906 2839 prmcipitia,
925 2803 1026 2832 ﬂuetus

1085 2202 1230 2239 βλέπωμεν
1250 2205 1408 2239 πανδοχεῖον
1424 2206 1470 2233 τὸν
1486 2206 1608 2242 παρόντα
1633 2207 1701 2242 βίον.
1717 2207 1808 2243 Μηδὲν
1823 2204 1878 2235 ὧδε

1084 2249 1280 2286 καταλίπωμεν
1296 2252 1325 2278 ὲν
1342 2252 1386 2290 τῷ
1399 2252 1566 2288 πανδοχείῳ·
1584 2253 1673 2280 πάντα
1695 2254 1736 2285 εἰς
1753 2253 1803 2289 τὴν
1821 2262 1878 2290 μη-

1082 2295 1210 2331 τρόπολιν
1236 2297 1446 2332 ἀπενέγκωμεν.
1476 2298 1582 2334 Ὀδίτης
1604 2295 1630 2324 εἷ
1654 2299 1701 2326 καὶ
1723 2298 1877 2334 ὁδοιπόρος,

1083 2341 1184 2377 μᾶλλον
1201 2339 1288 2370 δὲ’καὶ
1303 2343 1392 2371 ὁδίτου
1409 2344 1611 2380 εὐτελέστερος.
1633 2344 1696 2377 Πῶς
1719 2344 1775 2379 ἐγὼ
1786 2345 1876 2379 λέγως

1088 2388 1118 2415 '0
1131 2389 1225 2425 ὁδίτης
1240 2387 1313 2417 οἶδεν
1337 2390 1403 2416 πότε
1422 2389 1579 2427 εἰσέρχεται
1594 2391 1623 2417 ὲν
1646 2390 1686 2426 τῷ
1710 2390 1876 2425 πανδοχείῳ,

1081 2435 1129 2462 καὶ
1145 2432 1216 2462 οἶδεν
1232 2435 1297 2462 πότε
1319 2435 1473 2471 ἐξέρχεται.
1491 2436 1563 2471 Ἐγὼ
1575 2435 1606 2463 δὲ
1617 2436 1779 2472 εἰσέρχομαι
1794 2436 1834 2468 είς
1845 2436 1877 2463 τὸ

1081 2480 1240 2516 πανδοχεῖον
1253 2481 1301 2508 τοῦ
1317 2481 1376 2517 βίου
1391 2484 1500 2516 τούτου,
1512 2482 1560 2509 καὶ¹
1574 2483 1625 2509 οὐκ
1639 2481 1700 2510 οἶδα
1710 2482 1775 2509 πότε
1794 2482 1875 2517 ἐξέρ-

1081 2535 1173 2562 χομαι.
1195 2527 1297 2555 Ἐνίοκτε
1322 2527 1352 2554 δὲ
1374 2528 1422 2555 καὶ
1445 2528 1627 2564 ἑτοιμάζομαι
1651 2527 1751 2555 πολλοῦ
1766 2527 1874 2563 ,χρόνου

1079 2571 1124 2599 διὰ
1141 2572 1257 2607 τροφὰς,
1271 2572 1318 2599 καὶ
1337 2573 1351 2599 ὁ
1368 2572 1503 2608 δεσπότης
1523 2580 1574 2608 μου
1598 2572 1773 2609 παραχρῆμα
1795 2571 1877 2599 καλεῖ

1082 2626 1116 2653 με
1125 2626 1131 2633 ·
1150 2619 1270 2653 Ἄφρον,
1284 2617 1304 2646 ἃ
1314 2619 1494 2654 ἡτοίμασας,
1507 2618 1565 2645 τίνι
1581 2618 1668 2646 ἔσται
1683 2627 1693 2651 ;
1706 2619 1765 2652 τὴν
1778 2618 1876 2645 νύκτα

1079 2664 1195 2698 ταύτην
1213 2663 1404 2699 λαμὸάνουσι
1430 2664 1488 2698 τὴν
1505 2664 1613 2700 ψυχήν
1638 2673 1697 2693 σου
1716 2664 1777 2693 ἀπὸ
1802 2664 1874 2691 σοῦ.

1082 2710 1197 2745 Ἀδηὶος
1213 2711 1231 2746 ἡ
1253 2709 1343 2742 ἔξοδος
1359 2710 1454 2746 ἡμῶν·
1470 2709 1587 2742 ἄττα-τος
1604 2711 1622 2746 ἡ
1636 2710 1725 2743 κτίσις
1735 2719 1742 2726 ·
1763 2710 1876 2738 ἐπίϐου-

1078 2755 1125 2788 λος
1140 2756 1156 2791 ἡ
1172 2755 1340 2788 ἀπόλαυσις·
1363 2755 1457 2791 μυρίοι
1480 2756 1611 2791 κρημνοὶ,
1633 2757 1682 2783 καὶ
1701 2756 1875 2792 πανταχόθεν

1080 2802 1201 2838 κύματα.
1211 2802 1252 2840 νΤί
1268 2802 1349 2839 μένει,
1363 2802 1411 2830 καὶ
1421 2802 1555 2836 ὒορυὸεῖς
1576 2810 1606 2830 σε
1623 2803 1689 2839 περὶ
1704 2803 1754 2836 τὰς
1770 2803 1850 2841 exta;
1864 2812 1873 2839 ;
