  <div class='ocr_page' id='page_1' title='image "/cluster/home/n/w/nwhite01/storage/ocr_20150623/95/njp.32101077772844/768.png"; bbox 0 0 2073 3112; ppageno 0'>
   <div class='ocr_carea' id='block_1_1' title="bbox 178 134 244 167">
    <p class='ocr_par' dir='ltr' id='par_1_1' title="bbox 178 134 244 167">
     <span class='ocr_line' id='line_1_1' title="bbox 178 134 244 167; baseline -0.015 0"><span class='ocrx_word' id='word_1_1' title='bbox 178 134 244 167; x_wconf 73' lang='grc' dir='ltr'><strong>ὶῐιΠ</strong></span> 
     </span>
    </p>
   </div>
   <div class='ocr_carea' id='block_1_2' title="bbox 777 126 1148 160">
    <p class='ocr_par' dir='ltr' id='par_1_2' title="bbox 777 126 1148 160">
     <span class='ocr_line' id='line_1_2' title="bbox 777 126 1148 160; baseline -0.011 0"><span class='ocrx_word' id='word_1_2' title='bbox 777 128 898 160; x_wconf 79' lang='lat' dir='ltr'><strong>SACRA</strong></span> <span class='ocrx_word' id='word_1_3' title='bbox 915 126 1148 158; x_wconf 70' lang='lat' dir='ltr'><strong>PARALLELA.</strong></span> 
     </span>
    </p>
   </div>
   <div class='ocr_carea' id='block_1_3' title="bbox 1748 119 1819 154">
    <p class='ocr_par' dir='ltr' id='par_1_3' title="bbox 1748 119 1819 154">
     <span class='ocr_line' id='line_1_3' title="bbox 1748 119 1819 154; baseline -0.028 0"><span class='ocrx_word' id='word_1_4' title='bbox 1748 119 1819 154; x_wconf 76' lang='grc'><strong>1518</strong></span> 
     </span>
    </p>
   </div>
   <div class='ocr_carea' id='block_1_4' title="bbox 175 180 975 227">
    <p class='ocr_par' dir='ltr' id='par_1_4' title="bbox 175 185 966 227">
     <span class='ocr_line' id='line_1_4' title="bbox 175 185 966 227; baseline -0.006 -8"><span class='ocrx_word' id='word_1_5' title='bbox 175 193 210 220; x_wconf 79' lang='grc' dir='ltr'>Τί</span> <span class='ocrx_word' id='word_1_6' title='bbox 221 192 299 227; x_wconf 50' lang='lat' dir='ltr'><strong>ipsa;</strong></span> <span class='ocrx_word' id='word_1_7' title='bbox 314 190 362 226; x_wconf 84' lang='grc' dir='ltr'><strong>τὴν</strong></span> <span class='ocrx_word' id='word_1_8' title='bbox 381 190 521 225; x_wconf 76' lang='grc' dir='ltr'>ἀλήθειαν,</span> <span class='ocrx_word' id='word_1_9' title='bbox 538 189 587 216; x_wconf 76' lang='grc' dir='ltr'><strong>καὶ</strong></span> <span class='ocrx_word' id='word_1_10' title='bbox 601 188 714 224; x_wconf 68' lang='grc' dir='ltr'>,τρέχεις</span> <span class='ocrx_word' id='word_1_11' title='bbox 735 188 782 216; x_wconf 73' lang='grc' dir='ltr'><strong>ἐπὶ</strong></span> <span class='ocrx_word' id='word_1_12' title='bbox 795 187 844 223; x_wconf 78' lang='grc' dir='ltr'><strong>τὴν</strong></span> <span class='ocrx_word' id='word_1_13' title='bbox 867 185 966 220; x_wconf 80' lang='grc' dir='ltr'>σκιάν;</span> 
     </span>
    </p>
   </div>
   <div class='ocr_carea' id='block_1_5' title="bbox 1028 180 1819 227">
    <p class='ocr_par' dir='ltr' id='par_1_5' title="bbox 1028 180 1819 220">
     <span class='ocr_line' id='line_1_5' title="bbox 1028 180 1819 220; baseline -0.003 -9"><span class='ocrx_word' id='word_1_14' title='bbox 1028 184 1150 220; x_wconf 81' lang='lat' dir='ltr'><strong>Indique.</strong></span> <span class='ocrx_word' id='word_1_15' title='bbox 1165 182 1236 216; x_wconf 81' lang='lat' dir='ltr'><strong>Quid</strong></span> <span class='ocrx_word' id='word_1_16' title='bbox 1253 182 1461 214; x_wconf 84' lang='lat' dir='ltr'><strong>circa.umbras</strong></span> <span class='ocrx_word' id='word_1_17' title='bbox 1475 182 1610 215; x_wconf 84' lang='lat' dir='ltr'><strong>moraris,</strong></span> <span class='ocrx_word' id='word_1_18' title='bbox 1624 180 1732 217; x_wconf 87' lang='lat' dir='ltr'><strong>tibique</strong></span> <span class='ocrx_word' id='word_1_19' title='bbox 1747 180 1819 215; x_wconf 83' lang='lat' dir='ltr'><strong>ipse.</strong></span> 
     </span>
    </p>
   </div>
   <div class='ocr_carea' id='block_1_6' title="bbox 177 234 973 274">
    <p class='ocr_par' dir='ltr' id='par_1_6' title="bbox 177 234 973 274">
     <span class='ocr_line' id='line_1_6' title="bbox 177 234 973 274; baseline -0.003 -9"><span class='ocrx_word' id='word_1_20' title='bbox 177 239 295 274; x_wconf 75' lang='grc' dir='ltr'>μίσησον</span> <span class='ocrx_word' id='word_1_21' title='bbox 312 238 453 273; x_wconf 82' lang='grc' dir='ltr'>χρήματα,</span> <span class='ocrx_word' id='word_1_22' title='bbox 468 237 516 264; x_wconf 77' lang='grc' dir='ltr'><strong>καὶ</strong></span> <span class='ocrx_word' id='word_1_23' title='bbox 530 236 626 270; x_wconf 82' lang='grc' dir='ltr'>ἀγάπα</span> <span class='ocrx_word' id='word_1_24' title='bbox 645 245 693 263; x_wconf 78' lang='grc' dir='ltr'><strong>σου</strong></span> <span class='ocrx_word' id='word_1_25' title='bbox 708 235 757 268; x_wconf 82' lang='grc' dir='ltr'><strong>τὴν</strong></span> <span class='ocrx_word' id='word_1_26' title='bbox 771 235 856 271; x_wconf 79' lang='grc' dir='ltr'>ζωήν.</span> <span class='ocrx_word' id='word_1_27' title='bbox 878 234 973 269; x_wconf 55' lang='lat' dir='ltr'><strong>Titi/0v</strong></span> 
     </span>
    </p>
   </div>
   <div class='ocr_carea' id='block_1_7' title="bbox 177 282 972 318">
    <p class='ocr_par' dir='ltr' id='par_1_7' title="bbox 177 282 972 318">
     <span class='ocr_line' id='line_1_7' title="bbox 177 282 972 318; baseline -0.004 -6"><span class='ocrx_word' id='word_1_28' title='bbox 177 284 212 312; x_wconf 77' lang='grc' dir='ltr'><strong>τὰ</strong></span> <span class='ocrx_word' id='word_1_29' title='bbox 225 284 291 311; x_wconf 76' lang='grc' dir='ltr'>ὄντα</span> <span class='ocrx_word' id='word_1_30' title='bbox 304 283 352 310; x_wconf 84' lang='grc' dir='ltr'><strong>τοῦ</strong></span> <span class='ocrx_word' id='word_1_31' title='bbox 369 284 427 318; x_wconf 83' lang='grc' dir='ltr'>βίου</span> <span class='ocrx_word' id='word_1_32' title='bbox 444 283 530 316; x_wconf 76' lang='grc' dir='ltr'>κακὰ,</span> <span class='ocrx_word' id='word_1_33' title='bbox 550 284 595 310; x_wconf 82' lang='grc' dir='ltr'>ἵνα</span> <span class='ocrx_word' id='word_1_34' title='bbox 611 283 646 309; x_wconf 79' lang='grc' dir='ltr'><strong>τὰ</strong></span> <span class='ocrx_word' id='word_1_35' title='bbox 662 283 720 309; x_wconf 74' lang='grc' dir='ltr'>ἐκεῖ</span> <span class='ocrx_word' id='word_1_36' title='bbox 735 282 828 315; x_wconf 80' lang='grc' dir='ltr'>ἀγαθὰ</span> <span class='ocrx_word' id='word_1_37' title='bbox 842 282 972 318; x_wconf 75' lang='grc' dir='ltr'>κληρονο-</span> 
     </span>
    </p>
   </div>
   <div class='ocr_carea' id='block_1_8' title="bbox 141 326 973 366">
    <p class='ocr_par' dir='ltr' id='par_1_8' title="bbox 141 326 973 366">
     <span class='ocr_line' id='line_1_8' title="bbox 141 326 973 366; baseline -0.002 -10"><span class='ocrx_word' id='word_1_38' title='bbox 141 346 143 349; x_wconf 91' lang='grc'><strong>-</strong></span> <span class='ocrx_word' id='word_1_39' title='bbox 179 331 279 366; x_wconf 79' lang='grc' dir='ltr'>μήσῃς.</span> <span class='ocrx_word' id='word_1_40' title='bbox 296 326 359 356; x_wconf 80' lang='grc' dir='ltr'>Οἴόν</span> <span class='ocrx_word' id='word_1_41' title='bbox 375 338 402 356; x_wconf 83' lang='grc' dir='ltr'>τι</span> <span class='ocrx_word' id='word_1_42' title='bbox 415 330 489 363; x_wconf 72' lang='grc' dir='ltr'>λέγω</span> <span class='ocrx_word' id='word_1_43' title='bbox 501 337 509 344; x_wconf 73' lang='grc' dir='ltr'><strong>σ</strong></span> <span class='ocrx_word' id='word_1_44' title='bbox 523 329 569 364; x_wconf 82' lang='grc' dir='ltr'><strong>Μὴ</strong></span> <span class='ocrx_word' id='word_1_45' title='bbox 582 328 711 364; x_wconf 79' lang='grc' dir='ltr'>ἀρπάσῃς</span> <span class='ocrx_word' id='word_1_46' title='bbox 723 328 840 363; x_wconf 79' lang='grc' dir='ltr'>πένητα,</span> <span class='ocrx_word' id='word_1_47' title='bbox 859 329 897 363; x_wconf 87' lang='grc' dir='ltr'>μὴ</span> <span class='ocrx_word' id='word_1_48' title='bbox 911 328 973 354; x_wconf 51' lang='grc' dir='ltr'>ἐπι.</span> 
     </span>
    </p>
   </div>
   <div class='ocr_carea' id='block_1_9' title="bbox 177 373 970 412">
    <p class='ocr_par' dir='ltr' id='par_1_9' title="bbox 177 373 970 412">
     <span class='ocr_line' id='line_1_9' title="bbox 177 373 970 412; baseline -0.004 -9"><span class='ocrx_word' id='word_1_49' title='bbox 177 376 305 412; x_wconf 78' lang='grc' dir='ltr'>θυμήσῃς</span> <span class='ocrx_word' id='word_1_50' title='bbox 318 375 353 402; x_wconf 80' lang='grc' dir='ltr'><strong>τὰ</strong></span> <span class='ocrx_word' id='word_1_51' title='bbox 370 375 418 402; x_wconf 76' lang='grc' dir='ltr'><strong>τοῦ</strong></span> <span class='ocrx_word' id='word_1_52' title='bbox 433 375 566 411; x_wconf 68' lang='grc' dir='ltr'>πλησίονυ</span> <span class='ocrx_word' id='word_1_53' title='bbox 581 374 633 410; x_wconf 84' lang='grc' dir='ltr'><strong>τὴν</strong></span> <span class='ocrx_word' id='word_1_54' title='bbox 646 374 736 411; x_wconf 79' lang='grc' dir='ltr'>χήραν</span> <span class='ocrx_word' id='word_1_55' title='bbox 752 373 790 410; x_wconf 74' lang='grc' dir='ltr'>μὴ</span> <span class='ocrx_word' id='word_1_56' title='bbox 805 373 970 409; x_wconf 76' lang='grc' dir='ltr'>γυμνώσῃς*</span> 
     </span>
    </p>
   </div>
   <div class='ocr_carea' id='block_1_10' title="bbox 178 419 973 457">
    <p class='ocr_par' dir='ltr' id='par_1_10' title="bbox 178 419 973 457">
     <span class='ocr_line' id='line_1_10' title="bbox 178 419 973 457; baseline -0.003 -9"><span class='ocrx_word' id='word_1_57' title='bbox 178 423 224 449; x_wconf 68' lang='grc' dir='ltr'><strong>τον</strong></span> <span class='ocrx_word' id='word_1_58' title='bbox 237 422 356 457; x_wconf 72' lang='grc' dir='ltr'>ὀρφανὸν</span> <span class='ocrx_word' id='word_1_59' title='bbox 375 421 415 457; x_wconf 80' lang='grc' dir='ltr'>μὴ</span> <span class='ocrx_word' id='word_1_60' title='bbox 436 420 564 457; x_wconf 75' lang='grc' dir='ltr'>ἁρπάσῃς</span> <span class='ocrx_word' id='word_1_61' title='bbox 574 430 581 437; x_wconf 92' lang='grc'><strong>·</strong></span> <span class='ocrx_word' id='word_1_62' title='bbox 596 421 647 455; x_wconf 82' lang='grc' dir='ltr'><strong>τὴν</strong></span> <span class='ocrx_word' id='word_1_63' title='bbox 663 420 754 448; x_wconf 71' lang='grc' dir='ltr'>οἰκίαν</span> <span class='ocrx_word' id='word_1_64' title='bbox 769 420 807 456; x_wconf 86' lang='grc' dir='ltr'>μὴ</span> <span class='ocrx_word' id='word_1_65' title='bbox 824 419 911 456; x_wconf 73' lang='grc' dir='ltr'>λάϐῃς</span> <span class='ocrx_word' id='word_1_66' title='bbox 924 419 973 446; x_wconf 80' lang='grc' dir='ltr'><strong>τοῦ</strong></span> 
     </span>
    </p>
   </div>
   <div class='ocr_carea' id='block_1_11' title="bbox 179 466 974 503">
    <p class='ocr_par' dir='ltr' id='par_1_11' title="bbox 179 466 974 503">
     <span class='ocr_line' id='line_1_11' title="bbox 179 466 974 503; baseline -0.001 -9"><span class='ocrx_word' id='word_1_67' title='bbox 179 469 308 502; x_wconf 74' lang='grc' dir='ltr'>πένητος.</span> <span class='ocrx_word' id='word_1_68' title='bbox 320 468 354 495; x_wconf 73' lang='grc' dir='ltr'><strong>Εἴ</strong></span> <span class='ocrx_word' id='word_1_69' title='bbox 367 476 440 499; x_wconf 87' lang='grc' dir='ltr'>τινος</span> <span class='ocrx_word' id='word_1_70' title='bbox 456 467 677 503; x_wconf 76' lang='grc' dir='ltr'>ὲπιλαμὸάνεται</span> <span class='ocrx_word' id='word_1_71' title='bbox 689 466 721 494; x_wconf 79' lang='grc' dir='ltr'><strong>τὸ</strong></span> <span class='ocrx_word' id='word_1_72' title='bbox 741 467 873 498; x_wconf 74' lang='grc' dir='ltr'><strong>συνειδὸς,</strong></span> <span class='ocrx_word' id='word_1_73' title='bbox 891 466 974 498; x_wconf 76' lang='grc' dir='ltr'>αὐτὸς</span> 
     </span>
    </p>
   </div>
   <div class='ocr_carea' id='block_1_12' title="bbox 179 513 972 549">
    <p class='ocr_par' dir='ltr' id='par_1_12' title="bbox 179 513 972 549">
     <span class='ocr_line' id='line_1_12' title="bbox 179 513 972 549; baseline -0.001 -9"><span class='ocrx_word' id='word_1_74' title='bbox 179 515 254 541; x_wconf 81' lang='grc' dir='ltr'>ἐστιν</span> <span class='ocrx_word' id='word_1_75' title='bbox 273 515 288 540; x_wconf 75' lang='grc' dir='ltr'><strong>ὁ</strong></span> <span class='ocrx_word' id='word_1_76' title='bbox 301 513 399 546; x_wconf 76' lang='grc' dir='ltr'>αἴτιος.</span> <span class='ocrx_word' id='word_1_77' title='bbox 415 514 448 540; x_wconf 87' lang='grc' dir='ltr'>Τί</span> <span class='ocrx_word' id='word_1_78' title='bbox 463 513 599 549; x_wconf 67' lang='grc' dir='ltr'>ἁρπάξαις</span> <span class='ocrx_word' id='word_1_79' title='bbox 623 513 744 548; x_wconf 77' lang='grc' dir='ltr'>πένητας</span> <span class='ocrx_word' id='word_1_80' title='bbox 771 513 799 539; x_wconf 84' lang='grc' dir='ltr'>τί</span> <span class='ocrx_word' id='word_1_81' title='bbox 826 513 972 548; x_wconf 74' lang='grc' dir='ltr'>ἁρπάζεις.</span> 
     </span>
    </p>
   </div>
   <div class='ocr_carea' id='block_1_13' title="bbox 178 559 974 594">
    <p class='ocr_par' dir='ltr' id='par_1_13' title="bbox 178 559 974 594">
     <span class='ocr_line' id='line_1_13' title="bbox 178 559 974 594; baseline -0.001 -8"><span class='ocrx_word' id='word_1_82' title='bbox 178 560 247 587; x_wconf 73' lang='grc' dir='ltr'>ὅπου</span> <span class='ocrx_word' id='word_1_83' title='bbox 265 560 361 594; x_wconf 81' lang='grc' dir='ltr'>φθόνος</span> <span class='ocrx_word' id='word_1_84' title='bbox 383 559 429 586; x_wconf 76' lang='grc' dir='ltr'><strong>καὶ</strong></span> <span class='ocrx_word' id='word_1_85' title='bbox 447 559 582 594; x_wconf 82' lang='grc' dir='ltr'>κατάραι,</span> <span class='ocrx_word' id='word_1_86' title='bbox 599 559 741 594; x_wconf 75' lang='grc' dir='ltr'>Ἅρπασον</span> <span class='ocrx_word' id='word_1_87' title='bbox 760 560 826 586; x_wconf 75' lang='grc' dir='ltr'>ὅπου</span> <span class='ocrx_word' id='word_1_88' title='bbox 843 559 974 593; x_wconf 78' lang='grc' dir='ltr'>στέφανος</span> 
     </span>
    </p>
   </div>
   <div class='ocr_carea' id='block_1_14' title="bbox 179 604 973 642">
    <p class='ocr_par' dir='ltr' id='par_1_14' title="bbox 179 604 973 642">
     <span class='ocr_line' id='line_1_14' title="bbox 179 604 973 642; baseline 0 -10"><span class='ocrx_word' id='word_1_89' title='bbox 179 606 346 641; x_wconf 78' lang='grc' dir='ltr'>ἀφθαρσίας.</span> <span class='ocrx_word' id='word_1_90' title='bbox 372 606 419 641; x_wconf 81' lang='grc' dir='ltr'><strong>Μὴ</strong></span> <span class='ocrx_word' id='word_1_91' title='bbox 433 604 542 641; x_wconf 75' lang='grc' dir='ltr'>ἅρπαζε</span> <span class='ocrx_word' id='word_1_92' title='bbox 557 606 592 633; x_wconf 79' lang='grc' dir='ltr'><strong>τὰ</strong></span> <span class='ocrx_word' id='word_1_93' title='bbox 603 606 652 641; x_wconf 84' lang='grc' dir='ltr'><strong>τῆς</strong></span> <span class='ocrx_word' id='word_1_94' title='bbox 671 606 733 640; x_wconf 81' lang='grc' dir='ltr'>γῆς,</span> <span class='ocrx_word' id='word_1_95' title='bbox 752 605 819 642; x_wconf 81' lang='grc' dir='ltr'>μηδὲ</span> <span class='ocrx_word' id='word_1_96' title='bbox 839 606 890 641; x_wconf 74' lang='grc' dir='ltr'><strong>τὴν</strong></span> <span class='ocrx_word' id='word_1_97' title='bbox 909 606 973 640; x_wconf 80' lang='grc' dir='ltr'>γῆν,</span> 
     </span>
    </p>
   </div>
   <div class='ocr_carea' id='block_1_15' title="bbox 180 652 974 688">
    <p class='ocr_par' dir='ltr' id='par_1_15' title="bbox 180 652 974 688">
     <span class='ocr_line' id='line_1_15' title="bbox 180 652 974 688; baseline 0.001 -10"><span class='ocrx_word' id='word_1_98' title='bbox 180 652 249 679; x_wconf 71' lang='grc' dir='ltr'>ἀλλὰ</span> <span class='ocrx_word' id='word_1_99' title='bbox 267 653 394 687; x_wconf 73' lang='grc' dir='ltr'>ἅρπασον</span> <span class='ocrx_word' id='word_1_100' title='bbox 409 652 455 678; x_wconf 68' lang='grc' dir='ltr'>τὸν</span> <span class='ocrx_word' id='word_1_101' title='bbox 472 652 598 687; x_wconf 74' lang='grc' dir='ltr'>οὐρανόν.</span> <span class='ocrx_word' id='word_1_102' title='bbox 615 652 731 685; x_wconf 73' lang='grc' dir='ltr'>Βιαστὴ</span> <span class='ocrx_word' id='word_1_103' title='bbox 748 653 803 688; x_wconf 80' lang='grc' dir='ltr'>γάρ</span> <span class='ocrx_word' id='word_1_104' title='bbox 822 652 899 683; x_wconf 68' lang='grc' dir='ltr'>ἐστι.</span> <span class='ocrx_word' id='word_1_105' title='bbox 920 661 974 687; x_wconf 85' lang='grc' dir='ltr'><strong>φη-</strong></span> 
     </span>
    </p>
   </div>
   <div class='ocr_carea' id='block_1_16' title="bbox 182 694 974 733">
    <p class='ocr_par' dir='ltr' id='par_1_16' title="bbox 182 694 974 733">
     <span class='ocr_line' id='line_1_16' title="bbox 182 694 974 733; baseline 0 -9"><span class='ocrx_word' id='word_1_106' title='bbox 182 698 235 729; x_wconf 68' lang='grc' dir='ltr'>σὶν,</span> <span class='ocrx_word' id='word_1_107' title='bbox 251 699 270 732; x_wconf 74' lang='grc' dir='ltr'><strong>ἡ</strong></span> <span class='ocrx_word' id='word_1_108' title='bbox 283 698 430 730; x_wconf 75' lang='grc' dir='ltr'>βασιλεία</span> <span class='ocrx_word' id='word_1_109' title='bbox 439 694 499 725; x_wconf 81' lang='grc' dir='ltr'><strong>τῶν</strong></span> <span class='ocrx_word' id='word_1_110' title='bbox 518 698 665 733; x_wconf 61' lang='grc' dir='ltr'>οἰιρανῶν,</span> <span class='ocrx_word' id='word_1_111' title='bbox 680 698 729 725; x_wconf 75' lang='grc' dir='ltr'><strong>καὶ</strong></span> <span class='ocrx_word' id='word_1_112' title='bbox 737 697 863 730; x_wconf 75' lang='grc' dir='ltr'>βιασταὶ</span> <span class='ocrx_word' id='word_1_113' title='bbox 879 697 974 732; x_wconf 72' lang='grc' dir='ltr'>ἀρπά-</span> 
     </span>
    </p>
   </div>
   <div class='ocr_carea' id='block_1_17' title="bbox 178 743 975 779">
    <p class='ocr_par' dir='ltr' id='par_1_17' title="bbox 178 743 975 779">
     <span class='ocr_line' id='line_1_17' title="bbox 178 743 975 779; baseline 0 -9"><span class='ocrx_word' id='word_1_114' title='bbox 178 743 287 773; x_wconf 75' lang='grc' dir='ltr'>ζουσιν</span> <span class='ocrx_word' id='word_1_115' title='bbox 297 743 404 776; x_wconf 73' lang='grc' dir='ltr'><strong>αὐτήν.</strong></span> <span class='ocrx_word' id='word_1_116' title='bbox 423 743 573 778; x_wconf 75' lang='grc' dir='ltr'>Ἀρπὰζεις</span> <span class='ocrx_word' id='word_1_117' title='bbox 589 743 635 770; x_wconf 76' lang='grc' dir='ltr'><strong>τὸν</strong></span> <span class='ocrx_word' id='word_1_118' title='bbox 653 743 768 779; x_wconf 78' lang='grc' dir='ltr'>πένητα,</span> <span class='ocrx_word' id='word_1_119' title='bbox 785 744 829 770; x_wconf 66' lang='grc' dir='ltr'><strong>τὸν</strong></span> <span class='ocrx_word' id='word_1_120' title='bbox 843 743 975 778; x_wconf 81' lang='grc' dir='ltr'>ἐντυγχά-</span> 
     </span>
    </p>
   </div>
   <div class='ocr_carea' id='block_1_18' title="bbox 179 788 976 824">
    <p class='ocr_par' dir='ltr' id='par_1_18' title="bbox 179 788 976 824">
     <span class='ocr_line' id='line_1_18' title="bbox 179 788 976 824; baseline -0.001 -8"><span class='ocrx_word' id='word_1_121' title='bbox 179 797 263 816; x_wconf 80' lang='grc' dir='ltr'>νοντα</span> <span class='ocrx_word' id='word_1_122' title='bbox 285 789 357 816; x_wconf 71' lang='grc' dir='ltr'><strong>κατᾶ</strong></span> <span class='ocrx_word' id='word_1_123' title='bbox 383 788 431 815; x_wconf 83' lang='grc' dir='ltr'><strong>σοῦ</strong></span> <span class='ocrx_word' id='word_1_124' title='bbox 451 788 491 824; x_wconf 86' lang='grc' dir='ltr'><strong>τῷ</strong></span> <span class='ocrx_word' id='word_1_125' title='bbox 518 788 579 823; x_wconf 86' lang='grc' dir='ltr'><strong>Θεῴ</strong></span> <span class='ocrx_word' id='word_1_126' title='bbox 601 788 685 815; x_wconf 80' lang='grc' dir='ltr'>νύκτα</span> <span class='ocrx_word' id='word_1_127' title='bbox 707 789 756 816; x_wconf 72' lang='grc' dir='ltr'><strong>καὶ</strong></span> <span class='ocrx_word' id='word_1_128' title='bbox 778 789 903 824; x_wconf 77' lang='grc' dir='ltr'>ἡμέραν,</span> <span class='ocrx_word' id='word_1_129' title='bbox 927 788 976 815; x_wconf 76' lang='grc' dir='ltr'>καὶ</span> 
     </span>
    </p>
   </div>
   <div class='ocr_carea' id='block_1_19' title="bbox 180 834 973 870">
    <p class='ocr_par' dir='ltr' id='par_1_19' title="bbox 180 834 973 870">
     <span class='ocr_line' id='line_1_19' title="bbox 180 834 973 870; baseline 0.003 -10"><span class='ocrx_word' id='word_1_130' title='bbox 180 834 303 869; x_wconf 59' lang='lat' dir='ltr'><strong>ﬂemina;</strong></span> <span class='ocrx_word' id='word_1_131' title='bbox 317 835 460 870; x_wconf 76' lang='grc' dir='ltr'>Ἅρπασον</span> <span class='ocrx_word' id='word_1_132' title='bbox 474 835 520 861; x_wconf 79' lang='grc' dir='ltr'><strong>τὸν</strong></span> <span class='ocrx_word' id='word_1_133' title='bbox 533 835 663 870; x_wconf 73' lang='grc' dir='ltr'>Χριστὸν,</span> <span class='ocrx_word' id='word_1_134' title='bbox 679 835 725 862; x_wconf 74' lang='grc' dir='ltr'><strong>τὸν</strong></span> <span class='ocrx_word' id='word_1_135' title='bbox 750 835 916 862; x_wconf 74' lang='grc' dir='ltr'>ἐπαινοῦντά.</span> <span class='ocrx_word' id='word_1_136' title='bbox 933 843 973 862; x_wconf 81' lang='grc' dir='ltr'>σε.</span> 
     </span>
    </p>
   </div>
   <div class='ocr_carea' id='block_1_20' title="bbox 1024 227 1819 262">
    <p class='ocr_par' dir='ltr' id='par_1_20' title="bbox 1024 227 1819 262">
     <span class='ocr_line' id='line_1_20' title="bbox 1024 227 1819 262; baseline -0.006 -4"><span class='ocrx_word' id='word_1_137' title='bbox 1024 231 1162 258; x_wconf 78' lang='lat' dir='ltr'><strong>tumultus</strong></span> <span class='ocrx_word' id='word_1_138' title='bbox 1183 228 1346 262; x_wconf 84' lang='lat' dir='ltr'><strong>eies?Quid</strong></span> <span class='ocrx_word' id='word_1_139' title='bbox 1371 229 1470 256; x_wconf 87' lang='lat' dir='ltr'><strong>relicta</strong></span> <span class='ocrx_word' id='word_1_140' title='bbox 1494 228 1612 256; x_wconf 79' lang='lat' dir='ltr'><strong>veritate</strong></span> <span class='ocrx_word' id='word_1_141' title='bbox 1638 227 1673 254; x_wconf 82' lang='lat' dir='ltr'><strong>ad</strong></span> <span class='ocrx_word' id='word_1_142' title='bbox 1688 227 1819 255; x_wconf 81' lang='lat' dir='ltr'><strong>umbram</strong></span> 
     </span>
    </p>
   </div>
   <div class='ocr_carea' id='block_1_21' title="bbox 1023 271 1819 311">
    <p class='ocr_par' dir='ltr' id='par_1_21' title="bbox 1023 271 1819 311">
     <span class='ocr_line' id='line_1_21' title="bbox 1023 271 1819 311; baseline -0.008 -6"><span class='ocrx_word' id='word_1_143' title='bbox 1023 276 1132 305; x_wconf 78' lang='lat' dir='ltr'><strong>curris?</strong></span> <span class='ocrx_word' id='word_1_144' title='bbox 1147 276 1220 311; x_wconf 85' lang='lat' dir='ltr'><strong>Opes</strong></span> <span class='ocrx_word' id='word_1_145' title='bbox 1235 275 1299 302; x_wconf 87' lang='lat' dir='ltr'><strong>odio</strong></span> <span class='ocrx_word' id='word_1_146' title='bbox 1318 275 1399 307; x_wconf 76' lang='lat' dir='ltr'><strong>habe,</strong></span> <span class='ocrx_word' id='word_1_147' title='bbox 1412 282 1446 302; x_wconf 88' lang='lat' dir='ltr'><strong>ac</strong></span> <span class='ocrx_word' id='word_1_148' title='bbox 1467 274 1551 302; x_wconf 82' lang='lat' dir='ltr'><strong>vitam</strong></span> <span class='ocrx_word' id='word_1_149' title='bbox 1569 278 1644 301; x_wconf 84' lang='lat' dir='ltr'><strong>tuam</strong></span> <span class='ocrx_word' id='word_1_150' title='bbox 1657 279 1730 300; x_wconf 81' lang='lat' dir='ltr'><strong>ama.</strong></span> <span class='ocrx_word' id='word_1_151' title='bbox 1746 271 1819 299; x_wconf 88' lang='lat' dir='ltr'><strong>Vera</strong></span> 
     </span>
    </p>
   </div>
   <div class='ocr_carea' id='block_1_22' title="bbox 1024 319 1818 358">
    <p class='ocr_par' dir='ltr' id='par_1_22' title="bbox 1024 319 1818 358">
     <span class='ocr_line' id='line_1_22' title="bbox 1024 319 1818 358; baseline -0.008 -7"><span class='ocrx_word' id='word_1_152' title='bbox 1024 323 1108 358; x_wconf 80' lang='lat' dir='ltr'><strong>hujus</strong></span> <span class='ocrx_word' id='word_1_153' title='bbox 1126 322 1187 350; x_wconf 74' lang='lat' dir='ltr'><strong>vitae</strong></span> <span class='ocrx_word' id='word_1_154' title='bbox 1202 321 1273 348; x_wconf 85' lang='lat' dir='ltr'><strong>mala</strong></span> <span class='ocrx_word' id='word_1_155' title='bbox 1294 320 1395 356; x_wconf 88' lang='lat' dir='ltr'><strong>abjice,</strong></span> <span class='ocrx_word' id='word_1_156' title='bbox 1415 325 1445 347; x_wconf 90' lang='lat' dir='ltr'><strong>ul.</strong></span> <span class='ocrx_word' id='word_1_157' title='bbox 1469 321 1568 347; x_wconf 73' lang='lat' dir='ltr'><strong>futurae</strong></span> <span class='ocrx_word' id='word_1_158' title='bbox 1578 319 1650 347; x_wconf 87' lang='lat' dir='ltr'><strong>bona</strong></span> <span class='ocrx_word' id='word_1_159' title='bbox 1660 325 1818 353; x_wconf 86' lang='lat' dir='ltr'><strong>consequa-</strong></span> 
     </span>
    </p>
   </div>
   <div class='ocr_carea' id='block_1_23' title="bbox 1024 361 1819 399">
    <p class='ocr_par' dir='ltr' id='par_1_23' title="bbox 1024 361 1819 399">
     <span class='ocr_line' id='line_1_23' title="bbox 1024 361 1819 399; baseline -0.009 -3"><span class='ocrx_word' id='word_1_160' title='bbox 1024 369 1074 397; x_wconf 89' lang='lat' dir='ltr'><strong>ris.</strong></span> <span class='ocrx_word' id='word_1_161' title='bbox 1098 367 1219 395; x_wconf 83' lang='lat' dir='ltr'><strong>Perinde</strong></span> <span class='ocrx_word' id='word_1_162' title='bbox 1238 369 1280 395; x_wconf 83' lang='lat' dir='ltr'><strong>est</strong></span> <span class='ocrx_word' id='word_1_163' title='bbox 1297 373 1330 393; x_wconf 88' lang='lat' dir='ltr'><strong>ac</strong></span> <span class='ocrx_word' id='word_1_164' title='bbox 1345 365 1387 394; x_wconf 87' lang='lat' dir='ltr'><strong>sic</strong></span> <span class='ocrx_word' id='word_1_165' title='bbox 1414 365 1512 393; x_wconf 74' lang='lat' dir='ltr'><strong>dixero</strong></span> <span class='ocrx_word' id='word_1_166' title='bbox 1527 372 1535 391; x_wconf 84' lang='lat'><strong>:</strong></span> <span class='ocrx_word' id='word_1_167' title='bbox 1555 363 1595 392; x_wconf 86' lang='lat' dir='ltr'><strong>Ne</strong></span> <span class='ocrx_word' id='word_1_168' title='bbox 1609 370 1761 399; x_wconf 86' lang='lat' dir='ltr'><strong>pauperem</strong></span> <span class='ocrx_word' id='word_1_169' title='bbox 1776 361 1819 390; x_wconf 88' lang='lat' dir='ltr'><strong>di-</strong></span> 
     </span>
    </p>
   </div>
   <div class='ocr_carea' id='block_1_24' title="bbox 1024 410 1821 450">
    <p class='ocr_par' dir='ltr' id='par_1_24' title="bbox 1024 410 1821 450">
     <span class='ocr_line' id='line_1_24' title="bbox 1024 410 1821 450; baseline -0.009 -8"><span class='ocrx_word' id='word_1_170' title='bbox 1024 415 1121 450; x_wconf 77' lang='lat' dir='ltr'><strong>ripias,</strong></span> <span class='ocrx_word' id='word_1_171' title='bbox 1149 421 1184 442; x_wconf 90' lang='lat' dir='ltr'><strong>ne</strong></span> <span class='ocrx_word' id='word_1_172' title='bbox 1205 412 1352 449; x_wconf 87' lang='lat' dir='ltr'><strong>propinqui</strong></span> <span class='ocrx_word' id='word_1_173' title='bbox 1365 411 1445 447; x_wconf 82' lang='lat'><strong>501</strong></span> <span class='ocrx_word' id='word_1_174' title='bbox 1468 411 1541 439; x_wconf 88' lang='lat' dir='ltr'><strong>bona</strong></span> <span class='ocrx_word' id='word_1_175' title='bbox 1570 410 1767 445; x_wconf 78' lang='lat' dir='ltr'><strong>concupiscas,</strong></span> <span class='ocrx_word' id='word_1_176' title='bbox 1784 415 1821 435; x_wconf 87' lang='lat' dir='ltr'><strong>ne</strong></span> 
     </span>
    </p>
   </div>
   <div class='ocr_carea' id='block_1_25' title="bbox 1025 454 1818 497">
    <p class='ocr_par' dir='ltr' id='par_1_25' title="bbox 1025 454 1818 497">
     <span class='ocr_line' id='line_1_25' title="bbox 1025 454 1818 497; baseline -0.008 -9"><span class='ocrx_word' id='word_1_177' title='bbox 1025 462 1137 491; x_wconf 80' lang='lat' dir='ltr'><strong>viduam</strong></span> <span class='ocrx_word' id='word_1_178' title='bbox 1168 460 1283 497; x_wconf 87' lang='lat' dir='ltr'><strong>spolies,</strong></span> <span class='ocrx_word' id='word_1_179' title='bbox 1318 459 1427 494; x_wconf 88' lang='lat' dir='ltr'><strong>pupillo</strong></span> <span class='ocrx_word' id='word_1_180' title='bbox 1453 457 1601 485; x_wconf 71' lang='lat' dir='ltr'><strong>facultates</strong></span> <span class='ocrx_word' id='word_1_181' title='bbox 1623 464 1658 485; x_wconf 89' lang='lat' dir='ltr'><strong>ne</strong></span> <span class='ocrx_word' id='word_1_182' title='bbox 1692 454 1818 487; x_wconf 77' lang='lat' dir='ltr'><strong>auferas.</strong></span> 
     </span>
    </p>
   </div>
   <div class='ocr_carea' id='block_1_26' title="bbox 1024 502 1819 543">
    <p class='ocr_par' dir='ltr' id='par_1_26' title="bbox 1024 502 1819 543">
     <span class='ocr_line' id='line_1_26' title="bbox 1024 502 1819 543; baseline -0.01 -6"><span class='ocrx_word' id='word_1_183' title='bbox 1024 508 1136 537; x_wconf 77' lang='lat' dir='ltr'><strong>douium</strong></span> <span class='ocrx_word' id='word_1_184' title='bbox 1156 507 1289 543; x_wconf 81' lang='lat' dir='ltr'><strong>pauperis</strong></span> <span class='ocrx_word' id='word_1_185' title='bbox 1311 513 1367 534; x_wconf 84' lang='lat' dir='ltr'><strong>non</strong></span> <span class='ocrx_word' id='word_1_186' title='bbox 1394 509 1573 540; x_wconf 69' lang='lat' dir='ltr'><strong>extorqueas.</strong></span> <span class='ocrx_word' id='word_1_187' title='bbox 1595 502 1624 531; x_wconf 88' lang='lat' dir='ltr'><strong>Si</strong></span> <span class='ocrx_word' id='word_1_188' title='bbox 1641 510 1724 539; x_wconf 87' lang='lat' dir='ltr'><strong>quem</strong></span> <span class='ocrx_word' id='word_1_189' title='bbox 1752 509 1819 529; x_wconf 88' lang='lat' dir='ltr'><strong>con-</strong></span> 
     </span>
    </p>
   </div>
   <div class='ocr_carea' id='block_1_27' title="bbox 1025 549 1820 588">
    <p class='ocr_par' dir='ltr' id='par_1_27' title="bbox 1025 549 1820 588">
     <span class='ocr_line' id='line_1_27' title="bbox 1025 549 1820 588; baseline -0.01 -6"><span class='ocrx_word' id='word_1_190' title='bbox 1025 554 1142 583; x_wconf 86' lang='lat' dir='ltr'><strong>scientia</strong></span> <span class='ocrx_word' id='word_1_191' title='bbox 1156 552 1343 588; x_wconf 74' lang='lat' dir='ltr'><strong>reprehendit,</strong></span> <span class='ocrx_word' id='word_1_192' title='bbox 1356 552 1400 579; x_wconf 90' lang='lat' dir='ltr'><strong>hic</strong></span> <span class='ocrx_word' id='word_1_193' title='bbox 1417 551 1445 578; x_wconf 92' lang='lat' dir='ltr'><strong>in</strong></span> <span class='ocrx_word' id='word_1_194' title='bbox 1464 551 1545 586; x_wconf 89' lang='lat' dir='ltr'><strong>culpa</strong></span> <span class='ocrx_word' id='word_1_195' title='bbox 1562 554 1616 578; x_wconf 85' lang='lat' dir='ltr'><strong>est.</strong></span> <span class='ocrx_word' id='word_1_196' title='bbox 1634 549 1705 582; x_wconf 79' lang='lat' dir='ltr'><strong>Quid</strong></span> <span class='ocrx_word' id='word_1_197' title='bbox 1715 555 1820 584; x_wconf 81' lang='lat' dir='ltr'><strong>paupe-</strong></span> 
     </span>
    </p>
   </div>
   <div class='ocr_carea' id='block_1_28' title="bbox 1025 594 1821 634">
    <p class='ocr_par' dir='ltr' id='par_1_28' title="bbox 1025 594 1821 634">
     <span class='ocr_line' id='line_1_28' title="bbox 1025 594 1821 634; baseline -0.011 -6"><span class='ocrx_word' id='word_1_198' title='bbox 1025 608 1081 628; x_wconf 81' lang='lat' dir='ltr'><strong>rem</strong></span> <span class='ocrx_word' id='word_1_199' title='bbox 1099 598 1287 634; x_wconf 82' lang='lat' dir='ltr'><strong>diripis?quid</strong></span> <span class='ocrx_word' id='word_1_200' title='bbox 1305 597 1378 633; x_wconf 81' lang='lat' dir='ltr'><strong>rapis</strong></span> <span class='ocrx_word' id='word_1_201' title='bbox 1392 597 1437 625; x_wconf 84' lang='lat' dir='ltr'><strong>ubi</strong></span> <span class='ocrx_word' id='word_1_202' title='bbox 1451 596 1614 624; x_wconf 82' lang='lat' dir='ltr'><strong>obtrectatio</strong></span> <span class='ocrx_word' id='word_1_203' title='bbox 1627 599 1654 623; x_wconf 90' lang='lat' dir='ltr'><strong>et</strong></span> <span class='ocrx_word' id='word_1_204' title='bbox 1676 594 1821 622; x_wconf 80' lang='lat' dir='ltr'><strong>maledicta</strong></span> 
     </span>
    </p>
   </div>
   <div class='ocr_carea' id='block_1_29' title="bbox 1025 638 1820 679">
    <p class='ocr_par' dir='ltr' id='par_1_29' title="bbox 1025 638 1820 679">
     <span class='ocr_line' id='line_1_29' title="bbox 1025 638 1820 679; baseline -0.011 -6"><span class='ocrx_word' id='word_1_205' title='bbox 1025 644 1180 674; x_wconf 81' lang='lat' dir='ltr'><strong>sunt?lllic</strong></span> <span class='ocrx_word' id='word_1_206' title='bbox 1197 644 1301 679; x_wconf 87' lang='lat' dir='ltr'><strong>rapias,</strong></span> <span class='ocrx_word' id='word_1_207' title='bbox 1324 643 1370 670; x_wconf 92' lang='lat' dir='ltr'><strong>ubi</strong></span> <span class='ocrx_word' id='word_1_208' title='bbox 1387 649 1489 670; x_wconf 83' lang='lat' dir='ltr'><strong>corona</strong></span> <span class='ocrx_word' id='word_1_209' title='bbox 1512 640 1738 668; x_wconf 81' lang='lat' dir='ltr'><strong>immortalitatis.</strong></span> <span class='ocrx_word' id='word_1_210' title='bbox 1760 638 1820 665; x_wconf 80' lang='lat' dir='ltr'><strong>Non</strong></span> 
     </span>
    </p>
   </div>
   <div class='ocr_carea' id='block_1_30' title="bbox 1027 684 1821 723">
    <p class='ocr_par' dir='ltr' id='par_1_30' title="bbox 1027 684 1821 723">
     <span class='ocr_line' id='line_1_30' title="bbox 1027 684 1821 723; baseline -0.01 -5"><span class='ocrx_word' id='word_1_211' title='bbox 1027 694 1151 723; x_wconf 80' lang='lat' dir='ltr'><strong>terrena,</strong></span> <span class='ocrx_word' id='word_1_212' title='bbox 1176 696 1232 716; x_wconf 90' lang='lat' dir='ltr'><strong>nor.</strong></span> <span class='ocrx_word' id='word_1_213' title='bbox 1256 692 1371 720; x_wconf 84' lang='lat' dir='ltr'><strong>terram,</strong></span> <span class='ocrx_word' id='word_1_214' title='bbox 1403 686 1454 715; x_wconf 89' lang='lat' dir='ltr'><strong>sed</strong></span> <span class='ocrx_word' id='word_1_215' title='bbox 1476 686 1578 714; x_wconf 59' lang='lat' dir='ltr'><strong>caelum</strong></span> <span class='ocrx_word' id='word_1_216' title='bbox 1596 692 1673 720; x_wconf 87' lang='lat' dir='ltr'><strong>rape.</strong></span> <span class='ocrx_word' id='word_1_217' title='bbox 1703 684 1821 719; x_wconf 63' lang='lat' dir='ltr'><strong>Regnum</strong></span> 
     </span>
    </p>
   </div>
   <div class='ocr_carea' id='block_1_31' title="bbox 1025 730 1819 770">
    <p class='ocr_par' dir='ltr' id='par_1_31' title="bbox 1025 730 1819 770">
     <span class='ocr_line' id='line_1_31' title="bbox 1025 730 1819 770; baseline -0.008 -7"><span class='ocrx_word' id='word_1_218' title='bbox 1025 735 1099 763; x_wconf 88' lang='lat' dir='ltr'><strong>enim</strong></span> <span class='ocrx_word' id='word_1_219' title='bbox 1132 735 1268 767; x_wconf 75' lang='lat' dir='ltr'><strong>caelorum,</strong></span> <span class='ocrx_word' id='word_1_220' title='bbox 1301 734 1394 770; x_wconf 86' lang='lat' dir='ltr'><strong>inquit</strong></span> <span class='ocrx_word' id='word_1_221' title='bbox 1413 733 1558 766; x_wconf 83' lang='lat' dir='ltr'><strong>Christus,</strong></span> <span class='ocrx_word' id='word_1_222' title='bbox 1583 732 1634 758; x_wconf 79' lang='lat' dir='ltr'><strong>uim</strong></span> <span class='ocrx_word' id='word_1_223' title='bbox 1652 730 1767 766; x_wconf 75' lang='lat' dir='ltr'><strong>patitur,</strong></span> <span class='ocrx_word' id='word_1_224' title='bbox 1793 735 1819 757; x_wconf 79' lang='lat' dir='ltr'><strong>et</strong></span> 
     </span>
    </p>
   </div>
   <div class='ocr_carea' id='block_1_32' title="bbox 1027 777 1821 816">
    <p class='ocr_par' dir='ltr' id='par_1_32' title="bbox 1027 777 1821 816">
     <span class='ocr_line' id='line_1_32' title="bbox 1027 777 1821 816; baseline -0.008 -7"><span class='ocrx_word' id='word_1_225' title='bbox 1027 782 1133 810; x_wconf 75' lang='lat' dir='ltr'><strong>uiolenti</strong></span> <span class='ocrx_word' id='word_1_226' title='bbox 1155 782 1263 816; x_wconf 77' lang='lat' dir='ltr'><strong>rapiunt</strong></span> <span class='ocrx_word' id='word_1_227' title='bbox 1292 781 1361 808; x_wconf 81' lang='lat' dir='ltr'><strong>illud</strong></span> <span class='ocrx_word' id='word_1_228' title='bbox 1376 780 1496 815; x_wconf 70' lang='lat' dir='ltr'><strong>(Matt/1.</strong></span> <span class='ocrx_word' id='word_1_229' title='bbox 1523 787 1562 811; x_wconf 75' lang='grc' dir='ltr'>χι,</span> <span class='ocrx_word' id='word_1_230' title='bbox 1589 778 1649 814; x_wconf 71' lang='grc'><strong>12).</strong></span> <span class='ocrx_word' id='word_1_231' title='bbox 1670 777 1821 812; x_wconf 76' lang='lat' dir='ltr'><strong>Pauperem</strong></span> 
     </span>
    </p>
   </div>
   <div class='ocr_carea' id='block_1_33' title="bbox 1027 823 1820 864">
    <p class='ocr_par' dir='ltr' id='par_1_33' title="bbox 1027 823 1820 864">
     <span class='ocr_line' id='line_1_33' title="bbox 1027 823 1820 864; baseline -0.01 -7"><span class='ocrx_word' id='word_1_232' title='bbox 1027 829 1125 864; x_wconf 90' lang='lat' dir='ltr'><strong>diripis</strong></span> <span class='ocrx_word' id='word_1_233' title='bbox 1152 836 1244 856; x_wconf 89' lang='lat' dir='ltr'><strong>:cum</strong></span> <span class='ocrx_word' id='word_1_234' title='bbox 1275 827 1322 863; x_wconf 89' lang='lat' dir='ltr'><strong>qui</strong></span> <span class='ocrx_word' id='word_1_235' title='bbox 1354 827 1440 855; x_wconf 85' lang='lat' dir='ltr'><strong>Deum</strong></span> <span class='ocrx_word' id='word_1_236' title='bbox 1472 825 1591 855; x_wconf 81' lang='lat' dir='ltr'><strong>subinde</strong></span> <span class='ocrx_word' id='word_1_237' title='bbox 1611 825 1640 852; x_wconf 86' lang='lat' dir='ltr'><strong>in</strong></span> <span class='ocrx_word' id='word_1_238' title='bbox 1668 823 1820 860; x_wconf 86' lang='lat' dir='ltr'><strong>perniciem</strong></span> 
     </span>
    </p>
   </div>
   <div class='ocr_carea' id='block_1_34' title="bbox 182 868 975 917">
    <p class='ocr_par' dir='ltr' id='par_1_34' title="bbox 182 868 975 917">
     <span class='ocr_line' id='line_1_34' title="bbox 182 868 975 917; baseline 0.001 -11"><span class='ocrx_word' id='word_1_239' title='bbox 182 880 239 915; x_wconf 85' lang='grc' dir='ltr'><strong>Τὴν</strong></span> <span class='ocrx_word' id='word_1_240' title='bbox 262 881 338 908; x_wconf 80' lang='grc' dir='ltr'><strong>κάτω</strong></span> <span class='ocrx_word' id='word_1_241' title='bbox 356 868 506 916; x_wconf 29' lang='grc' dir='ltr'>’βασιλείαν</span> <span class='ocrx_word' id='word_1_242' title='bbox 534 868 582 907; x_wconf 61' lang='grc' dir='ltr'>ἐάν</span> <span class='ocrx_word' id='word_1_243' title='bbox 610 881 733 917; x_wconf 80' lang='grc' dir='ltr'>ζητήσῃς</span> <span class='ocrx_word' id='word_1_244' title='bbox 763 880 906 917; x_wconf 77' lang='grc' dir='ltr'>ἁρπάσαι,</span> <span class='ocrx_word' id='word_1_245' title='bbox 925 881 975 907; x_wconf 80' lang='grc' dir='ltr'>κᾶν</span> 
     </span>
    </p>
   </div>
   <div class='ocr_carea' id='block_1_35' title="bbox 1028 868 1823 917">
    <p class='ocr_par' dir='ltr' id='par_1_35' title="bbox 1028 870 1823 909">
     <span class='ocr_line' id='line_1_35' title="bbox 1028 870 1823 909; baseline -0.006 -7"><span class='ocrx_word' id='word_1_246' title='bbox 1028 879 1102 902; x_wconf 87' lang='lat' dir='ltr'><strong>tuam</strong></span> <span class='ocrx_word' id='word_1_247' title='bbox 1130 873 1176 902; x_wconf 90' lang='lat' dir='ltr'><strong>die</strong></span> <span class='ocrx_word' id='word_1_248' title='bbox 1203 878 1342 909; x_wconf 81' lang='lat' dir='ltr'><strong>nocteque</strong></span> <span class='ocrx_word' id='word_1_249' title='bbox 1357 873 1499 905; x_wconf 85' lang='lat' dir='ltr'><strong>convenit,</strong></span> <span class='ocrx_word' id='word_1_250' title='bbox 1514 877 1543 901; x_wconf 87' lang='lat' dir='ltr'><strong>et</strong></span> <span class='ocrx_word' id='word_1_251' title='bbox 1559 876 1658 900; x_wconf 86' lang='lat' dir='ltr'><strong>contra</strong></span> <span class='ocrx_word' id='word_1_252' title='bbox 1677 875 1704 899; x_wconf 87' lang='lat' dir='ltr'><strong>te</strong></span> <span class='ocrx_word' id='word_1_253' title='bbox 1718 870 1823 899; x_wconf 78' lang='lat' dir='ltr'><strong>vocife-</strong></span> 
     </span>
    </p>
   </div>
   <div class='ocr_carea' id='block_1_36' title="bbox 181 925 977 963">
    <p class='ocr_par' dir='ltr' id='par_1_36' title="bbox 181 925 977 963">
     <span class='ocr_line' id='line_1_36' title="bbox 181 925 977 963; baseline 0.004 -12"><span class='ocrx_word' id='word_1_254' title='bbox 181 926 293 962; x_wconf 76' lang='grc' dir='ltr'>νοηϐῇς,</span> <span class='ocrx_word' id='word_1_255' title='bbox 313 925 423 958; x_wconf 70' lang='grc' dir='ltr'>κολάζει</span> <span class='ocrx_word' id='word_1_256' title='bbox 433 935 439 942; x_wconf 93' lang='grc'>·</span> <span class='ocrx_word' id='word_1_257' title='bbox 454 927 503 962; x_wconf 78' lang='grc' dir='ltr'><strong>τὴν</strong></span> <span class='ocrx_word' id='word_1_258' title='bbox 518 926 547 953; x_wconf 79' lang='grc' dir='ltr'><strong>δὲ</strong></span> <span class='ocrx_word' id='word_1_259' title='bbox 567 926 624 954; x_wconf 85' lang='grc' dir='ltr'>ἄνω</span> <span class='ocrx_word' id='word_1_260' title='bbox 637 926 686 954; x_wconf 82' lang='grc' dir='ltr'><strong>ἐὰν</strong></span> <span class='ocrx_word' id='word_1_261' title='bbox 707 926 745 962; x_wconf 84' lang='grc' dir='ltr'>μὴ</span> <span class='ocrx_word' id='word_1_262' title='bbox 758 927 900 963; x_wconf 78' lang='grc' dir='ltr'>ἀρπάσῃς,</span> <span class='ocrx_word' id='word_1_263' title='bbox 916 927 977 954; x_wconf 77' lang='grc' dir='ltr'>τότε</span> 
     </span>
    </p>
   </div>
   <div class='ocr_carea' id='block_1_37' title="bbox 178 971 410 1006">
    <p class='ocr_par' dir='ltr' id='par_1_37' title="bbox 178 971 410 1006">
     <span class='ocr_line' id='line_1_37' title="bbox 178 971 410 1006; baseline 0.009 -10"><span class='ocrx_word' id='word_1_264' title='bbox 178 971 276 1006; x_wconf 73' lang='grc' dir='ltr'><strong>¹χεῖρον</strong></span> <span class='ocrx_word' id='word_1_265' title='bbox 289 971 410 1003; x_wconf 77' lang='grc' dir='ltr'><strong>κολάζει,</strong></span> 
     </span>
    </p>
   </div>
   <div class='ocr_carea' id='block_1_38' title="bbox 218 1109 979 1151">
    <p class='ocr_par' dir='ltr' id='par_1_38' title="bbox 218 1109 979 1151">
     <span class='ocr_line' id='line_1_38' title="bbox 218 1109 979 1151; baseline 0.003 -11"><span class='ocrx_word' id='word_1_266' title='bbox 218 1109 309 1149; x_wconf 73' lang='grc' dir='ltr'>Ἶῖψαι</span> <span class='ocrx_word' id='word_1_267' title='bbox 332 1114 430 1149; x_wconf 80' lang='grc' dir='ltr'><strong>λύχνον</strong></span> <span class='ocrx_word' id='word_1_268' title='bbox 455 1115 485 1142; x_wconf 76' lang='grc' dir='ltr'>ὲν</span> <span class='ocrx_word' id='word_1_269' title='bbox 505 1116 539 1151; x_wconf 81' lang='grc' dir='ltr'><strong>τῇ</strong></span> <span class='ocrx_word' id='word_1_270' title='bbox 556 1114 709 1150; x_wconf 65' lang='grc' dir='ltr'>ἐκκλησίας</span> <span class='ocrx_word' id='word_1_271' title='bbox 737 1115 795 1142; x_wconf 81' lang='grc' dir='ltr'>ἀλλ’</span> <span class='ocrx_word' id='word_1_272' title='bbox 818 1115 943 1150; x_wconf 76' lang='grc' dir='ltr'>εἰσῆλθεν</span> <span class='ocrx_word' id='word_1_273' title='bbox 964 1117 979 1142; x_wconf 82' lang='grc' dir='ltr'>ὁ</span> 
     </span>
    </p>
   </div>
   <div class='ocr_carea' id='block_1_39' title="bbox 184 1161 978 1198">
    <p class='ocr_par' dir='ltr' id='par_1_39' title="bbox 184 1161 978 1198">
     <span class='ocr_line' id='line_1_39' title="bbox 184 1161 978 1198; baseline 0.004 -12"><span class='ocrx_word' id='word_1_274' title='bbox 184 1161 271 1195; x_wconf 72' lang='grc' dir='ltr'>πένης</span> <span class='ocrx_word' id='word_1_275' title='bbox 293 1161 307 1187; x_wconf 85' lang='grc' dir='ltr'><strong>ὁ</strong></span> <span class='ocrx_word' id='word_1_276' title='bbox 337 1161 389 1188; x_wconf 83' lang='grc' dir='ltr'><strong>ὑπὸ</strong></span> <span class='ocrx_word' id='word_1_277' title='bbox 407 1161 455 1188; x_wconf 72' lang='grc' dir='ltr'><strong>σοῦ</strong></span> <span class='ocrx_word' id='word_1_278' title='bbox 480 1161 631 1198; x_wconf 80' lang='grc' dir='ltr'>ἀδικηθεὶς,</span> <span class='ocrx_word' id='word_1_279' title='bbox 646 1162 693 1188; x_wconf 75' lang='grc' dir='ltr'><strong>καὶ</strong></span> <span class='ocrx_word' id='word_1_280' title='bbox 716 1161 762 1189; x_wconf 81' lang='grc' dir='ltr'>διὰ</span> <span class='ocrx_word' id='word_1_281' title='bbox 782 1162 837 1188; x_wconf 80' lang='grc' dir='ltr'><strong>τῶν</strong></span> <span class='ocrx_word' id='word_1_282' title='bbox 853 1162 978 1198; x_wconf 77' lang='grc' dir='ltr'><strong>δακρύων</strong></span> 
     </span>
    </p>
   </div>
   <div class='ocr_carea' id='block_1_40' title="bbox 185 1206 976 1244">
    <p class='ocr_par' dir='ltr' id='par_1_40' title="bbox 185 1206 976 1244">
     <span class='ocr_line' id='line_1_40' title="bbox 185 1206 976 1244; baseline 0.004 -12"><span class='ocrx_word' id='word_1_283' title='bbox 185 1206 412 1242; x_wconf 78' lang='grc' dir='ltr'>κατεντυγχάνων</span> <span class='ocrx_word' id='word_1_284' title='bbox 440 1207 480 1242; x_wconf 79' lang='grc' dir='ltr'><strong>τῷ</strong></span> <span class='ocrx_word' id='word_1_285' title='bbox 498 1207 570 1243; x_wconf 83' lang='grc' dir='ltr'>Θεῷ,</span> <span class='ocrx_word' id='word_1_286' title='bbox 594 1207 691 1235; x_wconf 77' lang='grc' dir='ltr'>ἔσϐεσε</span> <span class='ocrx_word' id='word_1_287' title='bbox 719 1208 766 1234; x_wconf 83' lang='grc' dir='ltr'>τὸν</span> <span class='ocrx_word' id='word_1_288' title='bbox 791 1207 888 1244; x_wconf 87' lang='grc' dir='ltr'>λύχνον</span> <span class='ocrx_word' id='word_1_289' title='bbox 918 1217 976 1236; x_wconf 88' lang='grc' dir='ltr'>σου.</span> 
     </span>
    </p>
   </div>
   <div class='ocr_carea' id='block_1_41' title="bbox 187 1252 978 1290">
    <p class='ocr_par' dir='ltr' id='par_1_41' title="bbox 187 1252 978 1290">
     <span class='ocr_line' id='line_1_41' title="bbox 187 1252 978 1290; baseline 0.004 -12"><span class='ocrx_word' id='word_1_290' title='bbox 187 1252 311 1284; x_wconf 80' lang='grc' dir='ltr'>Ἐδωκας</span> <span class='ocrx_word' id='word_1_291' title='bbox 331 1252 372 1288; x_wconf 84' lang='grc' dir='ltr'><strong>τῷ</strong></span> <span class='ocrx_word' id='word_1_292' title='bbox 390 1253 487 1288; x_wconf 78' lang='grc' dir='ltr'>πένητι</span> <span class='ocrx_word' id='word_1_293' title='bbox 503 1253 603 1289; x_wconf 78' lang='grc' dir='ltr'>ἆρτον;</span> <span class='ocrx_word' id='word_1_294' title='bbox 622 1254 679 1280; x_wconf 79' lang='grc' dir='ltr'>ἀλλ’</span> <span class='ocrx_word' id='word_1_295' title='bbox 696 1255 713 1289; x_wconf 82' lang='grc' dir='ltr'>ὴ</span> <span class='ocrx_word' id='word_1_296' title='bbox 732 1254 819 1290; x_wconf 83' lang='grc' dir='ltr'><strong>ἀγέλη</strong></span> <span class='ocrx_word' id='word_1_297' title='bbox 834 1254 889 1281; x_wconf 83' lang='grc' dir='ltr'><strong>τῶν</strong></span> <span class='ocrx_word' id='word_1_298' title='bbox 908 1254 978 1290; x_wconf 82' lang='grc' dir='ltr'>βοῶν</span> 
     </span>
    </p>
   </div>
   <div class='ocr_carea' id='block_1_42' title="bbox 186 1298 980 1336">
    <p class='ocr_par' dir='ltr' id='par_1_42' title="bbox 186 1298 980 1336">
     <span class='ocr_line' id='line_1_42' title="bbox 186 1298 980 1336; baseline 0.001 -11"><span class='ocrx_word' id='word_1_299' title='bbox 186 1298 299 1326; x_wconf 75' lang='grc' dir='ltr'><strong>καὶτῶν</strong></span> <span class='ocrx_word' id='word_1_300' title='bbox 314 1299 459 1334; x_wconf 78' lang='grc' dir='ltr'>προϐάτων</span> <span class='ocrx_word' id='word_1_301' title='bbox 478 1308 525 1326; x_wconf 88' lang='grc' dir='ltr'><strong>σου</strong></span> <span class='ocrx_word' id='word_1_302' title='bbox 544 1300 692 1336; x_wconf 84' lang='grc' dir='ltr'>ὁλόκληρον</span> <span class='ocrx_word' id='word_1_303' title='bbox 707 1299 785 1335; x_wconf 80' lang='grc' dir='ltr'>θέρος</span> <span class='ocrx_word' id='word_1_304' title='bbox 799 1299 846 1326; x_wconf 82' lang='grc' dir='ltr'><strong>τοῦ</strong></span> <span class='ocrx_word' id='word_1_305' title='bbox 862 1300 980 1335; x_wconf 81' lang='grc' dir='ltr'><strong>πένητος</strong></span> 
     </span>
    </p>
   </div>
   <div class='ocr_carea' id='block_1_43' title="bbox 184 1345 979 1382">
    <p class='ocr_par' dir='ltr' id='par_1_43' title="bbox 184 1345 979 1382">
     <span class='ocr_line' id='line_1_43' title="bbox 184 1345 979 1382; baseline 0.005 -13"><span class='ocrx_word' id='word_1_306' title='bbox 184 1345 402 1379; x_wconf 77' lang='grc' dir='ltr'>κατενεμήσατο.</span> <span class='ocrx_word' id='word_1_307' title='bbox 421 1345 466 1381; x_wconf 79' lang='grc' dir='ltr'><strong>Μὴ</strong></span> <span class='ocrx_word' id='word_1_308' title='bbox 487 1345 621 1381; x_wconf 83' lang='grc' dir='ltr'><strong>ἀδικήσῃς</strong></span> <span class='ocrx_word' id='word_1_309' title='bbox 639 1345 736 1378; x_wconf 83' lang='grc' dir='ltr'>πολλὰ,</span> <span class='ocrx_word' id='word_1_310' title='bbox 752 1346 799 1372; x_wconf 79' lang='grc' dir='ltr'>καὶ</span> <span class='ocrx_word' id='word_1_311' title='bbox 816 1346 979 1382; x_wconf 83' lang='grc' dir='ltr'>καλλοποιή-</span> 
     </span>
    </p>
   </div>
   <div class='ocr_carea' id='block_1_44' title="bbox 185 1389 979 1427">
    <p class='ocr_par' dir='ltr' id='par_1_44' title="bbox 185 1389 979 1427">
     <span class='ocr_line' id='line_1_44' title="bbox 185 1389 979 1427; baseline 0.003 -12"><span class='ocrx_word' id='word_1_312' title='bbox 185 1396 235 1425; x_wconf 83' lang='grc' dir='ltr'>σῃς</span> <span class='ocrx_word' id='word_1_313' title='bbox 246 1389 334 1425; x_wconf 79' lang='grc' dir='ltr'>ὀλίγα.</span> <span class='ocrx_word' id='word_1_314' title='bbox 350 1390 396 1426; x_wconf 84' lang='grc' dir='ltr'><strong>Μὴ</strong></span> <span class='ocrx_word' id='word_1_315' title='bbox 411 1391 545 1427; x_wconf 81' lang='grc' dir='ltr'><strong>ἀδικήσῃς</strong></span> <span class='ocrx_word' id='word_1_316' title='bbox 556 1391 600 1418; x_wconf 80' lang='grc' dir='ltr'><strong>τὸν</strong></span> <span class='ocrx_word' id='word_1_317' title='bbox 618 1391 734 1426; x_wconf 78' lang='grc' dir='ltr'>πλησίον</span> <span class='ocrx_word' id='word_1_318' title='bbox 749 1399 797 1417; x_wconf 87' lang='grc' dir='ltr'><strong>σου</strong></span> <span class='ocrx_word' id='word_1_319' title='bbox 807 1399 814 1406; x_wconf 92' lang='grc'>·</span> <span class='ocrx_word' id='word_1_320' title='bbox 834 1390 872 1426; x_wconf 88' lang='grc' dir='ltr'>μὴ</span> <span class='ocrx_word' id='word_1_321' title='bbox 884 1391 979 1417; x_wconf 85' lang='grc' dir='ltr'>κονδυ-</span> 
     </span>
    </p>
   </div>
   <div class='ocr_carea' id='block_1_45' title="bbox 183 1435 977 1472">
    <p class='ocr_par' dir='ltr' id='par_1_45' title="bbox 183 1435 977 1472">
     <span class='ocr_line' id='line_1_45' title="bbox 183 1435 977 1472; baseline 0.001 -11"><span class='ocrx_word' id='word_1_322' title='bbox 183 1435 264 1471; x_wconf 76' lang='grc' dir='ltr'>λίσῃς</span> <span class='ocrx_word' id='word_1_323' title='bbox 273 1436 319 1462; x_wconf 75' lang='grc' dir='ltr'><strong>τὸν</strong></span> <span class='ocrx_word' id='word_1_324' title='bbox 333 1436 466 1471; x_wconf 80' lang='grc' dir='ltr'>ὀρφανόν·</span> <span class='ocrx_word' id='word_1_325' title='bbox 480 1437 517 1472; x_wconf 83' lang='grc' dir='ltr'>μὴ</span> <span class='ocrx_word' id='word_1_326' title='bbox 534 1437 792 1472; x_wconf 81' lang='grc' dir='ltr'>καταδυναστεύσῃς</span> <span class='ocrx_word' id='word_1_327' title='bbox 807 1436 857 1472; x_wconf 84' lang='grc' dir='ltr'><strong>τὴν</strong></span> <span class='ocrx_word' id='word_1_328' title='bbox 870 1437 958 1472; x_wconf 77' lang='grc' dir='ltr'>χήραν</span> <span class='ocrx_word' id='word_1_329' title='bbox 970 1444 977 1451; x_wconf 92' lang='grc'><strong>·</strong></span> 
     </span>
    </p>
   </div>
   <div class='ocr_carea' id='block_1_46' title="bbox 186 1480 570 1518">
    <p class='ocr_par' dir='ltr' id='par_1_46' title="bbox 186 1480 570 1518">
     <span class='ocr_line' id='line_1_46' title="bbox 186 1480 570 1518; baseline 0.008 -11"><span class='ocrx_word' id='word_1_330' title='bbox 186 1480 225 1516; x_wconf 80' lang='grc' dir='ltr'>μὴ</span> <span class='ocrx_word' id='word_1_331' title='bbox 236 1481 376 1518; x_wconf 78' lang='grc' dir='ltr'><strong>φθονήσῃς</strong></span> <span class='ocrx_word' id='word_1_332' title='bbox 388 1482 434 1509; x_wconf 74' lang='grc' dir='ltr'><strong>τὸν</strong></span> <span class='ocrx_word' id='word_1_333' title='bbox 449 1482 570 1517; x_wconf 78' lang='grc' dir='ltr'><strong>γείτονα.</strong></span> 
     </span>
    </p>
   </div>
   <div class='ocr_carea' id='block_1_47' title="bbox 228 1570 976 1607">
    <p class='ocr_par' dir='ltr' id='par_1_47' title="bbox 228 1570 976 1607">
     <span class='ocr_line' id='line_1_47' title="bbox 228 1570 976 1607; baseline 0.003 -11"><span class='ocrx_word' id='word_1_334' title='bbox 228 1570 257 1596; x_wconf 90' lang='grc' dir='ltr'>Ὀ</span> <span class='ocrx_word' id='word_1_335' title='bbox 272 1570 340 1606; x_wconf 82' lang='grc' dir='ltr'>πρὸς</span> <span class='ocrx_word' id='word_1_336' title='bbox 355 1571 418 1602; x_wconf 74' lang='grc' dir='ltr'>τοὺς</span> <span class='ocrx_word' id='word_1_337' title='bbox 433 1571 462 1598; x_wconf 81' lang='grc' dir='ltr'>ἐν</span> <span class='ocrx_word' id='word_1_338' title='bbox 474 1571 595 1607; x_wconf 71' lang='grc' dir='ltr'>ὑπεροχῇ</span> <span class='ocrx_word' id='word_1_339' title='bbox 611 1571 729 1607; x_wconf 82' lang='grc' dir='ltr'>βλέπων,</span> <span class='ocrx_word' id='word_1_340' title='bbox 745 1571 795 1606; x_wconf 84' lang='grc' dir='ltr'><strong>τῆς</strong></span> <span class='ocrx_word' id='word_1_341' title='bbox 807 1570 891 1606; x_wconf 77' lang='grc' dir='ltr'>οὒσης</span> <span class='ocrx_word' id='word_1_342' title='bbox 902 1570 976 1606; x_wconf 77' lang='grc' dir='ltr'><strong>αὐτῷ</strong></span> 
     </span>
    </p>
   </div>
   <div class='ocr_carea' id='block_1_48' title="bbox 186 1613 977 1651">
    <p class='ocr_par' dir='ltr' id='par_1_48' title="bbox 186 1613 977 1651">
     <span class='ocr_line' id='line_1_48' title="bbox 186 1613 977 1651; baseline 0.001 -10"><span class='ocrx_word' id='word_1_343' title='bbox 186 1614 317 1650; x_wconf 78' lang='grc' dir='ltr'>εὐπορίας</span> <span class='ocrx_word' id='word_1_344' title='bbox 340 1615 371 1641; x_wconf 83' lang='grc' dir='ltr'><strong>οὐ</strong></span> <span class='ocrx_word' id='word_1_345' title='bbox 392 1615 537 1651; x_wconf 83' lang='grc' dir='ltr'>δυνήσεται</span> <span class='ocrx_word' id='word_1_346' title='bbox 557 1615 650 1642; x_wconf 75' lang='grc' dir='ltr'>λαϐεῖν</span> <span class='ocrx_word' id='word_1_347' title='bbox 667 1615 810 1650; x_wconf 72' lang='grc' dir='ltr'>αἴσθησιν·</span> <span class='ocrx_word' id='word_1_348' title='bbox 825 1613 880 1642; x_wconf 74' lang='grc' dir='ltr'>οἷον</span> <span class='ocrx_word' id='word_1_349' title='bbox 897 1616 911 1642; x_wconf 85' lang='grc' dir='ltr'>ὀ</span> <span class='ocrx_word' id='word_1_350' title='bbox 932 1624 977 1642; x_wconf 83' lang='grc' dir='ltr'>κε-</span> 
     </span>
    </p>
   </div>
   <div class='ocr_carea' id='block_1_49' title="bbox 186 1660 978 1697">
    <p class='ocr_par' dir='ltr' id='par_1_49' title="bbox 186 1660 978 1697">
     <span class='ocr_line' id='line_1_49' title="bbox 186 1660 978 1697; baseline 0.003 -11"><span class='ocrx_word' id='word_1_351' title='bbox 186 1660 323 1695; x_wconf 81' lang='grc' dir='ltr'>κτημένος</span> <span class='ocrx_word' id='word_1_352' title='bbox 348 1660 447 1687; x_wconf 72' lang='grc' dir='ltr'>ἑκατὸν</span> <span class='ocrx_word' id='word_1_353' title='bbox 460 1661 624 1696; x_wconf 84' lang='grc' dir='ltr'>χρυσίνους,</span> <span class='ocrx_word' id='word_1_354' title='bbox 641 1661 689 1688; x_wconf 82' lang='grc' dir='ltr'><strong>ἐὰν</strong></span> <span class='ocrx_word' id='word_1_355' title='bbox 712 1662 797 1697; x_wconf 78' lang='grc' dir='ltr'>νοήσῃ</span> <span class='ocrx_word' id='word_1_356' title='bbox 815 1661 861 1688; x_wconf 76' lang='grc' dir='ltr'><strong>τὸν</strong></span> <span class='ocrx_word' id='word_1_357' title='bbox 887 1661 978 1688; x_wconf 76' lang='grc' dir='ltr'>διακο-</span> 
     </span>
    </p>
   </div>
   <div class='ocr_carea' id='block_1_50' title="bbox 187 1705 978 1742">
    <p class='ocr_par' dir='ltr' id='par_1_50' title="bbox 187 1705 978 1742">
     <span class='ocr_line' id='line_1_50' title="bbox 187 1705 978 1742; baseline 0.004 -11"><span class='ocrx_word' id='word_1_358' title='bbox 187 1705 262 1737; x_wconf 86' lang='grc' dir='ltr'>σίους</span> <span class='ocrx_word' id='word_1_359' title='bbox 277 1705 383 1741; x_wconf 74' lang='grc' dir='ltr'>ἔχοντα,</span> <span class='ocrx_word' id='word_1_360' title='bbox 400 1705 476 1732; x_wconf 67' lang='grc' dir='ltr'><strong>οὐδὲν</strong></span> <span class='ocrx_word' id='word_1_361' title='bbox 496 1707 632 1742; x_wconf 82' lang='grc' dir='ltr'>ἡγήσεται</span> <span class='ocrx_word' id='word_1_362' title='bbox 652 1706 735 1742; x_wconf 81' lang='grc' dir='ltr'>ἔχειν,</span> <span class='ocrx_word' id='word_1_363' title='bbox 750 1709 800 1742; x_wconf 80' lang='grc' dir='ltr'><strong>τῆς</strong></span> <span class='ocrx_word' id='word_1_364' title='bbox 825 1707 978 1742; x_wconf 74' lang='grc' dir='ltr'><strong>ἐπιθυμίας</strong></span> 
     </span>
    </p>
   </div>
   <div class='ocr_carea' id='block_1_51' title="bbox 185 1750 977 1788">
    <p class='ocr_par' dir='ltr' id='par_1_51' title="bbox 185 1750 977 1788">
     <span class='ocr_line' id='line_1_51' title="bbox 185 1750 977 1788; baseline 0.003 -11"><span class='ocrx_word' id='word_1_365' title='bbox 185 1750 240 1777; x_wconf 86' lang='grc' dir='ltr'><strong>τῶν</strong></span> <span class='ocrx_word' id='word_1_366' title='bbox 253 1751 385 1778; x_wconf 84' lang='grc' dir='ltr'>πλειόνων</span> <span class='ocrx_word' id='word_1_367' title='bbox 400 1751 483 1778; x_wconf 77' lang='grc' dir='ltr'>αὑτὸν</span> <span class='ocrx_word' id='word_1_368' title='bbox 495 1751 655 1786; x_wconf 82' lang='grc' dir='ltr'>κεντούσης,</span> <span class='ocrx_word' id='word_1_369' title='bbox 672 1752 730 1778; x_wconf 82' lang='grc' dir='ltr'>Κᾶν</span> <span class='ocrx_word' id='word_1_370' title='bbox 749 1752 819 1778; x_wconf 85' lang='grc' dir='ltr'><strong>αὐτὰ</strong></span> <span class='ocrx_word' id='word_1_371' title='bbox 833 1752 914 1788; x_wconf 73' lang='grc' dir='ltr'>λάϐῃ,</span> <span class='ocrx_word' id='word_1_372' title='bbox 928 1753 977 1788; x_wconf 81' lang='grc' dir='ltr'><strong>τὴν</strong></span> 
     </span>
    </p>
   </div>
   <div class='ocr_carea' id='block_1_52' title="bbox 185 1795 978 1833">
    <p class='ocr_par' dir='ltr' id='par_1_52' title="bbox 185 1795 978 1833">
     <span class='ocr_line' id='line_1_52' title="bbox 185 1795 978 1833; baseline 0.003 -11"><span class='ocrx_word' id='word_1_373' title='bbox 185 1795 336 1831; x_wconf 78' lang='grc' dir='ltr'>ἐπιθυμίαν</span> <span class='ocrx_word' id='word_1_374' title='bbox 350 1796 411 1823; x_wconf 80' lang='grc' dir='ltr'><strong>οὐδὲ</strong></span> <span class='ocrx_word' id='word_1_375' title='bbox 426 1795 513 1828; x_wconf 79' lang='grc' dir='ltr'>οὕτως</span> <span class='ocrx_word' id='word_1_376' title='bbox 533 1797 714 1833; x_wconf 81' lang='grc' dir='ltr'>ἀποθήσεται,</span> <span class='ocrx_word' id='word_1_377' title='bbox 734 1797 835 1833; x_wconf 76' lang='grc' dir='ltr'>ἑτέρων</span> <span class='ocrx_word' id='word_1_378' title='bbox 847 1797 978 1825; x_wconf 86' lang='grc' dir='ltr'>πλειόνων</span> 
     </span>
    </p>
   </div>
   <div class='ocr_carea' id='block_1_53' title="bbox 187 1841 978 1877">
    <p class='ocr_par' dir='ltr' id='par_1_53' title="bbox 187 1841 978 1877">
     <span class='ocr_line' id='line_1_53' title="bbox 187 1841 978 1877; baseline 0.003 -10"><span class='ocrx_word' id='word_1_379' title='bbox 187 1841 342 1877; x_wconf 77' lang='grc' dir='ltr'>ἐφιέμενος.</span> <span class='ocrx_word' id='word_1_380' title='bbox 356 1842 411 1868; x_wconf 79' lang='grc' dir='ltr'><strong>Καὶ</strong></span> <span class='ocrx_word' id='word_1_381' title='bbox 427 1841 443 1877; x_wconf 75' lang='grc' dir='ltr'>ἡ</span> <span class='ocrx_word' id='word_1_382' title='bbox 458 1841 513 1868; x_wconf 86' lang='grc' dir='ltr'>τῶν</span> <span class='ocrx_word' id='word_1_383' title='bbox 533 1841 640 1868; x_wconf 82' lang='grc' dir='ltr'><strong>οὐδέπω</strong></span> <span class='ocrx_word' id='word_1_384' title='bbox 655 1841 829 1877; x_wconf 84' lang='grc' dir='ltr'>κτησθέντων</span> <span class='ocrx_word' id='word_1_385' title='bbox 844 1841 978 1877; x_wconf 78' lang='grc' dir='ltr'>ἐπιθυμία</span> 
     </span>
    </p>
   </div>
   <div class='ocr_carea' id='block_1_54' title="bbox 184 1887 977 1923">
    <p class='ocr_par' dir='ltr' id='par_1_54' title="bbox 184 1887 977 1923">
     <span class='ocr_line' id='line_1_54' title="bbox 184 1887 977 1923; baseline 0.001 -10"><span class='ocrx_word' id='word_1_386' title='bbox 184 1887 318 1923; x_wconf 77' lang='grc' dir='ltr'><strong>διηνεκῶς</strong></span> <span class='ocrx_word' id='word_1_387' title='bbox 333 1887 415 1914; x_wconf 78' lang='grc' dir='ltr'>αὑτὸν</span> <span class='ocrx_word' id='word_1_388' title='bbox 430 1887 588 1923; x_wconf 80' lang='grc' dir='ltr'>ἐνοχλοῦσα,</span> <span class='ocrx_word' id='word_1_389' title='bbox 599 1888 655 1915; x_wconf 80' lang='grc' dir='ltr'><strong>τῶν</strong></span> <span class='ocrx_word' id='word_1_390' title='bbox 670 1887 721 1923; x_wconf 74' lang='grc' dir='ltr'><strong>ἤδη</strong></span> <span class='ocrx_word' id='word_1_391' title='bbox 734 1888 913 1923; x_wconf 81' lang='grc' dir='ltr'>συνηγμένων</span> <span class='ocrx_word' id='word_1_392' title='bbox 927 1887 977 1922; x_wconf 75' lang='grc' dir='ltr'><strong>τὴν</strong></span> 
     </span>
    </p>
   </div>
   <div class='ocr_carea' id='block_1_55' title="bbox 186 1933 627 1970">
    <p class='ocr_par' dir='ltr' id='par_1_55' title="bbox 186 1933 627 1970">
     <span class='ocr_line' id='line_1_55' title="bbox 186 1933 627 1970; baseline 0.002 -11"><span class='ocrx_word' id='word_1_393' title='bbox 186 1933 283 1969; x_wconf 73' lang='grc' dir='ltr'>ἡδονὴν</span> <span class='ocrx_word' id='word_1_394' title='bbox 295 1933 345 1961; x_wconf 74' lang='grc' dir='ltr'>οὐκ</span> <span class='ocrx_word' id='word_1_395' title='bbox 361 1933 459 1968; x_wconf 79' lang='grc' dir='ltr'>ἀφίησι</span> <span class='ocrx_word' id='word_1_396' title='bbox 473 1933 627 1970; x_wconf 76' lang='grc' dir='ltr'>φαίνεσθαι.</span> 
     </span>
    </p>
   </div>
   <div class='ocr_carea' id='block_1_56' title="bbox 228 2103 978 2144">
    <p class='ocr_par' dir='ltr' id='par_1_56' title="bbox 228 2103 978 2144">
     <span class='ocr_line' id='line_1_56' title="bbox 228 2103 978 2144; baseline 0.003 -10"><span class='ocrx_word' id='word_1_397' title='bbox 228 2107 398 2143; x_wconf 78' lang='grc' dir='ltr'>Ἐπισφαλὴς</span> <span class='ocrx_word' id='word_1_398' title='bbox 412 2108 426 2134; x_wconf 85' lang='grc' dir='ltr'><strong>ὀ</strong></span> <span class='ocrx_word' id='word_1_399' title='bbox 448 2103 504 2142; x_wconf 78' lang='grc' dir='ltr'>βίος</span> <span class='ocrx_word' id='word_1_400' title='bbox 525 2109 585 2140; x_wconf 83' lang='grc' dir='ltr'>τοῖς</span> <span class='ocrx_word' id='word_1_401' title='bbox 605 2107 763 2141; x_wconf 79' lang='grc' dir='ltr'><strong>πλουτοῦσι,</strong></span> <span class='ocrx_word' id='word_1_402' title='bbox 779 2107 829 2135; x_wconf 75' lang='grc' dir='ltr'><strong>καὶ</strong></span> <span class='ocrx_word' id='word_1_403' title='bbox 845 2108 978 2144; x_wconf 83' lang='grc' dir='ltr'>δυσμετα-</span> 
     </span>
    </p>
   </div>
   <div class='ocr_carea' id='block_1_57' title="bbox 186 2153 978 2189">
    <p class='ocr_par' dir='ltr' id='par_1_57' title="bbox 186 2153 978 2189">
     <span class='ocr_line' id='line_1_57' title="bbox 186 2153 978 2189; baseline 0.001 -9"><span class='ocrx_word' id='word_1_404' title='bbox 186 2153 323 2189; x_wconf 76' lang='grc' dir='ltr'>χείριστος</span> <span class='ocrx_word' id='word_1_405' title='bbox 337 2154 353 2189; x_wconf 87' lang='grc' dir='ltr'>ὴ</span> <span class='ocrx_word' id='word_1_406' title='bbox 371 2153 518 2189; x_wconf 78' lang='grc' dir='ltr'>μεταϐολή.</span> <span class='ocrx_word' id='word_1_407' title='bbox 533 2154 592 2180; x_wconf 87' lang='grc' dir='ltr'><strong>Ἔτι</strong></span> <span class='ocrx_word' id='word_1_408' title='bbox 603 2153 632 2181; x_wconf 83' lang='grc' dir='ltr'><strong>δὲ</strong></span> <span class='ocrx_word' id='word_1_409' title='bbox 649 2154 739 2189; x_wconf 77' lang='grc' dir='ltr'>λέγεις</span> <span class='ocrx_word' id='word_1_410' title='bbox 749 2162 756 2169; x_wconf 84' lang='grc'><em>’</em></span> <span class='ocrx_word' id='word_1_411' title='bbox 774 2154 888 2186; x_wconf 74' lang='grc' dir='ltr'>πολλοὺς</span> <span class='ocrx_word' id='word_1_412' title='bbox 903 2154 978 2181; x_wconf 81' lang='grc' dir='ltr'>οἰκέ-</span> 
     </span>
    </p>
   </div>
   <div class='ocr_carea' id='block_1_58' title="bbox 1030 914 1821 954">
    <p class='ocr_par' dir='ltr' id='par_1_58' title="bbox 1030 914 1821 954">
     <span class='ocr_line' id='line_1_58' title="bbox 1030 914 1821 954; baseline -0.006 -7"><span class='ocrx_word' id='word_1_413' title='bbox 1030 919 1128 947; x_wconf 84' lang='lat' dir='ltr'><strong>ratur?</strong></span> <span class='ocrx_word' id='word_1_414' title='bbox 1146 919 1290 947; x_wconf 78' lang='lat' dir='ltr'><strong>Christum</strong></span> <span class='ocrx_word' id='word_1_415' title='bbox 1320 927 1397 954; x_wconf 83' lang='lat' dir='ltr'><strong>rape,</strong></span> <span class='ocrx_word' id='word_1_416' title='bbox 1419 919 1467 954; x_wconf 87' lang='lat' dir='ltr'><strong>qui</strong></span> <span class='ocrx_word' id='word_1_417' title='bbox 1483 919 1536 946; x_wconf 82' lang='lat' dir='ltr'><strong>hoc</strong></span> <span class='ocrx_word' id='word_1_418' title='bbox 1557 923 1583 946; x_wconf 88' lang='lat' dir='ltr'><strong>te</strong></span> <span class='ocrx_word' id='word_1_419' title='bbox 1597 917 1708 945; x_wconf 85' lang='lat' dir='ltr'><strong>nomine</strong></span> <span class='ocrx_word' id='word_1_420' title='bbox 1723 914 1821 943; x_wconf 84' lang='lat' dir='ltr'><strong>lauda-</strong></span> 
     </span>
    </p>
   </div>
   <div class='ocr_carea' id='block_1_59' title="bbox 1028 963 1821 1000">
    <p class='ocr_par' dir='ltr' id='par_1_59' title="bbox 1028 963 1821 1000">
     <span class='ocr_line' id='line_1_59' title="bbox 1028 963 1821 1000; baseline -0.006 -7"><span class='ocrx_word' id='word_1_421' title='bbox 1028 967 1079 994; x_wconf 86' lang='lat' dir='ltr'><strong>bit.</strong></span> <span class='ocrx_word' id='word_1_422' title='bbox 1095 965 1123 993; x_wconf 89' lang='lat' dir='ltr'><strong>Si</strong></span> <span class='ocrx_word' id='word_1_423' title='bbox 1137 969 1278 993; x_wconf 85' lang='lat' dir='ltr'><strong>terrenum</strong></span> <span class='ocrx_word' id='word_1_424' title='bbox 1293 973 1408 1000; x_wconf 78' lang='lat' dir='ltr'><strong>regnum</strong></span> <span class='ocrx_word' id='word_1_425' title='bbox 1423 965 1550 997; x_wconf 81' lang='lat' dir='ltr'><strong>invadas,</strong></span> <span class='ocrx_word' id='word_1_426' title='bbox 1560 972 1592 992; x_wconf 89' lang='lat' dir='ltr'><strong>ac</strong></span> <span class='ocrx_word' id='word_1_427' title='bbox 1603 963 1648 992; x_wconf 84' lang='lat' dir='ltr'><strong>vel</strong></span> <span class='ocrx_word' id='word_1_428' title='bbox 1659 964 1686 990; x_wconf 90' lang='lat' dir='ltr'><strong>in</strong></span> <span class='ocrx_word' id='word_1_429' title='bbox 1698 963 1821 991; x_wconf 83' lang='lat' dir='ltr'><strong>animum</strong></span> 
     </span>
    </p>
   </div>
   <div class='ocr_carea' id='block_1_60' title="bbox 1029 1010 1820 1046">
    <p class='ocr_par' dir='ltr' id='par_1_60' title="bbox 1029 1010 1820 1046">
     <span class='ocr_line' id='line_1_60' title="bbox 1029 1010 1820 1046; baseline -0.008 -6"><span class='ocrx_word' id='word_1_430' title='bbox 1029 1013 1083 1040; x_wconf 88' lang='lat' dir='ltr'><strong>hoc</strong></span> <span class='ocrx_word' id='word_1_431' title='bbox 1096 1011 1251 1045; x_wconf 73' lang='lat' dir='ltr'><strong>induxeris,</strong></span> <span class='ocrx_word' id='word_1_432' title='bbox 1270 1012 1316 1039; x_wconf 91' lang='lat' dir='ltr'><strong>ille</strong></span> <span class='ocrx_word' id='word_1_433' title='bbox 1333 1016 1359 1039; x_wconf 90' lang='lat' dir='ltr'><strong>te</strong></span> <span class='ocrx_word' id='word_1_434' title='bbox 1380 1018 1462 1046; x_wconf 65' lang='lat' dir='ltr'><strong>poena</strong></span> <span class='ocrx_word' id='word_1_435' title='bbox 1490 1010 1573 1038; x_wconf 75' lang='lat' dir='ltr'><strong>allicit</strong></span> <span class='ocrx_word' id='word_1_436' title='bbox 1592 1020 1598 1037; x_wconf 91' lang='lat'>:</span> <span class='ocrx_word' id='word_1_437' title='bbox 1620 1010 1736 1037; x_wconf 83' lang='lat' dir='ltr'><strong>caeleste</strong></span> <span class='ocrx_word' id='word_1_438' title='bbox 1753 1014 1820 1036; x_wconf 84' lang='lat' dir='ltr'><strong>vero</strong></span> 
     </span>
    </p>
   </div>
   <div class='ocr_carea' id='block_1_61' title="bbox 1028 1054 1663 1094">
    <p class='ocr_par' dir='ltr' id='par_1_61' title="bbox 1028 1054 1663 1094">
     <span class='ocr_line' id='line_1_61' title="bbox 1028 1054 1663 1094; baseline -0.005 -10"><span class='ocrx_word' id='word_1_439' title='bbox 1028 1057 1084 1085; x_wconf 89' lang='lat' dir='ltr'><strong>nisi</strong></span> <span class='ocrx_word' id='word_1_440' title='bbox 1100 1056 1238 1094; x_wconf 84' lang='lat' dir='ltr'><strong>rapueris,</strong></span> <span class='ocrx_word' id='word_1_441' title='bbox 1255 1060 1324 1083; x_wconf 88' lang='lat' dir='ltr'><strong>tunc</strong></span> <span class='ocrx_word' id='word_1_442' title='bbox 1349 1056 1461 1092; x_wconf 74' lang='lat' dir='ltr'><strong>gravius</strong></span> <span class='ocrx_word' id='word_1_443' title='bbox 1480 1054 1663 1083; x_wconf 75' lang='lat' dir='ltr'><strong>excruciabit.</strong></span> 
     </span>
    </p>
   </div>
   <div class='ocr_carea' id='block_1_62' title="bbox 1064 1110 1823 1148">
    <p class='ocr_par' dir='ltr' id='par_1_62' title="bbox 1064 1110 1823 1148">
     <span class='ocr_line' id='line_1_62' title="bbox 1064 1110 1823 1148; baseline -0.004 -7"><span class='ocrx_word' id='word_1_444' title='bbox 1064 1113 1205 1148; x_wconf 78' lang='lat' dir='ltr'><strong>Ejusdem.</strong></span> <span class='ocrx_word' id='word_1_445' title='bbox 1218 1130 1253 1135; x_wconf 86' lang='lat'><em>-</em></span> <span class='ocrx_word' id='word_1_446' title='bbox 1272 1113 1428 1141; x_wconf 76' lang='lat' dir='ltr'><strong>Lucernam</strong></span> <span class='ocrx_word' id='word_1_447' title='bbox 1448 1113 1476 1140; x_wconf 92' lang='lat' dir='ltr'><strong>in</strong></span> <span class='ocrx_word' id='word_1_448' title='bbox 1501 1112 1620 1140; x_wconf 83' lang='lat' dir='ltr'><strong>ecclesia</strong></span> <span class='ocrx_word' id='word_1_449' title='bbox 1638 1111 1792 1140; x_wconf 87' lang='lat' dir='ltr'><strong>accendisti</strong></span> <span class='ocrx_word' id='word_1_450' title='bbox 1809 1110 1823 1138; x_wconf 74' lang='grc' dir='ltr'>τ</span> 
     </span>
    </p>
   </div>
   <div class='ocr_carea' id='block_1_63' title="bbox 1028 1156 1823 1196">
    <p class='ocr_par' dir='ltr' id='par_1_63' title="bbox 1028 1156 1823 1196">
     <span class='ocr_line' id='line_1_63' title="bbox 1028 1156 1823 1196; baseline -0.004 -9"><span class='ocrx_word' id='word_1_451' title='bbox 1028 1167 1123 1187; x_wconf 81' lang='lat' dir='ltr'><strong>verum</strong></span> <span class='ocrx_word' id='word_1_452' title='bbox 1142 1160 1285 1196; x_wconf 79' lang='lat' dir='ltr'><strong>ingressus</strong></span> <span class='ocrx_word' id='word_1_453' title='bbox 1302 1166 1408 1194; x_wconf 84' lang='lat' dir='ltr'><strong>pauper</strong></span> <span class='ocrx_word' id='word_1_454' title='bbox 1423 1162 1477 1190; x_wconf 85' lang='lat' dir='ltr'><strong>est.</strong></span> <span class='ocrx_word' id='word_1_455' title='bbox 1494 1158 1541 1193; x_wconf 87' lang='lat' dir='ltr'><strong>qui</strong></span> <span class='ocrx_word' id='word_1_456' title='bbox 1555 1157 1638 1186; x_wconf 80' lang='lat' dir='ltr'><strong>laesus</strong></span> <span class='ocrx_word' id='word_1_457' title='bbox 1654 1165 1670 1184; x_wconf 85' lang='lat' dir='ltr'><strong>a</strong></span> <span class='ocrx_word' id='word_1_458' title='bbox 1685 1162 1711 1186; x_wconf 89' lang='lat' dir='ltr'><strong>te</strong></span> <span class='ocrx_word' id='word_1_459' title='bbox 1722 1156 1823 1189; x_wconf 85' lang='lat' dir='ltr'><strong>fuerat,</strong></span> 
     </span>
    </p>
   </div>
   <div class='ocr_carea' id='block_1_64' title="bbox 1028 1203 1824 1242">
    <p class='ocr_par' dir='ltr' id='par_1_64' title="bbox 1028 1203 1824 1242">
     <span class='ocr_line' id='line_1_64' title="bbox 1028 1203 1824 1242; baseline -0.005 -8"><span class='ocrx_word' id='word_1_460' title='bbox 1028 1210 1056 1233; x_wconf 91' lang='lat' dir='ltr'><strong>et</strong></span> <span class='ocrx_word' id='word_1_461' title='bbox 1085 1213 1133 1241; x_wconf 91' lang='lat' dir='ltr'><strong>per</strong></span> <span class='ocrx_word' id='word_1_462' title='bbox 1162 1207 1301 1242; x_wconf 84' lang='lat' dir='ltr'><strong>lacrymas</strong></span> <span class='ocrx_word' id='word_1_463' title='bbox 1332 1205 1479 1233; x_wconf 85' lang='lat' dir='ltr'><strong>adversum</strong></span> <span class='ocrx_word' id='word_1_464' title='bbox 1502 1208 1530 1232; x_wconf 89' lang='lat' dir='ltr'><strong>te</strong></span> <span class='ocrx_word' id='word_1_465' title='bbox 1551 1203 1727 1232; x_wconf 88' lang='lat' dir='ltr'><strong>intercedens</strong></span> <span class='ocrx_word' id='word_1_466' title='bbox 1750 1203 1824 1239; x_wconf 84' lang='lat' dir='ltr'><strong>apud</strong></span> 
     </span>
    </p>
   </div>
   <div class='ocr_carea' id='block_1_65' title="bbox 1032 1251 1821 1286">
    <p class='ocr_par' dir='ltr' id='par_1_65' title="bbox 1032 1251 1821 1286">
     <span class='ocr_line' id='line_1_65' title="bbox 1032 1251 1821 1286; baseline -0.001 -8"><span class='ocrx_word' id='word_1_467' title='bbox 1032 1252 1128 1285; x_wconf 90' lang='lat' dir='ltr'><strong>Deum,</strong></span> <span class='ocrx_word' id='word_1_468' title='bbox 1152 1253 1293 1280; x_wconf 87' lang='lat' dir='ltr'><strong>lucernam</strong></span> <span class='ocrx_word' id='word_1_469' title='bbox 1313 1256 1390 1279; x_wconf 83' lang='lat' dir='ltr'><strong>tuam</strong></span> <span class='ocrx_word' id='word_1_470' title='bbox 1407 1251 1551 1279; x_wconf 72' lang='lat' dir='ltr'><strong>exstinxit.</strong></span> <span class='ocrx_word' id='word_1_471' title='bbox 1568 1251 1686 1286; x_wconf 86' lang='lat' dir='ltr'><strong>Pauperi</strong></span> <span class='ocrx_word' id='word_1_472' title='bbox 1720 1257 1821 1286; x_wconf 87' lang='lat' dir='ltr'><strong>panem</strong></span> 
     </span>
    </p>
   </div>
   <div class='ocr_carea' id='block_1_66' title="bbox 1030 1297 1823 1333">
    <p class='ocr_par' dir='ltr' id='par_1_66' title="bbox 1030 1297 1823 1333">
     <span class='ocr_line' id='line_1_66' title="bbox 1030 1297 1823 1333; baseline -0.001 -8"><span class='ocrx_word' id='word_1_473' title='bbox 1030 1297 1153 1326; x_wconf 85' lang='lat' dir='ltr'><strong>dedisti?</strong></span> <span class='ocrx_word' id='word_1_474' title='bbox 1165 1302 1193 1325; x_wconf 90' lang='lat' dir='ltr'><strong>at</strong></span> <span class='ocrx_word' id='word_1_475' title='bbox 1210 1306 1275 1333; x_wconf 78' lang='lat' dir='ltr'><strong>grex</strong></span> <span class='ocrx_word' id='word_1_476' title='bbox 1294 1298 1379 1325; x_wconf 88' lang='lat' dir='ltr'><strong>boum</strong></span> <span class='ocrx_word' id='word_1_477' title='bbox 1397 1301 1425 1325; x_wconf 87' lang='lat' dir='ltr'><strong>et</strong></span> <span class='ocrx_word' id='word_1_478' title='bbox 1440 1297 1532 1325; x_wconf 90' lang='lat' dir='ltr'><strong>ovium</strong></span> <span class='ocrx_word' id='word_1_479' title='bbox 1549 1302 1661 1325; x_wconf 87' lang='lat' dir='ltr'><strong>tuarum</strong></span> <span class='ocrx_word' id='word_1_480' title='bbox 1682 1297 1823 1333; x_wconf 72' lang='lat' dir='ltr'><strong>integram</strong></span> 
     </span>
    </p>
   </div>
   <div class='ocr_carea' id='block_1_67' title="bbox 1030 1343 1824 1380">
    <p class='ocr_par' dir='ltr' id='par_1_67' title="bbox 1030 1343 1824 1380">
     <span class='ocr_line' id='line_1_67' title="bbox 1030 1343 1824 1380; baseline 0 -9"><span class='ocrx_word' id='word_1_481' title='bbox 1030 1345 1162 1380; x_wconf 83' lang='lat' dir='ltr'><strong>pauperis</strong></span> <span class='ocrx_word' id='word_1_482' title='bbox 1181 1352 1298 1373; x_wconf 88' lang='lat' dir='ltr'><strong>messem</strong></span> <span class='ocrx_word' id='word_1_483' title='bbox 1317 1345 1451 1380; x_wconf 84' lang='lat' dir='ltr'><strong>depastus</strong></span> <span class='ocrx_word' id='word_1_484' title='bbox 1467 1348 1519 1372; x_wconf 89' lang='lat' dir='ltr'><strong>est.</strong></span> <span class='ocrx_word' id='word_1_485' title='bbox 1536 1343 1574 1372; x_wconf 84' lang='lat' dir='ltr'><strong>Ne</strong></span> <span class='ocrx_word' id='word_1_486' title='bbox 1589 1344 1617 1371; x_wconf 91' lang='lat' dir='ltr'><strong>id</strong></span> <span class='ocrx_word' id='word_1_487' title='bbox 1632 1351 1712 1379; x_wconf 77' lang='lat' dir='ltr'><strong>agas,</strong></span> <span class='ocrx_word' id='word_1_488' title='bbox 1727 1347 1757 1371; x_wconf 92' lang='lat' dir='ltr'><strong>ut</strong></span> <span class='ocrx_word' id='word_1_489' title='bbox 1772 1351 1824 1379; x_wconf 79' lang='lat' dir='ltr'><strong>pro</strong></span> 
     </span>
    </p>
   </div>
   <div class='ocr_carea' id='block_1_68' title="bbox 1030 1389 1824 1426">
    <p class='ocr_par' dir='ltr' id='par_1_68' title="bbox 1030 1389 1824 1426">
     <span class='ocr_line' id='line_1_68' title="bbox 1030 1389 1824 1426; baseline -0.001 -8"><span class='ocrx_word' id='word_1_490' title='bbox 1030 1391 1126 1418; x_wconf 91' lang='lat' dir='ltr'><strong>multis</strong></span> <span class='ocrx_word' id='word_1_491' title='bbox 1139 1391 1252 1426; x_wconf 86' lang='lat' dir='ltr'><strong>injuriis</strong></span> <span class='ocrx_word' id='word_1_492' title='bbox 1263 1395 1291 1417; x_wconf 87' lang='lat' dir='ltr'><strong>ct</strong></span> <span class='ocrx_word' id='word_1_493' title='bbox 1305 1390 1456 1418; x_wconf 86' lang='lat' dir='ltr'><strong>calumniis</strong></span> <span class='ocrx_word' id='word_1_494' title='bbox 1468 1397 1556 1425; x_wconf 86' lang='lat' dir='ltr'><strong>pauca</strong></span> <span class='ocrx_word' id='word_1_495' title='bbox 1573 1389 1709 1417; x_wconf 80' lang='lat' dir='ltr'><strong>beneﬁcia</strong></span> <span class='ocrx_word' id='word_1_496' title='bbox 1723 1397 1824 1424; x_wconf 86' lang='lat' dir='ltr'><strong>repen-</strong></span> 
     </span>
    </p>
   </div>
   <div class='ocr_carea' id='block_1_69' title="bbox 1029 1434 1823 1472">
    <p class='ocr_par' dir='ltr' id='par_1_69' title="bbox 1029 1434 1823 1472">
     <span class='ocr_line' id='line_1_69' title="bbox 1029 1434 1823 1472; baseline -0.004 -8"><span class='ocrx_word' id='word_1_497' title='bbox 1029 1436 1090 1464; x_wconf 76' lang='lat' dir='ltr'><strong>das.</strong></span> <span class='ocrx_word' id='word_1_498' title='bbox 1108 1436 1148 1464; x_wconf 84' lang='lat' dir='ltr'><strong>Ne</strong></span> <span class='ocrx_word' id='word_1_499' title='bbox 1164 1436 1291 1472; x_wconf 81' lang='lat' dir='ltr'><strong>proximo</strong></span> <span class='ocrx_word' id='word_1_500' title='bbox 1307 1439 1356 1463; x_wconf 88' lang='lat' dir='ltr'><strong>tuo</strong></span> <span class='ocrx_word' id='word_1_501' title='bbox 1371 1436 1503 1470; x_wconf 88' lang='lat' dir='ltr'><strong>injuriam</strong></span> <span class='ocrx_word' id='word_1_502' title='bbox 1527 1435 1634 1462; x_wconf 81' lang='lat' dir='ltr'><strong>inieras</strong></span> <span class='ocrx_word' id='word_1_503' title='bbox 1650 1444 1658 1462; x_wconf 90' lang='lat'>:</span> <span class='ocrx_word' id='word_1_504' title='bbox 1678 1442 1712 1462; x_wconf 88' lang='lat' dir='ltr'><strong>ne</strong></span> <span class='ocrx_word' id='word_1_505' title='bbox 1722 1434 1823 1470; x_wconf 75' lang='lat' dir='ltr'><strong>pugnis</strong></span> 
     </span>
    </p>
   </div>
   <div class='ocr_carea' id='block_1_70' title="bbox 1030 1481 1825 1517">
    <p class='ocr_par' dir='ltr' id='par_1_70' title="bbox 1030 1481 1825 1517">
     <span class='ocr_line' id='line_1_70' title="bbox 1030 1481 1825 1517; baseline 0 -9"><span class='ocrx_word' id='word_1_506' title='bbox 1030 1483 1166 1517; x_wconf 86' lang='lat' dir='ltr'><strong>pupillum</strong></span> <span class='ocrx_word' id='word_1_507' title='bbox 1186 1481 1353 1514; x_wconf 85' lang='lat' dir='ltr'><strong>contendas,</strong></span> <span class='ocrx_word' id='word_1_508' title='bbox 1381 1489 1415 1509; x_wconf 92' lang='lat' dir='ltr'><strong>ne</strong></span> <span class='ocrx_word' id='word_1_509' title='bbox 1431 1481 1543 1509; x_wconf 81' lang='lat' dir='ltr'><strong>viduam</strong></span> <span class='ocrx_word' id='word_1_510' title='bbox 1563 1481 1718 1517; x_wconf 86' lang='lat' dir='ltr'><strong>opprimas,</strong></span> <span class='ocrx_word' id='word_1_511' title='bbox 1733 1488 1768 1509; x_wconf 88' lang='lat' dir='ltr'><strong>ne</strong></span> <span class='ocrx_word' id='word_1_512' title='bbox 1784 1481 1825 1509; x_wconf 87' lang='lat' dir='ltr'><strong>vi-</strong></span> 
     </span>
    </p>
   </div>
   <div class='ocr_carea' id='block_1_71' title="bbox 990 1528 1248 1565">
    <p class='ocr_par' dir='ltr' id='par_1_71' title="bbox 990 1528 1248 1565">
     <span class='ocr_line' id='line_1_71' title="bbox 990 1528 1248 1565; baseline 0.004 -11"><span class='ocrx_word' id='word_1_513' title='bbox 990 1535 1014 1565; x_wconf 77' lang='lat' dir='ltr'><strong>c</strong></span> <span class='ocrx_word' id='word_1_514' title='bbox 1032 1528 1094 1555; x_wconf 89' lang='lat' dir='ltr'><strong>cino</strong></span> <span class='ocrx_word' id='word_1_515' title='bbox 1111 1528 1248 1555; x_wconf 85' lang='lat' dir='ltr'><strong>invideas.</strong></span> 
     </span>
    </p>
   </div>
   <div class='ocr_carea' id='block_1_72' title="bbox 1067 1572 1823 1608">
    <p class='ocr_par' dir='ltr' id='par_1_72' title="bbox 1067 1572 1823 1608">
     <span class='ocr_line' id='line_1_72' title="bbox 1067 1572 1823 1608; baseline 0.001 -9"><span class='ocrx_word' id='word_1_516' title='bbox 1067 1572 1162 1608; x_wconf 79' lang='lat' dir='ltr'><strong>Ejusd.</strong></span> <span class='ocrx_word' id='word_1_517' title='bbox 1183 1588 1219 1593; x_wconf 91' lang='lat'><strong>—</strong></span> <span class='ocrx_word' id='word_1_518' title='bbox 1235 1572 1289 1606; x_wconf 87' lang='lat' dir='ltr'><strong>Qui</strong></span> <span class='ocrx_word' id='word_1_519' title='bbox 1321 1572 1384 1600; x_wconf 83' lang='lat' dir='ltr'><strong>illos</strong></span> <span class='ocrx_word' id='word_1_520' title='bbox 1413 1573 1540 1600; x_wconf 85' lang='lat' dir='ltr'><strong>intuetur</strong></span> <span class='ocrx_word' id='word_1_521' title='bbox 1567 1572 1616 1607; x_wconf 91' lang='lat' dir='ltr'><strong>qui</strong></span> <span class='ocrx_word' id='word_1_522' title='bbox 1636 1572 1734 1608; x_wconf 88' lang='lat' dir='ltr'><strong>opibus</strong></span> <span class='ocrx_word' id='word_1_523' title='bbox 1750 1579 1823 1608; x_wconf 72' lang='lat' dir='ltr'><strong>pran-</strong></span> 
     </span>
    </p>
   </div>
   <div class='ocr_carea' id='block_1_73' title="bbox 1030 1617 1823 1651">
    <p class='ocr_par' dir='ltr' id='par_1_73' title="bbox 1030 1617 1823 1651">
     <span class='ocr_line' id='line_1_73' title="bbox 1030 1617 1823 1651; baseline -0.003 -4"><span class='ocrx_word' id='word_1_524' title='bbox 1030 1620 1178 1647; x_wconf 86' lang='lat' dir='ltr'><strong>stantiores</strong></span> <span class='ocrx_word' id='word_1_525' title='bbox 1190 1624 1264 1651; x_wconf 83' lang='lat' dir='ltr'><strong>sunt,</strong></span> <span class='ocrx_word' id='word_1_526' title='bbox 1280 1618 1303 1646; x_wconf 86' lang='lat' dir='ltr'><strong>is</strong></span> <span class='ocrx_word' id='word_1_527' title='bbox 1319 1623 1432 1646; x_wconf 85' lang='lat' dir='ltr'><strong>suarum</strong></span> <span class='ocrx_word' id='word_1_528' title='bbox 1461 1617 1624 1645; x_wconf 77' lang='lat' dir='ltr'><strong>faeirltatum</strong></span> <span class='ocrx_word' id='word_1_529' title='bbox 1656 1625 1739 1646; x_wconf 89' lang='lat' dir='ltr'><strong>sensu</strong></span> <span class='ocrx_word' id='word_1_530' title='bbox 1753 1617 1823 1646; x_wconf 80' lang='lat' dir='ltr'><strong>adici</strong></span> 
     </span>
    </p>
   </div>
   <div class='ocr_carea' id='block_1_74' title="bbox 1029 1663 1823 1700">
    <p class='ocr_par' dir='ltr' id='par_1_74' title="bbox 1029 1663 1823 1700">
     <span class='ocr_line' id='line_1_74' title="bbox 1029 1663 1823 1700; baseline 0 -8"><span class='ocrx_word' id='word_1_531' title='bbox 1029 1672 1170 1700; x_wconf 82' lang='lat' dir='ltr'><strong>nunquam</strong></span> <span class='ocrx_word' id='word_1_532' title='bbox 1200 1665 1311 1699; x_wconf 89' lang='lat' dir='ltr'><strong>poterit.</strong></span> <span class='ocrx_word' id='word_1_533' title='bbox 1321 1663 1402 1691; x_wconf 83' lang='lat' dir='ltr'><strong>Verbi</strong></span> <span class='ocrx_word' id='word_1_534' title='bbox 1421 1663 1521 1699; x_wconf 76' lang='lat' dir='ltr'><strong>gratia,</strong></span> <span class='ocrx_word' id='word_1_535' title='bbox 1540 1664 1587 1700; x_wconf 92' lang='lat' dir='ltr'><strong>qui</strong></span> <span class='ocrx_word' id='word_1_536' title='bbox 1600 1668 1709 1692; x_wconf 89' lang='lat' dir='ltr'><strong>centum</strong></span> <span class='ocrx_word' id='word_1_537' title='bbox 1722 1672 1823 1692; x_wconf 86' lang='lat' dir='ltr'><strong>aureos</strong></span> 
     </span>
    </p>
   </div>
   <div class='ocr_carea' id='block_1_75' title="bbox 1030 1710 1822 1745">
    <p class='ocr_par' dir='ltr' id='par_1_75' title="bbox 1030 1710 1822 1745">
     <span class='ocr_line' id='line_1_75' title="bbox 1030 1710 1822 1745; baseline -0.001 -7"><span class='ocrx_word' id='word_1_538' title='bbox 1030 1711 1123 1743; x_wconf 86' lang='lat' dir='ltr'><strong>habet,</strong></span> <span class='ocrx_word' id='word_1_539' title='bbox 1141 1711 1164 1738; x_wconf 88' lang='lat' dir='ltr'><strong>si</strong></span> <span class='ocrx_word' id='word_1_540' title='bbox 1182 1711 1302 1737; x_wconf 87' lang='lat' dir='ltr'><strong>alterum</strong></span> <span class='ocrx_word' id='word_1_541' title='bbox 1324 1710 1475 1745; x_wconf 84' lang='lat' dir='ltr'><strong>inspexerit</strong></span> <span class='ocrx_word' id='word_1_542' title='bbox 1491 1710 1539 1745; x_wconf 91' lang='lat' dir='ltr'><strong>qui</strong></span> <span class='ocrx_word' id='word_1_543' title='bbox 1556 1710 1694 1738; x_wconf 85' lang='lat' dir='ltr'><strong>ducentos</strong></span> <span class='ocrx_word' id='word_1_544' title='bbox 1709 1710 1822 1743; x_wconf 80' lang='lat' dir='ltr'><strong>habeat,</strong></span> 
     </span>
    </p>
   </div>
   <div class='ocr_carea' id='block_1_76' title="bbox 1029 1755 1822 1791">
    <p class='ocr_par' dir='ltr' id='par_1_76' title="bbox 1029 1755 1822 1791">
     <span class='ocr_line' id='line_1_76' title="bbox 1029 1755 1822 1791; baseline -0.001 -7"><span class='ocrx_word' id='word_1_545' title='bbox 1029 1757 1100 1784; x_wconf 91' lang='lat' dir='ltr'><strong>nihil</strong></span> <span class='ocrx_word' id='word_1_546' title='bbox 1124 1763 1154 1785; x_wconf 92' lang='lat' dir='ltr'><strong>se</strong></span> <span class='ocrx_word' id='word_1_547' title='bbox 1176 1756 1278 1783; x_wconf 89' lang='lat' dir='ltr'><strong>habere</strong></span> <span class='ocrx_word' id='word_1_548' title='bbox 1307 1755 1456 1783; x_wconf 90' lang='lat' dir='ltr'><strong>censebit:</strong></span> <span class='ocrx_word' id='word_1_549' title='bbox 1475 1759 1572 1791; x_wconf 86' lang='lat' dir='ltr'><strong>utpote</strong></span> <span class='ocrx_word' id='word_1_550' title='bbox 1582 1763 1666 1790; x_wconf 88' lang='lat' dir='ltr'><strong>quem</strong></span> <span class='ocrx_word' id='word_1_551' title='bbox 1684 1756 1822 1790; x_wconf 86' lang='lat' dir='ltr'><strong>majorum</strong></span> 
     </span>
    </p>
   </div>
   <div class='ocr_carea' id='block_1_77' title="bbox 1030 1792 1823 1837">
    <p class='ocr_par' dir='ltr' id='par_1_77' title="bbox 1030 1792 1823 1837">
     <span class='ocr_line' id='line_1_77' title="bbox 1030 1792 1823 1837; baseline 0 -9"><span class='ocrx_word' id='word_1_552' title='bbox 1030 1809 1113 1837; x_wconf 85' lang='lat' dir='ltr'><strong>opum</strong></span> <span class='ocrx_word' id='word_1_553' title='bbox 1129 1801 1265 1836; x_wconf 83' lang='lat' dir='ltr'><strong>cupiditas</strong></span> <span class='ocrx_word' id='word_1_554' title='bbox 1291 1800 1459 1828; x_wconf 74' lang='lat' dir='ltr'><strong>exstimulat.</strong></span> <span class='ocrx_word' id='word_1_555' title='bbox 1474 1800 1526 1833; x_wconf 85' lang='lat' dir='ltr'><strong>Qui</strong></span> <span class='ocrx_word' id='word_1_556' title='bbox 1543 1792 1567 1827; x_wconf 88' lang='lat' dir='ltr'><strong>si</strong></span> <span class='ocrx_word' id='word_1_557' title='bbox 1585 1800 1635 1828; x_wconf 90' lang='lat' dir='ltr'><strong>bos</strong></span> <span class='ocrx_word' id='word_1_558' title='bbox 1652 1808 1762 1836; x_wconf 89' lang='lat' dir='ltr'><strong>quoque</strong></span> <span class='ocrx_word' id='word_1_559' title='bbox 1775 1807 1823 1828; x_wconf 88' lang='lat' dir='ltr'><strong>ac-</strong></span> 
     </span>
    </p>
   </div>
   <div class='ocr_carea' id='block_1_78' title="bbox 1029 1846 1822 1883">
    <p class='ocr_par' dir='ltr' id='par_1_78' title="bbox 1029 1846 1822 1883">
     <span class='ocr_line' id='line_1_78' title="bbox 1029 1846 1822 1883; baseline -0.001 -8"><span class='ocrx_word' id='word_1_560' title='bbox 1029 1848 1145 1883; x_wconf 85' lang='lat' dir='ltr'><strong>ceperit,</strong></span> <span class='ocrx_word' id='word_1_561' title='bbox 1170 1855 1203 1875; x_wconf 91' lang='lat' dir='ltr'><strong>ne</strong></span> <span class='ocrx_word' id='word_1_562' title='bbox 1218 1847 1258 1874; x_wconf 83' lang='lat' dir='ltr'><strong>sic</strong></span> <span class='ocrx_word' id='word_1_563' title='bbox 1275 1846 1389 1882; x_wconf 87' lang='lat' dir='ltr'><strong>quidem</strong></span> <span class='ocrx_word' id='word_1_564' title='bbox 1418 1846 1565 1882; x_wconf 87' lang='lat' dir='ltr'><strong>cupiditati</strong></span> <span class='ocrx_word' id='word_1_565' title='bbox 1593 1854 1650 1874; x_wconf 68' lang='lat' dir='ltr'><strong>suae</strong></span> <span class='ocrx_word' id='word_1_566' title='bbox 1667 1846 1748 1874; x_wconf 81' lang='lat' dir='ltr'><strong>linem</strong></span> <span class='ocrx_word' id='word_1_567' title='bbox 1764 1850 1822 1874; x_wconf 65' lang='grc' dir='ltr'>διας</span> 
     </span>
    </p>
   </div>
   <div class='ocr_carea' id='block_1_79' title="bbox 1029 1891 1823 1929">
    <p class='ocr_par' dir='ltr' id='par_1_79' title="bbox 1029 1891 1823 1929">
     <span class='ocr_line' id='line_1_79' title="bbox 1029 1891 1823 1929; baseline -0.001 -8"><span class='ocrx_word' id='word_1_568' title='bbox 1029 1897 1088 1922; x_wconf 89' lang='lat' dir='ltr'><strong>tuet</strong></span> <span class='ocrx_word' id='word_1_569' title='bbox 1102 1902 1110 1920; x_wconf 90' lang='lat'><strong>:</strong></span> <span class='ocrx_word' id='word_1_570' title='bbox 1126 1897 1155 1920; x_wconf 92' lang='lat' dir='ltr'><strong>ut</strong></span> <span class='ocrx_word' id='word_1_571' title='bbox 1168 1893 1214 1928; x_wconf 92' lang='lat' dir='ltr'><strong>qui</strong></span> <span class='ocrx_word' id='word_1_572' title='bbox 1227 1893 1304 1928; x_wconf 87' lang='lat' dir='ltr'><strong>plura</strong></span> <span class='ocrx_word' id='word_1_573' title='bbox 1318 1892 1371 1920; x_wconf 76' lang='lat' dir='ltr'><strong>alia</strong></span> <span class='ocrx_word' id='word_1_574' title='bbox 1389 1895 1508 1928; x_wconf 71' lang='lat' dir='ltr'><strong>expetat.</strong></span> <span class='ocrx_word' id='word_1_575' title='bbox 1521 1892 1559 1920; x_wconf 86' lang='lat' dir='ltr'><strong>ita</strong></span> <span class='ocrx_word' id='word_1_576' title='bbox 1576 1891 1603 1920; x_wconf 73' lang='lat' dir='ltr'><strong>ﬁt</strong></span> <span class='ocrx_word' id='word_1_577' title='bbox 1614 1897 1644 1920; x_wconf 91' lang='lat' dir='ltr'><strong>ut</strong></span> <span class='ocrx_word' id='word_1_578' title='bbox 1654 1900 1750 1921; x_wconf 88' lang='lat' dir='ltr'><strong>eorum</strong></span> <span class='ocrx_word' id='word_1_579' title='bbox 1762 1900 1823 1929; x_wconf 63' lang='lat' dir='ltr'><strong>qum</strong></span> 
     </span>
    </p>
   </div>
   <div class='ocr_carea' id='block_1_80' title="bbox 1029 1933 1822 1975">
    <p class='ocr_par' dir='ltr' id='par_1_80' title="bbox 1029 1933 1822 1975">
     <span class='ocr_line' id='line_1_80' title="bbox 1029 1933 1822 1975; baseline -0.001 -7"><span class='ocrx_word' id='word_1_580' title='bbox 1029 1940 1152 1968; x_wconf 89' lang='lat' dir='ltr'><strong>nondum</strong></span> <span class='ocrx_word' id='word_1_581' title='bbox 1169 1939 1286 1974; x_wconf 87' lang='lat' dir='ltr'><strong>adeptus</strong></span> <span class='ocrx_word' id='word_1_582' title='bbox 1318 1942 1360 1967; x_wconf 83' lang='lat' dir='ltr'><strong>est</strong></span> <span class='ocrx_word' id='word_1_583' title='bbox 1374 1939 1523 1974; x_wconf 83' lang='lat' dir='ltr'><strong>cupiditas,</strong></span> <span class='ocrx_word' id='word_1_584' title='bbox 1535 1939 1675 1974; x_wconf 77' lang='lat' dir='ltr'><strong>negotium</strong></span> <span class='ocrx_word' id='word_1_585' title='bbox 1690 1933 1822 1975; x_wconf 82' lang='lat' dir='ltr'><strong>perpetuo</strong></span> 
     </span>
    </p>
   </div>
   <div class='ocr_carea' id='block_1_81' title="bbox 1042 1983 1822 2019">
    <p class='ocr_par' dir='ltr' id='par_1_81' title="bbox 1042 1983 1822 2019">
     <span class='ocr_line' id='line_1_81' title="bbox 1042 1983 1822 2019; baseline 0.001 -7"><span class='ocrx_word' id='word_1_586' title='bbox 1042 1991 1185 2018; x_wconf 87' lang='lat' dir='ltr'><strong>aeessens,</strong></span> <span class='ocrx_word' id='word_1_587' title='bbox 1217 1983 1397 2018; x_wconf 81' lang='lat' dir='ltr'><strong>voluptalem,</strong></span> <span class='ocrx_word' id='word_1_588' title='bbox 1411 1991 1494 2019; x_wconf 85' lang='lat' dir='ltr'><strong>quam</strong></span> <span class='ocrx_word' id='word_1_589' title='bbox 1511 1989 1597 2019; x_wconf 79' lang='lat' dir='ltr'><strong>partae</strong></span> <span class='ocrx_word' id='word_1_590' title='bbox 1611 1984 1713 2012; x_wconf 78' lang='lat' dir='ltr'><strong>divitia:</strong></span> <span class='ocrx_word' id='word_1_591' title='bbox 1725 1984 1822 2014; x_wconf 76' lang='lat' dir='ltr'><strong>afferre</strong></span> 
     </span>
    </p>
   </div>
   <div class='ocr_carea' id='block_1_82' title="bbox 1033 2030 1496 2066">
    <p class='ocr_par' dir='ltr' id='par_1_82' title="bbox 1033 2030 1496 2066">
     <span class='ocr_line' id='line_1_82' title="bbox 1033 2030 1496 2066; baseline -0.002 -8"><span class='ocrx_word' id='word_1_592' title='bbox 1033 2034 1175 2066; x_wconf 83' lang='lat' dir='ltr'><strong>poterant,</strong></span> <span class='ocrx_word' id='word_1_593' title='bbox 1186 2037 1322 2065; x_wconf 85' lang='lat' dir='ltr'><strong>apparere</strong></span> <span class='ocrx_word' id='word_1_594' title='bbox 1338 2037 1395 2057; x_wconf 89' lang='lat' dir='ltr'><strong>non</strong></span> <span class='ocrx_word' id='word_1_595' title='bbox 1409 2030 1496 2060; x_wconf 83' lang='lat' dir='ltr'><strong>sinat.</strong></span> 
     </span>
    </p>
   </div>
   <div class='ocr_carea' id='block_1_83' title="bbox 1065 2105 1818 2143">
    <p class='ocr_par' dir='ltr' id='par_1_83' title="bbox 1065 2105 1818 2143">
     <span class='ocr_line' id='line_1_83' title="bbox 1065 2105 1818 2143; baseline 0.001 -9"><span class='ocrx_word' id='word_1_596' title='bbox 1065 2107 1161 2142; x_wconf 77' lang='lat' dir='ltr'><strong>Ejusd.</strong></span> <span class='ocrx_word' id='word_1_597' title='bbox 1176 2122 1210 2127; x_wconf 89' lang='lat'><strong>——</strong></span> <span class='ocrx_word' id='word_1_598' title='bbox 1225 2105 1344 2134; x_wconf 85' lang='lat' dir='ltr'><strong>Lubrica</strong></span> <span class='ocrx_word' id='word_1_599' title='bbox 1355 2106 1488 2135; x_wconf 86' lang='lat' dir='ltr'><strong>divitibus</strong></span> <span class='ocrx_word' id='word_1_600' title='bbox 1505 2107 1558 2135; x_wconf 88' lang='lat' dir='ltr'><strong>vita</strong></span> <span class='ocrx_word' id='word_1_601' title='bbox 1571 2111 1624 2141; x_wconf 85' lang='lat' dir='ltr'><strong>est,</strong></span> <span class='ocrx_word' id='word_1_602' title='bbox 1640 2106 1818 2143; x_wconf 77' lang='lat' dir='ltr'><strong>difﬁcilisque</strong></span> 
     </span>
    </p>
   </div>
   <div class='ocr_carea' id='block_1_84' title="bbox 1029 2152 1820 2189">
    <p class='ocr_par' dir='ltr' id='par_1_84' title="bbox 1029 2152 1820 2189">
     <span class='ocr_line' id='line_1_84' title="bbox 1029 2152 1820 2189; baseline 0.003 -10"><span class='ocrx_word' id='word_1_603' title='bbox 1029 2153 1156 2180; x_wconf 83' lang='lat' dir='ltr'><strong>mutatio.</strong></span> <span class='ocrx_word' id='word_1_604' title='bbox 1189 2152 1296 2180; x_wconf 86' lang='lat' dir='ltr'><strong>Forsan</strong></span> <span class='ocrx_word' id='word_1_605' title='bbox 1327 2152 1417 2180; x_wconf 89' lang='lat' dir='ltr'><strong>adhuc</strong></span> <span class='ocrx_word' id='word_1_606' title='bbox 1445 2153 1528 2186; x_wconf 87' lang='lat' dir='ltr'><strong>dicis,</strong></span> <span class='ocrx_word' id='word_1_607' title='bbox 1548 2160 1693 2181; x_wconf 89' lang='lat' dir='ltr'><strong>servorum</strong></span> <span class='ocrx_word' id='word_1_608' title='bbox 1720 2161 1820 2189; x_wconf 69' lang='lat' dir='ltr'><strong>greges</strong></span> 
     </span>
    </p>
   </div>
   <div class='ocr_carea' id='block_1_85' title="bbox 187 2199 975 2244">
    <p class='ocr_par' dir='ltr' id='par_1_85' title="bbox 187 2199 975 2236">
     <span class='ocr_line' id='line_1_85' title="bbox 187 2199 975 2236; baseline 0.001 -11"><span class='ocrx_word' id='word_1_609' title='bbox 187 2208 237 2231; x_wconf 79' lang='grc' dir='ltr'>τας</span> <span class='ocrx_word' id='word_1_610' title='bbox 258 2199 396 2235; x_wconf 84' lang='grc' dir='ltr'>περιάγει,</span> <span class='ocrx_word' id='word_1_611' title='bbox 426 2201 473 2226; x_wconf 76' lang='grc' dir='ltr'><strong>καὶ</strong></span> <span class='ocrx_word' id='word_1_612' title='bbox 496 2199 584 2226; x_wconf 77' lang='grc' dir='ltr'>πολλὰ</span> <span class='ocrx_word' id='word_1_613' title='bbox 609 2199 742 2234; x_wconf 84' lang='grc' dir='ltr'>κέκτηται</span> <span class='ocrx_word' id='word_1_614' title='bbox 766 2199 871 2236; x_wconf 81' lang='grc' dir='ltr'>πλέθρα</span> <span class='ocrx_word' id='word_1_615' title='bbox 894 2200 946 2235; x_wconf 85' lang='grc' dir='ltr'><strong>γῆς</strong></span> <span class='ocrx_word' id='word_1_616' title='bbox 961 2200 975 2226; x_wconf 80' lang='grc' dir='ltr'><strong><em>ὁ</em></strong></span> 
     </span>
    </p>
   </div>
   <div class='ocr_carea' id='block_1_86' title="bbox 1028 2199 1820 2244">
    <p class='ocr_par' dir='ltr' id='par_1_86' title="bbox 1029 2199 1820 2235">
     <span class='ocr_line' id='line_1_86' title="bbox 1029 2199 1820 2235; baseline 0.001 -8"><span class='ocrx_word' id='word_1_617' title='bbox 1029 2199 1252 2232; x_wconf 87' lang='lat' dir='ltr'><strong>circumducere,</strong></span> <span class='ocrx_word' id='word_1_618' title='bbox 1287 2202 1314 2226; x_wconf 89' lang='lat' dir='ltr'><strong>et</strong></span> <span class='ocrx_word' id='word_1_619' title='bbox 1334 2199 1415 2234; x_wconf 86' lang='lat' dir='ltr'><strong>plura</strong></span> <span class='ocrx_word' id='word_1_620' title='bbox 1441 2203 1522 2226; x_wconf 75' lang='lat' dir='ltr'><strong>terrae</strong></span> <span class='ocrx_word' id='word_1_621' title='bbox 1549 2199 1649 2234; x_wconf 79' lang='lat' dir='ltr'><strong>jugera</strong></span> <span class='ocrx_word' id='word_1_622' title='bbox 1672 2200 1820 2235; x_wconf 86' lang='lat' dir='ltr'><strong>possidere</strong></span> 
     </span>
    </p>
   </div>
   <div class='ocr_carea' id='block_1_87' title="bbox 187 2244 974 2280">
    <p class='ocr_par' dir='ltr' id='par_1_87' title="bbox 187 2244 974 2280">
     <span class='ocr_line' id='line_1_87' title="bbox 187 2244 974 2280; baseline 0.003 -10"><span class='ocrx_word' id='word_1_623' title='bbox 187 2244 321 2271; x_wconf 84' lang='grc' dir='ltr'>πλουτῶν.</span> <span class='ocrx_word' id='word_1_624' title='bbox 337 2244 450 2280; x_wconf 84' lang='grc' dir='ltr'>Πρῶτον</span> <span class='ocrx_word' id='word_1_625' title='bbox 475 2245 525 2280; x_wconf 84' lang='grc' dir='ltr'>μὲν</span> <span class='ocrx_word' id='word_1_626' title='bbox 543 2245 666 2280; x_wconf 80' lang='grc' dir='ltr'>χαλεπὰς</span> <span class='ocrx_word' id='word_1_627' title='bbox 688 2245 744 2279; x_wconf 78' lang='grc' dir='ltr'>ἕξει</span> <span class='ocrx_word' id='word_1_628' title='bbox 772 2245 822 2277; x_wconf 78' lang='grc' dir='ltr'>τὰς</span> <span class='ocrx_word' id='word_1_629' title='bbox 849 2245 974 2279; x_wconf 81' lang='grc' dir='ltr'><strong>εὐθύνας,</strong></span> 
     </span>
    </p>
   </div>
   <div class='ocr_carea' id='block_1_88' title="bbox 187 2290 976 2327">
    <p class='ocr_par' dir='ltr' id='par_1_88' title="bbox 187 2290 976 2327">
     <span class='ocr_line' id='line_1_88' title="bbox 187 2290 976 2327; baseline 0.004 -11"><span class='ocrx_word' id='word_1_630' title='bbox 187 2290 297 2317; x_wconf 82' lang='grc' dir='ltr'>πάντων</span> <span class='ocrx_word' id='word_1_631' title='bbox 314 2290 354 2325; x_wconf 83' lang='grc' dir='ltr'><strong>τῷ</strong></span> <span class='ocrx_word' id='word_1_632' title='bbox 378 2290 438 2326; x_wconf 86' lang='grc' dir='ltr'><strong>Θεῷ</strong></span> <span class='ocrx_word' id='word_1_633' title='bbox 455 2291 501 2317; x_wconf 77' lang='grc' dir='ltr'><strong>τὸν</strong></span> <span class='ocrx_word' id='word_1_634' title='bbox 528 2292 608 2325; x_wconf 84' lang='grc' dir='ltr'>λόγον</span> <span class='ocrx_word' id='word_1_635' title='bbox 631 2291 751 2326; x_wconf 85' lang='grc' dir='ltr'><strong>ὑπέχων.</strong></span> <span class='ocrx_word' id='word_1_636' title='bbox 767 2291 804 2318; x_wconf 88' lang='grc' dir='ltr'><strong>Οὐ</strong></span> <span class='ocrx_word' id='word_1_637' title='bbox 831 2292 886 2327; x_wconf 79' lang='grc' dir='ltr'><strong>γὰρ</strong></span> <span class='ocrx_word' id='word_1_638' title='bbox 900 2292 976 2324; x_wconf 84' lang='grc' dir='ltr'>ὅπως</span> 
     </span>
    </p>
   </div>
   <div class='ocr_carea' id='block_1_89' title="bbox 186 2332 977 2373">
    <p class='ocr_par' dir='ltr' id='par_1_89' title="bbox 186 2332 977 2373">
     <span class='ocr_line' id='line_1_89' title="bbox 186 2332 977 2373; baseline 0.004 -12"><span class='ocrx_word' id='word_1_639' title='bbox 186 2334 360 2366; x_wconf 78' lang='grc' dir='ltr'>ἀπολαύσειε,</span> <span class='ocrx_word' id='word_1_640' title='bbox 388 2332 468 2371; x_wconf 80' lang='grc' dir='ltr'>μόνον</span> <span class='ocrx_word' id='word_1_641' title='bbox 484 2336 590 2369; x_wconf 77' lang='grc' dir='ltr'>ἐλαϐεν,</span> <span class='ocrx_word' id='word_1_642' title='bbox 612 2336 670 2363; x_wconf 86' lang='grc' dir='ltr'>ἀλλ’</span> <span class='ocrx_word' id='word_1_643' title='bbox 698 2337 773 2369; x_wconf 77' lang='grc' dir='ltr'>ὅπως</span> <span class='ocrx_word' id='word_1_644' title='bbox 797 2337 846 2364; x_wconf 74' lang='grc' dir='ltr'><strong>καὶ</strong></span> <span class='ocrx_word' id='word_1_645' title='bbox 870 2337 977 2373; x_wconf 79' lang='grc' dir='ltr'>ἑτέροις</span> 
     </span>
    </p>
   </div>
   <div class='ocr_carea' id='block_1_90' title="bbox 186 2379 977 2418">
    <p class='ocr_par' dir='ltr' id='par_1_90' title="bbox 186 2379 977 2418">
     <span class='ocr_line' id='line_1_90' title="bbox 186 2379 977 2418; baseline 0.001 -10"><span class='ocrx_word' id='word_1_646' title='bbox 186 2381 291 2416; x_wconf 82' lang='grc' dir='ltr'>γένοιτο</span> <span class='ocrx_word' id='word_1_647' title='bbox 309 2381 454 2418; x_wconf 79' lang='grc' dir='ltr'>χρήσιμος.</span> <span class='ocrx_word' id='word_1_648' title='bbox 473 2382 605 2417; x_wconf 81' lang='grc' dir='ltr'><strong>Δεύτερον</strong></span> <span class='ocrx_word' id='word_1_649' title='bbox 618 2381 657 2415; x_wconf 75' lang='grc' dir='ltr'>δὲ,</span> <span class='ocrx_word' id='word_1_650' title='bbox 674 2382 715 2410; x_wconf 74' lang='grc' dir='ltr'><strong>ὅτι</strong></span> <span class='ocrx_word' id='word_1_651' title='bbox 731 2379 813 2409; x_wconf 72' lang='grc' dir='ltr'>πλέον</span> <span class='ocrx_word' id='word_1_652' title='bbox 829 2383 906 2410; x_wconf 80' lang='grc' dir='ltr'>οὐδὲν</span> <span class='ocrx_word' id='word_1_653' title='bbox 922 2383 977 2410; x_wconf 75' lang='grc' dir='ltr'><strong>ἀπὸ</strong></span> 
     </span>
    </p>
   </div>
   <div class='ocr_carea' id='block_1_91' title="bbox 186 2418 975 2465">
    <p class='ocr_par' dir='ltr' id='par_1_91' title="bbox 186 2418 975 2465">
     <span class='ocr_line' id='line_1_91' title="bbox 186 2418 975 2465; baseline 0.001 -10"><span class='ocrx_word' id='word_1_654' title='bbox 186 2428 236 2462; x_wconf 83' lang='grc' dir='ltr'><strong>τῆς</strong></span> <span class='ocrx_word' id='word_1_655' title='bbox 253 2428 412 2464; x_wconf 81' lang='grc' dir='ltr'>περιουσίας</span> <span class='ocrx_word' id='word_1_656' title='bbox 431 2427 506 2464; x_wconf 80' lang='grc' dir='ltr'>αὐτῷ</span> <span class='ocrx_word' id='word_1_657' title='bbox 524 2429 631 2463; x_wconf 78' lang='grc' dir='ltr'>γίνεται</span> <span class='ocrx_word' id='word_1_658' title='bbox 651 2418 766 2464; x_wconf 70' lang='grc' dir='ltr'>ταύτης,</span> <span class='ocrx_word' id='word_1_659' title='bbox 787 2430 804 2464; x_wconf 87' lang='grc' dir='ltr'>ἢ</span> <span class='ocrx_word' id='word_1_660' title='bbox 822 2430 975 2465; x_wconf 78' lang='grc' dir='ltr'>φροντίδες,</span> 
     </span>
    </p>
   </div>
   <div class='ocr_carea' id='block_1_92' title="bbox 186 2473 976 2510">
    <p class='ocr_par' dir='ltr' id='par_1_92' title="bbox 186 2473 976 2510">
     <span class='ocr_line' id='line_1_92' title="bbox 186 2473 976 2510; baseline 0.001 -10"><span class='ocrx_word' id='word_1_661' title='bbox 186 2473 233 2500; x_wconf 73' lang='grc' dir='ltr'>καὶ</span> <span class='ocrx_word' id='word_1_662' title='bbox 249 2473 391 2510; x_wconf 82' lang='grc' dir='ltr'>μέριμναι,</span> <span class='ocrx_word' id='word_1_663' title='bbox 407 2475 454 2501; x_wconf 81' lang='grc' dir='ltr'><strong>καὶ</strong></span> <span class='ocrx_word' id='word_1_664' title='bbox 479 2475 561 2510; x_wconf 80' lang='grc' dir='ltr'>ὀργαὶ</span> <span class='ocrx_word' id='word_1_665' title='bbox 586 2474 784 2510; x_wconf 80' lang='grc' dir='ltr'>καθημεριναὶ,</span> <span class='ocrx_word' id='word_1_666' title='bbox 802 2474 852 2501; x_wconf 76' lang='grc' dir='ltr'><strong>καὶ</strong></span> <span class='ocrx_word' id='word_1_667' title='bbox 871 2474 976 2509; x_wconf 79' lang='grc' dir='ltr'>ἀγανα-</span> 
     </span>
    </p>
   </div>
   <div class='ocr_carea' id='block_1_93' title="bbox 186 2520 977 2557">
    <p class='ocr_par' dir='ltr' id='par_1_93' title="bbox 186 2520 977 2557">
     <span class='ocr_line' id='line_1_93' title="bbox 186 2520 977 2557; baseline 0.001 -11"><span class='ocrx_word' id='word_1_668' title='bbox 186 2520 307 2556; x_wconf 77' lang='grc' dir='ltr'>κτήσεις,</span> <span class='ocrx_word' id='word_1_669' title='bbox 328 2521 377 2547; x_wconf 78' lang='grc' dir='ltr'>καὶ</span> <span class='ocrx_word' id='word_1_670' title='bbox 397 2521 428 2547; x_wconf 82' lang='grc' dir='ltr'>τὸ</span> <span class='ocrx_word' id='word_1_671' title='bbox 442 2521 486 2549; x_wconf 81' lang='grc' dir='ltr'>διὰ</span> <span class='ocrx_word' id='word_1_672' title='bbox 500 2521 601 2553; x_wconf 83' lang='grc' dir='ltr'>παντὸς</span> <span class='ocrx_word' id='word_1_673' title='bbox 626 2520 696 2548; x_wconf 76' lang='grc' dir='ltr'>εἶναι</span> <span class='ocrx_word' id='word_1_674' title='bbox 719 2522 748 2548; x_wconf 84' lang='grc' dir='ltr'><strong>ὲν</strong></span> <span class='ocrx_word' id='word_1_675' title='bbox 772 2522 909 2557; x_wconf 84' lang='grc' dir='ltr'>ταραχαῖς</span> <span class='ocrx_word' id='word_1_676' title='bbox 929 2522 977 2548; x_wconf 79' lang='grc' dir='ltr'><strong>καὶ</strong></span> 
     </span>
    </p>
   </div>
   <div class='ocr_carea' id='block_1_94' title="bbox 186 2563 975 2604">
    <p class='ocr_par' dir='ltr' id='par_1_94' title="bbox 186 2563 975 2604">
     <span class='ocr_line' id='line_1_94' title="bbox 186 2563 975 2604; baseline 0.004 -13"><span class='ocrx_word' id='word_1_677' title='bbox 186 2564 321 2600; x_wconf 79' lang='grc' dir='ltr'>θορύϐοις.</span> <span class='ocrx_word' id='word_1_678' title='bbox 344 2563 430 2599; x_wconf 80' lang='grc' dir='ltr'>Οὗτος</span> <span class='ocrx_word' id='word_1_679' title='bbox 447 2567 496 2602; x_wconf 83' lang='grc' dir='ltr'>μὲν</span> <span class='ocrx_word' id='word_1_680' title='bbox 513 2567 568 2602; x_wconf 84' lang='grc' dir='ltr'><strong>γὰρ</strong></span> <span class='ocrx_word' id='word_1_681' title='bbox 584 2567 686 2603; x_wconf 87' lang='grc' dir='ltr'>μυρίας</span> <span class='ocrx_word' id='word_1_682' title='bbox 705 2567 806 2604; x_wconf 87' lang='grc' dir='ltr'>πληροῖ</span> <span class='ocrx_word' id='word_1_683' title='bbox 822 2567 975 2603; x_wconf 79' lang='grc' dir='ltr'>γαστέρας·</span> 
     </span>
    </p>
   </div>
   <div class='ocr_carea' id='block_1_95' title="bbox 186 2610 978 2649">
    <p class='ocr_par' dir='ltr' id='par_1_95' title="bbox 186 2610 978 2649">
     <span class='ocr_line' id='line_1_95' title="bbox 186 2610 978 2649; baseline 0.001 -10"><span class='ocrx_word' id='word_1_684' title='bbox 186 2613 199 2639; x_wconf 77' lang='grc' dir='ltr'><strong>ὁ</strong></span> <span class='ocrx_word' id='word_1_685' title='bbox 211 2611 240 2638; x_wconf 77' lang='grc' dir='ltr'><strong>δὲ</strong></span> <span class='ocrx_word' id='word_1_686' title='bbox 261 2613 345 2648; x_wconf 81' lang='grc' dir='ltr'>πένης</span> <span class='ocrx_word' id='word_1_687' title='bbox 362 2613 425 2649; x_wconf 86' lang='grc' dir='ltr'>μίαν</span> <span class='ocrx_word' id='word_1_688' title='bbox 441 2614 542 2649; x_wconf 84' lang='grc' dir='ltr'>πληροῖ</span> <span class='ocrx_word' id='word_1_689' title='bbox 556 2612 637 2649; x_wconf 85' lang='grc' dir='ltr'>μόνον</span> <span class='ocrx_word' id='word_1_690' title='bbox 648 2622 654 2629; x_wconf 91' lang='grc'>·</span> <span class='ocrx_word' id='word_1_691' title='bbox 673 2613 741 2640; x_wconf 77' lang='grc' dir='ltr'>ἀλλὰ</span> <span class='ocrx_word' id='word_1_692' title='bbox 760 2613 807 2641; x_wconf 71' lang='grc' dir='ltr'><strong>καὶ</strong></span> <span class='ocrx_word' id='word_1_693' title='bbox 827 2610 906 2645; x_wconf 73' lang='grc' dir='ltr'>οὗτος</span> <span class='ocrx_word' id='word_1_694' title='bbox 928 2613 978 2640; x_wconf 77' lang='grc' dir='ltr'><strong>κόι-</strong></span> 
     </span>
    </p>
   </div>
   <div class='ocr_carea' id='block_1_96' title="bbox 187 2658 976 2695">
    <p class='ocr_par' dir='ltr' id='par_1_96' title="bbox 187 2658 976 2695">
     <span class='ocr_line' id='line_1_96' title="bbox 187 2658 976 2695; baseline 0.003 -12"><span class='ocrx_word' id='word_1_695' title='bbox 187 2658 275 2689; x_wconf 82' lang='grc' dir='ltr'>ιιεῖνος</span> <span class='ocrx_word' id='word_1_696' title='bbox 292 2659 367 2694; x_wconf 80' lang='grc' dir='ltr'>μίαν,</span> <span class='ocrx_word' id='word_1_697' title='bbox 384 2659 431 2686; x_wconf 78' lang='grc' dir='ltr'><strong>καὶ</strong></span> <span class='ocrx_word' id='word_1_698' title='bbox 446 2659 474 2686; x_wconf 82' lang='grc' dir='ltr'>ἓν</span> <span class='ocrx_word' id='word_1_699' title='bbox 501 2659 652 2695; x_wconf 76' lang='grc' dir='ltr'>ἀμφότεροι</span> <span class='ocrx_word' id='word_1_700' title='bbox 677 2659 861 2695; x_wconf 79' lang='grc' dir='ltr'>Θεραπεύουσι</span> <span class='ocrx_word' id='word_1_701' title='bbox 881 2659 976 2694; x_wconf 71' lang='grc' dir='ltr'>σῶμαο</span> 
     </span>
    </p>
   </div>
   <div class='ocr_carea' id='block_1_97' title="bbox 187 2703 977 2741">
    <p class='ocr_par' dir='ltr' id='par_1_97' title="bbox 187 2703 977 2741">
     <span class='ocr_line' id='line_1_97' title="bbox 187 2703 977 2741; baseline 0.003 -11"><span class='ocrx_word' id='word_1_702' title='bbox 187 2703 243 2730; x_wconf 67' lang='grc' dir='ltr'>ἀλλ’</span> <span class='ocrx_word' id='word_1_703' title='bbox 262 2705 277 2730; x_wconf 82' lang='grc' dir='ltr'><strong>ὁ</strong></span> <span class='ocrx_word' id='word_1_704' title='bbox 293 2705 341 2740; x_wconf 78' lang='grc' dir='ltr'>μὲν</span> <span class='ocrx_word' id='word_1_705' title='bbox 361 2706 447 2740; x_wconf 75' lang='grc' dir='ltr'>χωρὶς</span> <span class='ocrx_word' id='word_1_706' title='bbox 457 2705 577 2740; x_wconf 80' lang='grc' dir='ltr'>ἀγωνίας</span> <span class='ocrx_word' id='word_1_707' title='bbox 596 2706 644 2732; x_wconf 81' lang='grc' dir='ltr'><strong>καὶ</strong></span> <span class='ocrx_word' id='word_1_708' title='bbox 659 2705 747 2737; x_wconf 84' lang='grc' dir='ltr'>δέους,</span> <span class='ocrx_word' id='word_1_709' title='bbox 763 2706 777 2732; x_wconf 83' lang='grc' dir='ltr'><strong><em>ὁ</em></strong></span> <span class='ocrx_word' id='word_1_710' title='bbox 795 2705 824 2732; x_wconf 77' lang='grc' dir='ltr'><strong>δὲ</strong></span> <span class='ocrx_word' id='word_1_711' title='bbox 841 2705 911 2741; x_wconf 83' lang='grc' dir='ltr'>μετὰ</span> <span class='ocrx_word' id='word_1_712' title='bbox 930 2705 977 2733; x_wconf 77' lang='grc' dir='ltr'><strong>τοῦ</strong></span> 
     </span>
    </p>
   </div>
   <div class='ocr_carea' id='block_1_98' title="bbox 186 2749 977 2786">
    <p class='ocr_par' dir='ltr' id='par_1_98' title="bbox 186 2749 977 2786">
     <span class='ocr_line' id='line_1_98' title="bbox 186 2749 977 2786; baseline 0.001 -10"><span class='ocrx_word' id='word_1_713' title='bbox 186 2749 297 2785; x_wconf 77' lang='grc' dir='ltr'>τρέμειν</span> <span class='ocrx_word' id='word_1_714' title='bbox 315 2751 363 2777; x_wconf 71' lang='grc' dir='ltr'><strong>καὶ</strong></span> <span class='ocrx_word' id='word_1_715' title='bbox 384 2751 533 2778; x_wconf 80' lang='grc' dir='ltr'>δεδοικέναι</span> <span class='ocrx_word' id='word_1_716' title='bbox 553 2751 603 2783; x_wconf 78' lang='grc' dir='ltr'><strong>τὰς</strong></span> <span class='ocrx_word' id='word_1_717' title='bbox 628 2752 841 2784; x_wconf 68' lang='grc' dir='ltr'>ἐπαναστάσεις,</span> <span class='ocrx_word' id='word_1_718' title='bbox 857 2751 906 2778; x_wconf 71' lang='grc' dir='ltr'>καὶ</span> <span class='ocrx_word' id='word_1_719' title='bbox 925 2760 977 2786; x_wconf 83' lang='grc' dir='ltr'>μυ-</span> 
     </span>
    </p>
   </div>
   <div class='ocr_carea' id='block_1_99' title="bbox 186 2795 978 2836">
    <p class='ocr_par' dir='ltr' id='par_1_99' title="bbox 186 2795 978 2836">
     <span class='ocr_line' id='line_1_99' title="bbox 186 2795 978 2836; baseline 0.004 -15"><span class='ocrx_word' id='word_1_720' title='bbox 186 2795 252 2828; x_wconf 86' lang='grc' dir='ltr'>ρίων</span> <span class='ocrx_word' id='word_1_721' title='bbox 259 2795 363 2823; x_wconf 79' lang='grc' dir='ltr'>δεῖσθαι</span> <span class='ocrx_word' id='word_1_722' title='bbox 372 2797 427 2823; x_wconf 86' lang='grc' dir='ltr'><strong>τῶν</strong></span> <span class='ocrx_word' id='word_1_723' title='bbox 439 2798 670 2833; x_wconf 80' lang='grc' dir='ltr'>συνεφαψομένων</span> <span class='ocrx_word' id='word_1_724' title='bbox 681 2797 756 2833; x_wconf 83' lang='grc' dir='ltr'><strong>αὑτῷ</strong></span> <span class='ocrx_word' id='word_1_725' title='bbox 765 2798 816 2833; x_wconf 81' lang='grc' dir='ltr'><strong>τῆς</strong></span> <span class='ocrx_word' id='word_1_726' title='bbox 827 2797 880 2824; x_wconf 85' lang='grc' dir='ltr'>τῶν</span> <span class='ocrx_word' id='word_1_727' title='bbox 889 2805 978 2836; x_wconf 57' lang='grc' dir='ltr'>πραγέ</span> 
     </span>
    </p>
   </div>
   <div class='ocr_carea' id='block_1_100' title="bbox 187 2839 976 2878">
    <p class='ocr_par' dir='ltr' id='par_1_100' title="bbox 187 2839 976 2878">
     <span class='ocr_line' id='line_1_100' title="bbox 187 2839 976 2878; baseline 0 -10"><span class='ocrx_word' id='word_1_728' title='bbox 187 2839 280 2876; x_wconf 71' lang='grc' dir='ltr'>μάτων</span> <span class='ocrx_word' id='word_1_729' title='bbox 297 2842 466 2873; x_wconf 66' lang='grc' dir='ltr'>οἰκονομίας.</span> <span class='ocrx_word' id='word_1_730' title='bbox 485 2842 531 2872; x_wconf 81' lang='lat' dir='ltr'><strong>M‘n</strong></span> <span class='ocrx_word' id='word_1_731' title='bbox 550 2843 641 2870; x_wconf 88' lang='grc' dir='ltr'>τοίνυν</span> <span class='ocrx_word' id='word_1_732' title='bbox 660 2841 726 2877; x_wconf 79' lang='grc' dir='ltr'>εἶδε,</span> <span class='ocrx_word' id='word_1_733' title='bbox 744 2842 782 2875; x_wconf 82' lang='grc' dir='ltr'>ὡς</span> <span class='ocrx_word' id='word_1_734' title='bbox 805 2842 906 2878; x_wconf 78' lang='grc' dir='ltr'>πολλὴν</span> <span class='ocrx_word' id='word_1_735' title='bbox 919 2842 976 2877; x_wconf 72' lang='grc' dir='ltr'>ἔχει</span> 
     </span>
    </p>
   </div>
   <div class='ocr_carea' id='block_1_101' title="bbox 1028 2245 1820 2281">
    <p class='ocr_par' dir='ltr' id='par_1_101' title="bbox 1028 2245 1820 2281">
     <span class='ocr_line' id='line_1_101' title="bbox 1028 2245 1820 2281; baseline -0.001 -7"><span class='ocrx_word' id='word_1_736' title='bbox 1028 2253 1090 2274; x_wconf 91' lang='lat' dir='ltr'><strong>eum</strong></span> <span class='ocrx_word' id='word_1_737' title='bbox 1110 2245 1159 2281; x_wconf 87' lang='lat' dir='ltr'><strong>qui</strong></span> <span class='ocrx_word' id='word_1_738' title='bbox 1188 2246 1265 2273; x_wconf 87' lang='lat' dir='ltr'><strong>dives</strong></span> <span class='ocrx_word' id='word_1_739' title='bbox 1294 2245 1341 2273; x_wconf 86' lang='lat' dir='ltr'><strong>sit.</strong></span> <span class='ocrx_word' id='word_1_740' title='bbox 1357 2246 1391 2273; x_wconf 81' lang='lat' dir='ltr'><strong>At</strong></span> <span class='ocrx_word' id='word_1_741' title='bbox 1407 2245 1525 2280; x_wconf 89' lang='lat' dir='ltr'><strong>primum</strong></span> <span class='ocrx_word' id='word_1_742' title='bbox 1543 2245 1654 2280; x_wconf 89' lang='lat' dir='ltr'><strong>quidem</strong></span> <span class='ocrx_word' id='word_1_743' title='bbox 1671 2246 1764 2281; x_wconf 79' lang='lat' dir='ltr'><strong>gravis</strong></span> <span class='ocrx_word' id='word_1_744' title='bbox 1779 2245 1820 2273; x_wconf 88' lang='lat' dir='ltr'><strong>illi</strong></span> 
     </span>
    </p>
   </div>
   <div class='ocr_carea' id='block_1_102' title="bbox 1028 2291 1819 2328">
    <p class='ocr_par' dir='ltr' id='par_1_102' title="bbox 1028 2291 1819 2328">
     <span class='ocr_line' id='line_1_102' title="bbox 1028 2291 1819 2328; baseline -0.001 -7"><span class='ocrx_word' id='word_1_745' title='bbox 1028 2298 1146 2321; x_wconf 83' lang='lat' dir='ltr'><strong>censura</strong></span> <span class='ocrx_word' id='word_1_746' title='bbox 1162 2292 1216 2320; x_wconf 85' lang='lat' dir='ltr'><strong>erit</strong></span> <span class='ocrx_word' id='word_1_747' title='bbox 1226 2313 1233 2325; x_wconf 93' lang='lat'><strong>,</strong></span> <span class='ocrx_word' id='word_1_748' title='bbox 1251 2291 1352 2328; x_wconf 88' lang='lat' dir='ltr'><strong>quippe</strong></span> <span class='ocrx_word' id='word_1_749' title='bbox 1362 2299 1425 2319; x_wconf 91' lang='lat' dir='ltr'><strong>cum</strong></span> <span class='ocrx_word' id='word_1_750' title='bbox 1434 2299 1529 2320; x_wconf 88' lang='lat' dir='ltr'><strong>eorum</strong></span> <span class='ocrx_word' id='word_1_751' title='bbox 1543 2291 1665 2319; x_wconf 89' lang='lat' dir='ltr'><strong>omnium</strong></span> <span class='ocrx_word' id='word_1_752' title='bbox 1680 2292 1819 2320; x_wconf 84' lang='lat' dir='ltr'><strong>rationem</strong></span> 
     </span>
    </p>
   </div>
   <div class='ocr_carea' id='block_1_103' title="bbox 1028 2339 1818 2376">
    <p class='ocr_par' dir='ltr' id='par_1_103' title="bbox 1028 2339 1818 2376">
     <span class='ocr_line' id='line_1_103' title="bbox 1028 2339 1818 2376; baseline 0 -8"><span class='ocrx_word' id='word_1_753' title='bbox 1028 2340 1085 2368; x_wconf 88' lang='lat' dir='ltr'><strong>Deo</strong></span> <span class='ocrx_word' id='word_1_754' title='bbox 1113 2340 1283 2368; x_wconf 86' lang='lat' dir='ltr'><strong>reddendam</strong></span> <span class='ocrx_word' id='word_1_755' title='bbox 1311 2340 1423 2368; x_wconf 86' lang='lat' dir='ltr'><strong>habeat.</strong></span> <span class='ocrx_word' id='word_1_756' title='bbox 1445 2339 1538 2376; x_wconf 86' lang='lat' dir='ltr'><strong>Neque</strong></span> <span class='ocrx_word' id='word_1_757' title='bbox 1553 2341 1627 2369; x_wconf 92' lang='lat' dir='ltr'><strong>enim</strong></span> <span class='ocrx_word' id='word_1_758' title='bbox 1643 2348 1691 2368; x_wconf 83' lang='lat' dir='ltr'><strong>eas</strong></span> <span class='ocrx_word' id='word_1_759' title='bbox 1704 2344 1735 2368; x_wconf 89' lang='lat' dir='ltr'><strong>ut</strong></span> <span class='ocrx_word' id='word_1_760' title='bbox 1754 2345 1818 2368; x_wconf 88' lang='lat' dir='ltr'><strong>tan-</strong></span> 
     </span>
    </p>
   </div>
   <div class='ocr_carea' id='block_1_104' title="bbox 1027 2386 1820 2423">
    <p class='ocr_par' dir='ltr' id='par_1_104' title="bbox 1027 2386 1820 2423">
     <span class='ocr_line' id='line_1_104' title="bbox 1027 2386 1820 2423; baseline 0 -9"><span class='ocrx_word' id='word_1_761' title='bbox 1027 2386 1171 2415; x_wconf 86' lang='lat' dir='ltr'><strong>tummodo</strong></span> <span class='ocrx_word' id='word_1_762' title='bbox 1197 2386 1335 2414; x_wconf 74' lang='lat' dir='ltr'><strong>iruoretur</strong></span> <span class='ocrx_word' id='word_1_763' title='bbox 1356 2386 1542 2422; x_wconf 67' lang='lat' dir='ltr'><strong>aceepit,,sed</strong></span> <span class='ocrx_word' id='word_1_764' title='bbox 1573 2391 1604 2414; x_wconf 91' lang='lat' dir='ltr'><strong>ut</strong></span> <span class='ocrx_word' id='word_1_765' title='bbox 1619 2387 1681 2415; x_wconf 78' lang='lat' dir='ltr'><strong>aliis</strong></span> <span class='ocrx_word' id='word_1_766' title='bbox 1707 2394 1820 2423; x_wconf 87' lang='lat' dir='ltr'><strong>quoque</strong></span> 
     </span>
    </p>
   </div>
   <div class='ocr_carea' id='block_1_105' title="bbox 1027 2431 1819 2468">
    <p class='ocr_par' dir='ltr' id='par_1_105' title="bbox 1027 2431 1819 2468">
     <span class='ocr_line' id='line_1_105' title="bbox 1027 2431 1819 2468; baseline 0.001 -8"><span class='ocrx_word' id='word_1_767' title='bbox 1027 2432 1144 2460; x_wconf 82' lang='lat' dir='ltr'><strong>utilitati</strong></span> <span class='ocrx_word' id='word_1_768' title='bbox 1157 2435 1242 2460; x_wconf 80' lang='lat' dir='ltr'><strong>esset.</strong></span> <span class='ocrx_word' id='word_1_769' title='bbox 1257 2431 1360 2460; x_wconf 85' lang='lat' dir='ltr'><strong>Deinde</strong></span> <span class='ocrx_word' id='word_1_770' title='bbox 1378 2440 1416 2464; x_wconf 77' lang='lat' dir='ltr'><strong>ex</strong></span> <span class='ocrx_word' id='word_1_771' title='bbox 1430 2432 1482 2460; x_wconf 90' lang='lat' dir='ltr'><strong>hac</strong></span> <span class='ocrx_word' id='word_1_772' title='bbox 1501 2432 1660 2460; x_wconf 84' lang='lat' dir='ltr'><strong>divitiarum</strong></span> <span class='ocrx_word' id='word_1_773' title='bbox 1675 2433 1756 2468; x_wconf 85' lang='lat' dir='ltr'><strong>copia</strong></span> <span class='ocrx_word' id='word_1_774' title='bbox 1776 2432 1819 2461; x_wconf 91' lang='lat' dir='ltr'><strong>ni-</strong></span> 
     </span>
    </p>
   </div>
   <div class='ocr_carea' id='block_1_106' title="bbox 1029 2477 1818 2514">
    <p class='ocr_par' dir='ltr' id='par_1_106' title="bbox 1029 2477 1818 2514">
     <span class='ocr_line' id='line_1_106' title="bbox 1029 2477 1818 2514; baseline 0.001 -8"><span class='ocrx_word' id='word_1_775' title='bbox 1029 2479 1067 2506; x_wconf 92' lang='lat' dir='ltr'><strong>hil</strong></span> <span class='ocrx_word' id='word_1_776' title='bbox 1078 2477 1153 2506; x_wconf 90' lang='lat' dir='ltr'><strong>aliud</strong></span> <span class='ocrx_word' id='word_1_777' title='bbox 1163 2477 1198 2505; x_wconf 87' lang='lat' dir='ltr'><strong>ad</strong></span> <span class='ocrx_word' id='word_1_778' title='bbox 1209 2485 1272 2506; x_wconf 77' lang='lat' dir='ltr'><strong>eum</strong></span> <span class='ocrx_word' id='word_1_779' title='bbox 1288 2478 1368 2511; x_wconf 73' lang='lat' dir='ltr'><strong>redit,</strong></span> <span class='ocrx_word' id='word_1_780' title='bbox 1379 2485 1462 2514; x_wconf 84' lang='lat' dir='ltr'><strong>quam</strong></span> <span class='ocrx_word' id='word_1_781' title='bbox 1475 2486 1559 2510; x_wconf 64' lang='lat' dir='ltr'><strong>curae,</strong></span> <span class='ocrx_word' id='word_1_782' title='bbox 1569 2483 1597 2506; x_wconf 90' lang='lat' dir='ltr'><strong>et</strong></span> <span class='ocrx_word' id='word_1_783' title='bbox 1604 2479 1818 2511; x_wconf 80' lang='lat' dir='ltr'><strong>sollicitudines,</strong></span> 
     </span>
    </p>
   </div>
   <div class='ocr_carea' id='block_1_107' title="bbox 1028 2524 1819 2560">
    <p class='ocr_par' dir='ltr' id='par_1_107' title="bbox 1028 2524 1819 2560">
     <span class='ocr_line' id='line_1_107' title="bbox 1028 2524 1819 2560; baseline 0 -8"><span class='ocrx_word' id='word_1_784' title='bbox 1028 2530 1055 2552; x_wconf 91' lang='lat' dir='ltr'><strong>et</strong></span> <span class='ocrx_word' id='word_1_785' title='bbox 1068 2524 1235 2560; x_wconf 71' lang='lat' dir='ltr'><strong>quotidiana:</strong></span> <span class='ocrx_word' id='word_1_786' title='bbox 1250 2525 1410 2558; x_wconf 64' lang='lat' dir='ltr'><strong>iracundiae,</strong></span> <span class='ocrx_word' id='word_1_787' title='bbox 1423 2529 1450 2553; x_wconf 90' lang='lat' dir='ltr'><strong>et</strong></span> <span class='ocrx_word' id='word_1_788' title='bbox 1462 2525 1678 2560; x_wconf 83' lang='lat' dir='ltr'><strong>indignationes,</strong></span> <span class='ocrx_word' id='word_1_789' title='bbox 1692 2529 1774 2560; x_wconf 84' lang='lat' dir='ltr'><strong>atque</strong></span> <span class='ocrx_word' id='word_1_790' title='bbox 1790 2525 1819 2552; x_wconf 88' lang='lat' dir='ltr'><strong>in</strong></span> 
     </span>
    </p>
   </div>
   <div class='ocr_carea' id='block_1_108' title="bbox 1029 2570 1819 2607">
    <p class='ocr_par' dir='ltr' id='par_1_108' title="bbox 1029 2570 1819 2607">
     <span class='ocr_line' id='line_1_108' title="bbox 1029 2570 1819 2607; baseline 0 -9"><span class='ocrx_word' id='word_1_791' title='bbox 1029 2571 1170 2607; x_wconf 88' lang='lat' dir='ltr'><strong>perpetuis</strong></span> <span class='ocrx_word' id='word_1_792' title='bbox 1181 2570 1387 2599; x_wconf 87' lang='lat' dir='ltr'><strong>turbationibus</strong></span> <span class='ocrx_word' id='word_1_793' title='bbox 1399 2576 1426 2599; x_wconf 90' lang='lat' dir='ltr'><strong>et</strong></span> <span class='ocrx_word' id='word_1_794' title='bbox 1448 2571 1612 2599; x_wconf 83' lang='lat' dir='ltr'><strong>tumultibus</strong></span> <span class='ocrx_word' id='word_1_795' title='bbox 1626 2572 1742 2600; x_wconf 88' lang='lat' dir='ltr'><strong>versari.</strong></span> <span class='ocrx_word' id='word_1_796' title='bbox 1757 2571 1819 2606; x_wconf 89' lang='lat' dir='ltr'><strong>ipse</strong></span> 
     </span>
    </p>
   </div>
   <div class='ocr_carea' id='block_1_109' title="bbox 1028 2617 1818 2654">
    <p class='ocr_par' dir='ltr' id='par_1_109' title="bbox 1028 2617 1818 2654">
     <span class='ocr_line' id='line_1_109' title="bbox 1028 2617 1818 2654; baseline -0.001 -9"><span class='ocrx_word' id='word_1_797' title='bbox 1028 2617 1103 2646; x_wconf 88' lang='lat' dir='ltr'><strong>enim</strong></span> <span class='ocrx_word' id='word_1_798' title='bbox 1128 2621 1274 2645; x_wconf 83' lang='lat' dir='ltr'><strong>sexcentos</strong></span> <span class='ocrx_word' id='word_1_799' title='bbox 1301 2623 1413 2646; x_wconf 86' lang='lat' dir='ltr'><strong>ventres</strong></span> <span class='ocrx_word' id='word_1_800' title='bbox 1440 2618 1556 2654; x_wconf 89' lang='lat' dir='ltr'><strong>implere</strong></span> <span class='ocrx_word' id='word_1_801' title='bbox 1580 2623 1695 2646; x_wconf 86' lang='lat' dir='ltr'><strong>necesse</strong></span> <span class='ocrx_word' id='word_1_802' title='bbox 1710 2617 1818 2645; x_wconf 87' lang='lat' dir='ltr'><strong>habet:</strong></span> 
     </span>
    </p>
   </div>
   <div class='ocr_carea' id='block_1_110' title="bbox 1029 2663 1819 2699">
    <p class='ocr_par' dir='ltr' id='par_1_110' title="bbox 1029 2663 1819 2699">
     <span class='ocr_line' id='line_1_110' title="bbox 1029 2663 1819 2699; baseline 0 -9"><span class='ocrx_word' id='word_1_803' title='bbox 1029 2670 1135 2698; x_wconf 82' lang='lat' dir='ltr'><strong>pauper</strong></span> <span class='ocrx_word' id='word_1_804' title='bbox 1160 2670 1226 2690; x_wconf 87' lang='lat' dir='ltr'><strong>vero</strong></span> <span class='ocrx_word' id='word_1_805' title='bbox 1243 2670 1329 2690; x_wconf 93' lang='lat' dir='ltr'><strong>unum</strong></span> <span class='ocrx_word' id='word_1_806' title='bbox 1345 2663 1488 2691; x_wconf 80' lang='lat' dir='ltr'><strong>duntaxat.</strong></span> <span class='ocrx_word' id='word_1_807' title='bbox 1506 2663 1579 2696; x_wconf 86' lang='lat' dir='ltr'><strong>Quin</strong></span> <span class='ocrx_word' id='word_1_808' title='bbox 1594 2665 1678 2691; x_wconf 87' lang='lat' dir='ltr'><strong>etiam</strong></span> <span class='ocrx_word' id='word_1_809' title='bbox 1701 2667 1819 2699; x_wconf 88' lang='lat' dir='ltr'><strong>uterque</strong></span> 
     </span>
    </p>
   </div>
   <div class='ocr_carea' id='block_1_111' title="bbox 1030 2707 1818 2745">
    <p class='ocr_par' dir='ltr' id='par_1_111' title="bbox 1030 2707 1818 2745">
     <span class='ocr_line' id='line_1_111' title="bbox 1030 2707 1818 2745; baseline 0 -9"><span class='ocrx_word' id='word_1_810' title='bbox 1030 2714 1115 2736; x_wconf 89' lang='lat' dir='ltr'><strong>unum</strong></span> <span class='ocrx_word' id='word_1_811' title='bbox 1139 2707 1315 2736; x_wconf 85' lang='lat' dir='ltr'><strong>solummodo</strong></span> <span class='ocrx_word' id='word_1_812' title='bbox 1328 2713 1452 2737; x_wconf 85' lang='lat' dir='ltr'><strong>ventrem</strong></span> <span class='ocrx_word' id='word_1_813' title='bbox 1476 2714 1559 2744; x_wconf 79' lang='lat' dir='ltr'><strong>atque</strong></span> <span class='ocrx_word' id='word_1_814' title='bbox 1573 2709 1687 2737; x_wconf 86' lang='lat' dir='ltr'><strong>unicum</strong></span> <span class='ocrx_word' id='word_1_815' title='bbox 1714 2715 1818 2745; x_wconf 76' lang='lat' dir='ltr'><strong>corpus</strong></span> 
     </span>
    </p>
   </div>
   <div class='ocr_carea' id='block_1_112' title="bbox 1029 2753 1820 2788">
    <p class='ocr_par' dir='ltr' id='par_1_112' title="bbox 1029 2753 1820 2788">
     <span class='ocr_line' id='line_1_112' title="bbox 1029 2753 1820 2788; baseline 0.004 -8"><span class='ocrx_word' id='word_1_816' title='bbox 1029 2757 1129 2786; x_wconf 80' lang='lat' dir='ltr'><strong>curat;</strong></span> <span class='ocrx_word' id='word_1_817' title='bbox 1153 2761 1248 2782; x_wconf 84' lang='lat' dir='ltr'><strong>verum</strong></span> <span class='ocrx_word' id='word_1_818' title='bbox 1265 2754 1312 2781; x_wconf 86' lang='lat' dir='ltr'><strong>hic</strong></span> <span class='ocrx_word' id='word_1_819' title='bbox 1326 2754 1386 2783; x_wconf 87' lang='lat' dir='ltr'><strong>sine</strong></span> <span class='ocrx_word' id='word_1_820' title='bbox 1407 2758 1482 2782; x_wconf 86' lang='lat' dir='ltr'><strong>metu</strong></span> <span class='ocrx_word' id='word_1_821' title='bbox 1498 2759 1526 2782; x_wconf 88' lang='lat' dir='ltr'><strong>et</strong></span> <span class='ocrx_word' id='word_1_822' title='bbox 1541 2753 1740 2788; x_wconf 81' lang='lat' dir='ltr'><strong>sollicitudine,</strong></span> <span class='ocrx_word' id='word_1_823' title='bbox 1774 2755 1820 2784; x_wconf 80' lang='lat' dir='ltr'><strong>ille</strong></span> 
     </span>
    </p>
   </div>
   <div class='ocr_carea' id='block_1_113' title="bbox 1030 2799 1819 2836">
    <p class='ocr_par' dir='ltr' id='par_1_113' title="bbox 1030 2799 1819 2836">
     <span class='ocr_line' id='line_1_113' title="bbox 1030 2799 1819 2836; baseline 0.005 -11"><span class='ocrx_word' id='word_1_824' title='bbox 1030 2803 1122 2826; x_wconf 75' lang='lat' dir='ltr'><strong>autem</strong></span> <span class='ocrx_word' id='word_1_825' title='bbox 1153 2806 1214 2826; x_wconf 93' lang='lat' dir='ltr'><strong>cum</strong></span> <span class='ocrx_word' id='word_1_826' title='bbox 1236 2803 1357 2827; x_wconf 85' lang='lat' dir='ltr'><strong>tremore</strong></span> <span class='ocrx_word' id='word_1_827' title='bbox 1386 2803 1414 2827; x_wconf 89' lang='lat' dir='ltr'><strong>et</strong></span> <span class='ocrx_word' id='word_1_828' title='bbox 1434 2799 1602 2828; x_wconf 83' lang='lat' dir='ltr'><strong>insidiarum</strong></span> <span class='ocrx_word' id='word_1_829' title='bbox 1628 2805 1716 2834; x_wconf 88' lang='lat' dir='ltr'><strong>metu,</strong></span> <span class='ocrx_word' id='word_1_830' title='bbox 1734 2804 1819 2836; x_wconf 80' lang='lat' dir='ltr'><strong>atque</strong></span> 
     </span>
    </p>
   </div>
   <div class='ocr_carea' id='block_1_114' title="bbox 1030 2844 1819 2883">
    <p class='ocr_par' dir='ltr' id='par_1_114' title="bbox 1030 2844 1819 2883">
     <span class='ocr_line' id='line_1_114' title="bbox 1030 2844 1819 2883; baseline 0.005 -12"><span class='ocrx_word' id='word_1_831' title='bbox 1030 2844 1065 2872; x_wconf 87' lang='lat' dir='ltr'><strong>ita</strong></span> <span class='ocrx_word' id='word_1_832' title='bbox 1081 2844 1210 2880; x_wconf 85' lang='lat' dir='ltr'><strong>denique,</strong></span> <span class='ocrx_word' id='word_1_833' title='bbox 1225 2849 1255 2872; x_wconf 88' lang='lat' dir='ltr'><strong>ut</strong></span> <span class='ocrx_word' id='word_1_834' title='bbox 1269 2851 1463 2874; x_wconf 65' lang='lat' dir='ltr'><strong>sescentorum</strong></span> <span class='ocrx_word' id='word_1_835' title='bbox 1479 2845 1624 2874; x_wconf 89' lang='lat' dir='ltr'><strong>hominum</strong></span> <span class='ocrx_word' id='word_1_836' title='bbox 1642 2853 1727 2883; x_wconf 84' lang='lat' dir='ltr'><strong>opera</strong></span> <span class='ocrx_word' id='word_1_837' title='bbox 1743 2846 1819 2875; x_wconf 87' lang='lat' dir='ltr'><strong>indi-</strong></span> 
     </span>
    </p>
   </div>
  </div>
