  <div class='ocr_page' id='page_1' title='image "/cluster/home/n/w/nwhite01/storage/ocr_20150623/95/njp.32101077772844/772.png"; bbox 0 0 2073 3112; ppageno 0'>
   <div class='ocr_carea' id='block_1_1' title="bbox 176 158 253 204">
    <p class='ocr_par' dir='ltr' id='par_1_1' title="bbox 176 158 253 204">
     <span class='ocr_line' id='line_1_1' title="bbox 176 158 253 204; baseline -0.013 0"><span class='ocrx_word' id='word_1_1' title='bbox 176 158 253 204; x_wconf 59' lang='grc' dir='ltr'>ιδεεη</span> 
     </span>
    </p>
   </div>
   <div class='ocr_carea' id='block_1_2' title="bbox 769 158 1143 198">
    <p class='ocr_par' dir='ltr' id='par_1_2' title="bbox 769 158 1143 198">
     <span class='ocr_line' id='line_1_2' title="bbox 769 158 1143 198; baseline -0.016 -5"><span class='ocrx_word' id='word_1_2' title='bbox 769 161 890 193; x_wconf 78' lang='lat' dir='ltr'><strong>SACRA</strong></span> <span class='ocrx_word' id='word_1_3' title='bbox 908 158 1130 198; x_wconf 66' lang='lat' dir='ltr'><strong>PABALLELA</strong></span> <span class='ocrx_word' id='word_1_4' title='bbox 1137 179 1143 186; x_wconf 95' lang='lat'>.</span> 
     </span>
    </p>
   </div>
   <div class='ocr_carea' id='block_1_3' title="bbox 1747 153 1813 186">
    <p class='ocr_par' dir='ltr' id='par_1_3' title="bbox 1747 153 1813 186">
     <span class='ocr_line' id='line_1_3' title="bbox 1747 153 1813 186; baseline 0.015 -1"><span class='ocrx_word' id='word_1_5' title='bbox 1747 153 1757 185; x_wconf 85' lang='lat' dir='ltr'><strong>l</strong></span> <span class='ocrx_word' id='word_1_6' title='bbox 1763 153 1813 186; x_wconf 73' lang='lat'><strong>526</strong></span> 
     </span>
    </p>
   </div>
   <div class='ocr_carea' id='block_1_4' title="bbox 175 211 971 262">
    <p class='ocr_par' dir='ltr' id='par_1_4' title="bbox 175 214 968 262">
     <span class='ocr_line' id='line_1_4' title="bbox 175 214 968 262; baseline -0.014 -5"><span class='ocrx_word' id='word_1_7' title='bbox 175 229 265 257; x_wconf 69' lang='grc' dir='ltr'>ἔναντι</span> <span class='ocrx_word' id='word_1_8' title='bbox 281 225 396 262; x_wconf 75' lang='grc' dir='ltr'>Κυρίου.</span> <span class='ocrx_word' id='word_1_9' title='bbox 410 224 569 260; x_wconf 74' lang='grc' dir='ltr'>Ἄνθρωπος</span> <span class='ocrx_word' id='word_1_10' title='bbox 584 222 638 258; x_wconf 82' lang='grc' dir='ltr'><strong>γὰρ</strong></span> <span class='ocrx_word' id='word_1_11' title='bbox 655 221 735 257; x_wconf 74' lang='grc' dir='ltr'>σοφὸς</span> <span class='ocrx_word' id='word_1_12' title='bbox 749 214 779 249; x_wconf 71' lang='grc' dir='ltr'>ἓν</span> <span class='ocrx_word' id='word_1_13' title='bbox 793 221 875 249; x_wconf 80' lang='grc' dir='ltr'>παντὶ</span> <span class='ocrx_word' id='word_1_14' title='bbox 889 218 968 247; x_wconf 83' lang='grc' dir='ltr'>εὐλα-</span> 
     </span>
    </p>
   </div>
   <div class='ocr_carea' id='block_1_5' title="bbox 1021 211 1810 262">
    <p class='ocr_par' dir='ltr' id='par_1_5' title="bbox 1021 211 1810 248">
     <span class='ocr_line' id='line_1_5' title="bbox 1021 211 1810 248; baseline -0.003 -5"><span class='ocrx_word' id='word_1_15' title='bbox 1021 223 1078 244; x_wconf 91' lang='lat' dir='ltr'><strong>ram</strong></span> <span class='ocrx_word' id='word_1_16' title='bbox 1098 213 1251 243; x_wconf 87' lang='lat' dir='ltr'><strong>mutabilur</strong></span> <span class='ocrx_word' id='word_1_17' title='bbox 1273 215 1380 248; x_wconf 81' lang='lat' dir='ltr'><strong>tempus</strong></span> <span class='ocrx_word' id='word_1_18' title='bbox 1397 222 1404 240; x_wconf 91' lang='lat'><strong>:</strong></span> <span class='ocrx_word' id='word_1_19' title='bbox 1422 217 1451 240; x_wconf 86' lang='lat' dir='ltr'><strong>et</strong></span> <span class='ocrx_word' id='word_1_20' title='bbox 1467 212 1526 240; x_wconf 64' lang='lat' dir='ltr'><strong>haec</strong></span> <span class='ocrx_word' id='word_1_21' title='bbox 1548 213 1643 240; x_wconf 84' lang='lat' dir='ltr'><strong>omnia</strong></span> <span class='ocrx_word' id='word_1_22' title='bbox 1668 211 1752 241; x_wconf 88' lang='lat' dir='ltr'><strong>citata</strong></span> <span class='ocrx_word' id='word_1_23' title='bbox 1765 220 1810 241; x_wconf 83' lang='lat' dir='ltr'><strong>co-</strong></span> 
     </span>
    </p>
   </div>
   <div class='ocr_carea' id='block_1_6' title="bbox 175 275 404 310">
    <p class='ocr_par' dir='ltr' id='par_1_6' title="bbox 175 275 404 310">
     <span class='ocr_line' id='line_1_6' title="bbox 175 275 404 310; baseline -0.017 -8"><span class='ocrx_word' id='word_1_24' title='bbox 175 275 337 310; x_wconf 79' lang='grc' dir='ltr'>6ηθήσεται.</span> <span class='ocrx_word' id='word_1_25' title='bbox 359 281 370 298; x_wconf 71' lang='grc' dir='ltr'><strong>ι</strong></span> <span class='ocrx_word' id='word_1_26' title='bbox 395 283 404 293; x_wconf 73' lang='grc' dir='ltr'><strong><em>ο</em></strong></span> 
     </span>
    </p>
   </div>
   <div class='ocr_carea' id='block_1_7' title="bbox 213 356 968 395">
    <p class='ocr_par' dir='ltr' id='par_1_7' title="bbox 213 356 968 395">
     <span class='ocr_line' id='line_1_7' title="bbox 213 356 968 395; baseline -0.008 -7"><span class='ocrx_word' id='word_1_27' title='bbox 213 370 223 388; x_wconf 78' lang='grc' dir='ltr'><strong>ι</strong></span> <span class='ocrx_word' id='word_1_28' title='bbox 247 361 293 388; x_wconf 87' lang='lat' dir='ltr'><strong>‘Ev</strong></span> <span class='ocrx_word' id='word_1_29' title='bbox 305 360 418 395; x_wconf 79' lang='grc' dir='ltr'><strong>ἀγαθοῖς</strong></span> <span class='ocrx_word' id='word_1_30' title='bbox 432 359 531 395; x_wconf 80' lang='grc' dir='ltr'>ἀνδρὸς</span> <span class='ocrx_word' id='word_1_31' title='bbox 540 360 566 386; x_wconf 88' lang='grc' dir='ltr'>οἱ</span> <span class='ocrx_word' id='word_1_32' title='bbox 576 359 670 395; x_wconf 77' lang='grc' dir='ltr'>ἐχθροὶ</span> <span class='ocrx_word' id='word_1_33' title='bbox 685 357 769 385; x_wconf 79' lang='grc' dir='ltr'>αὑτοῦ</span> <span class='ocrx_word' id='word_1_34' title='bbox 784 358 813 384; x_wconf 81' lang='grc' dir='ltr'>ἐν</span> <span class='ocrx_word' id='word_1_35' title='bbox 825 357 909 393; x_wconf 81' lang='grc' dir='ltr'>λύπῃ,</span> <span class='ocrx_word' id='word_1_36' title='bbox 922 356 968 383; x_wconf 81' lang='grc' dir='ltr'>καὶ</span> 
     </span>
    </p>
   </div>
   <div class='ocr_carea' id='block_1_8' title="bbox 175 404 901 441">
    <p class='ocr_par' dir='ltr' id='par_1_8' title="bbox 175 404 901 441">
     <span class='ocr_line' id='line_1_8' title="bbox 175 404 901 441; baseline -0.007 -7"><span class='ocrx_word' id='word_1_37' title='bbox 175 408 206 434; x_wconf 73' lang='lat' dir='ltr'><strong>tv</strong></span> <span class='ocrx_word' id='word_1_38' title='bbox 219 407 315 439; x_wconf 78' lang='grc' dir='ltr'><strong>κακοῖς</strong></span> <span class='ocrx_word' id='word_1_39' title='bbox 331 405 414 434; x_wconf 85' lang='grc' dir='ltr'>αὑτοῦ</span> <span class='ocrx_word' id='word_1_40' title='bbox 430 405 478 433; x_wconf 82' lang='grc' dir='ltr'>καὶ</span> <span class='ocrx_word' id='word_1_41' title='bbox 492 406 507 432; x_wconf 85' lang='grc' dir='ltr'>ὀ</span> <span class='ocrx_word' id='word_1_42' title='bbox 525 405 602 440; x_wconf 81' lang='grc' dir='ltr'>φίλος</span> <span class='ocrx_word' id='word_1_43' title='bbox 616 404 874 441; x_wconf 80' lang='grc' dir='ltr'>διαχωρισθήσεται.</span> <span class='ocrx_word' id='word_1_44' title='bbox 892 413 901 428; x_wconf 74' lang='grc' dir='ltr'><strong>ι</strong></span> 
     </span>
    </p>
   </div>
   <div class='ocr_carea' id='block_1_9' title="bbox 215 491 968 532">
    <p class='ocr_par' dir='ltr' id='par_1_9' title="bbox 215 491 968 532">
     <span class='ocr_line' id='line_1_9' title="bbox 215 491 968 532; baseline -0.004 -9"><span class='ocrx_word' id='word_1_45' title='bbox 215 506 226 523; x_wconf 78' lang='grc' dir='ltr'><strong>ι</strong></span> <span class='ocrx_word' id='word_1_46' title='bbox 241 497 299 524; x_wconf 74' lang='grc' dir='ltr'><strong>Πᾶν</strong></span> <span class='ocrx_word' id='word_1_47' title='bbox 312 496 384 523; x_wconf 77' lang='grc' dir='ltr'>δὲὰν</span> <span class='ocrx_word' id='word_1_48' title='bbox 400 496 508 532; x_wconf 77' lang='grc' dir='ltr'>ὲπαχθῇ</span> <span class='ocrx_word' id='word_1_49' title='bbox 523 504 576 529; x_wconf 82' lang='grc' dir='ltr'>σοι,</span> <span class='ocrx_word' id='word_1_50' title='bbox 591 495 678 529; x_wconf 79' lang='grc' dir='ltr'>δέξαι,</span> <span class='ocrx_word' id='word_1_51' title='bbox 692 496 740 522; x_wconf 76' lang='grc' dir='ltr'>καὶ</span> <span class='ocrx_word' id='word_1_52' title='bbox 755 495 785 522; x_wconf 76' lang='grc' dir='ltr'>ἐν</span> <span class='ocrx_word' id='word_1_53' title='bbox 795 491 968 530; x_wconf 77' lang='grc' dir='ltr'>άλαλάγματι</span> 
     </span>
    </p>
   </div>
   <div class='ocr_carea' id='block_1_10' title="bbox 175 541 969 578">
    <p class='ocr_par' dir='ltr' id='par_1_10' title="bbox 175 541 969 578">
     <span class='ocr_line' id='line_1_10' title="bbox 175 541 969 578; baseline -0.003 -9"><span class='ocrx_word' id='word_1_54' title='bbox 175 541 370 574; x_wconf 84' lang='grc' dir='ltr'>ταπεινώσεώς</span> <span class='ocrx_word' id='word_1_55' title='bbox 384 550 432 569; x_wconf 90' lang='grc' dir='ltr'><strong>σου</strong></span> <span class='ocrx_word' id='word_1_56' title='bbox 451 541 678 578; x_wconf 84' lang='grc' dir='ltr'>μακροθύμησον,</span> <span class='ocrx_word' id='word_1_57' title='bbox 692 542 734 568; x_wconf 83' lang='grc' dir='ltr'>ὅτι</span> <span class='ocrx_word' id='word_1_58' title='bbox 749 541 926 577; x_wconf 75' lang='grc' dir='ltr'><strong>δοκιμάζεται</strong></span> <span class='ocrx_word' id='word_1_59' title='bbox 940 542 969 567; x_wconf 75' lang='grc' dir='ltr'>ὲν</span> 
     </span>
    </p>
   </div>
   <div class='ocr_carea' id='block_1_11' title="bbox 176 587 968 625">
    <p class='ocr_par' dir='ltr' id='par_1_11' title="bbox 176 587 968 625">
     <span class='ocr_line' id='line_1_11' title="bbox 176 587 968 625; baseline -0.004 -8"><span class='ocrx_word' id='word_1_60' title='bbox 176 589 245 625; x_wconf 75' lang='grc' dir='ltr'>πυρὶ</span> <span class='ocrx_word' id='word_1_61' title='bbox 256 589 366 625; x_wconf 74' lang='grc' dir='ltr'>χρυσὸς,</span> <span class='ocrx_word' id='word_1_62' title='bbox 379 590 427 616; x_wconf 81' lang='grc' dir='ltr'>καὶ</span> <span class='ocrx_word' id='word_1_63' title='bbox 444 589 585 624; x_wconf 72' lang='grc' dir='ltr'>ἄνθρωποι</span> <span class='ocrx_word' id='word_1_64' title='bbox 594 588 687 615; x_wconf 82' lang='grc' dir='ltr'>δεκτοὶ</span> <span class='ocrx_word' id='word_1_65' title='bbox 701 589 731 615; x_wconf 83' lang='grc' dir='ltr'>ὲν</span> <span class='ocrx_word' id='word_1_66' title='bbox 747 587 857 624; x_wconf 84' lang='grc' dir='ltr'>καμίνῳ</span> <span class='ocrx_word' id='word_1_67' title='bbox 873 595 968 614; x_wconf 83' lang='grc' dir='ltr'>ταπει-</span> 
     </span>
    </p>
   </div>
   <div class='ocr_carea' id='block_1_12' title="bbox 175 643 325 667">
    <p class='ocr_par' dir='ltr' id='par_1_12' title="bbox 175 643 325 667">
     <span class='ocr_line' id='line_1_12' title="bbox 175 643 325 667; baseline -0.007 -5"><span class='ocrx_word' id='word_1_68' title='bbox 175 643 295 667; x_wconf 82' lang='grc' dir='ltr'>νωσιως.</span> <span class='ocrx_word' id='word_1_69' title='bbox 315 643 325 661; x_wconf 77' lang='grc' dir='ltr'><strong>ι</strong></span> 
     </span>
    </p>
   </div>
   <div class='ocr_carea' id='block_1_13' title="bbox 212 720 969 758">
    <p class='ocr_par' dir='ltr' id='par_1_13' title="bbox 212 720 969 758">
     <span class='ocr_line' id='line_1_13' title="bbox 212 720 969 758; baseline 0 -10"><span class='ocrx_word' id='word_1_70' title='bbox 212 721 390 757; x_wconf 69' lang='grc' dir='ltr'>κυϐερνήτου</span> <span class='ocrx_word' id='word_1_71' title='bbox 405 721 495 757; x_wconf 81' lang='grc' dir='ltr'><strong>χρεία,</strong></span> <span class='ocrx_word' id='word_1_72' title='bbox 518 722 562 758; x_wconf 68' lang='grc' dir='ltr'>ἵνα</span> <span class='ocrx_word' id='word_1_73' title='bbox 589 722 636 749; x_wconf 76' lang='grc' dir='ltr'>καὶ</span> <span class='ocrx_word' id='word_1_74' title='bbox 658 721 687 748; x_wconf 75' lang='grc' dir='ltr'>ἐν</span> <span class='ocrx_word' id='word_1_75' title='bbox 709 721 816 758; x_wconf 74' lang='grc' dir='ltr'>γαλήνῃ</span> <span class='ocrx_word' id='word_1_76' title='bbox 832 721 881 748; x_wconf 81' lang='grc' dir='ltr'>τοῦ</span> <span class='ocrx_word' id='word_1_77' title='bbox 910 720 969 756; x_wconf 83' lang='grc' dir='ltr'>βίου</span> 
     </span>
    </p>
   </div>
   <div class='ocr_carea' id='block_1_14' title="bbox 178 767 969 804">
    <p class='ocr_par' dir='ltr' id='par_1_14' title="bbox 178 767 969 804">
     <span class='ocr_line' id='line_1_14' title="bbox 178 767 969 804; baseline 0.001 -10"><span class='ocrx_word' id='word_1_78' title='bbox 178 768 287 795; x_wconf 83' lang='grc' dir='ltr'>πάντων</span> <span class='ocrx_word' id='word_1_79' title='bbox 310 767 385 804; x_wconf 82' lang='grc' dir='ltr'><strong>αὺτῷ</strong></span> <span class='ocrx_word' id='word_1_80' title='bbox 401 769 472 796; x_wconf 74' lang='grc' dir='ltr'>κατὰ</span> <span class='ocrx_word' id='word_1_81' title='bbox 487 768 552 804; x_wconf 77' lang='grc' dir='ltr'>ῥοῦν</span> <span class='ocrx_word' id='word_1_82' title='bbox 571 769 734 804; x_wconf 85' lang='grc' dir='ltr'>προϊόντων,</span> <span class='ocrx_word' id='word_1_83' title='bbox 752 769 803 800; x_wconf 81' lang='grc' dir='ltr'><strong>τὰς</strong></span> <span class='ocrx_word' id='word_1_84' title='bbox 817 768 969 803; x_wconf 75' lang='grc' dir='ltr'>μεταϐολὰς</span> 
     </span>
    </p>
   </div>
   <div class='ocr_carea' id='block_1_15' title="bbox 179 814 970 850">
    <p class='ocr_par' dir='ltr' id='par_1_15' title="bbox 179 814 970 850">
     <span class='ocr_line' id='line_1_15' title="bbox 179 814 970 850; baseline 0 -9"><span class='ocrx_word' id='word_1_85' title='bbox 179 814 333 849; x_wconf 69' lang='grc' dir='ltr'>ὶκδέχηται,</span> <span class='ocrx_word' id='word_1_86' title='bbox 350 814 397 841; x_wconf 81' lang='grc' dir='ltr'>καὶ</span> <span class='ocrx_word' id='word_1_87' title='bbox 412 814 449 850; x_wconf 82' lang='grc' dir='ltr'>μὴ</span> <span class='ocrx_word' id='word_1_88' title='bbox 465 815 503 846; x_wconf 83' lang='grc' dir='ltr'>ὡς</span> <span class='ocrx_word' id='word_1_89' title='bbox 513 815 659 847; x_wconf 77' lang='grc' dir='ltr'><strong>ἀθανάτοις</strong></span> <span class='ocrx_word' id='word_1_90' title='bbox 679 814 891 850; x_wconf 72' lang='grc' dir='ltr'>ἑπαναπαύηται</span> <span class='ocrx_word' id='word_1_91' title='bbox 912 816 970 846; x_wconf 83' lang='grc' dir='ltr'>τοῖς</span> 
     </span>
    </p>
   </div>
   <div class='ocr_carea' id='block_1_16' title="bbox 177 860 969 897">
    <p class='ocr_par' dir='ltr' id='par_1_16' title="bbox 177 860 969 897">
     <span class='ocr_line' id='line_1_16' title="bbox 177 860 969 897; baseline 0 -10"><span class='ocrx_word' id='word_1_92' title='bbox 177 860 307 897; x_wconf 80' lang='grc' dir='ltr'>παροῦσι,</span> <span class='ocrx_word' id='word_1_93' title='bbox 323 861 371 888; x_wconf 77' lang='grc' dir='ltr'>καὶ</span> <span class='ocrx_word' id='word_1_94' title='bbox 394 862 423 888; x_wconf 80' lang='grc' dir='ltr'>ὲν</span> <span class='ocrx_word' id='word_1_95' title='bbox 436 862 496 893; x_wconf 82' lang='grc' dir='ltr'>ταῖς</span> <span class='ocrx_word' id='word_1_96' title='bbox 517 861 761 896; x_wconf 81' lang='grc' dir='ltr'>σκυθρωποτέραις</span> <span class='ocrx_word' id='word_1_97' title='bbox 783 861 969 888; x_wconf 75' lang='grc' dir='ltr'><strong>καταστάσεσι</strong></span> 
     </span>
    </p>
   </div>
   <div class='ocr_carea' id='block_1_17' title="bbox 179 905 968 943">
    <p class='ocr_par' dir='ltr' id='par_1_17' title="bbox 179 905 968 943">
     <span class='ocr_line' id='line_1_17' title="bbox 179 905 968 943; baseline 0.001 -11"><span class='ocrx_word' id='word_1_98' title='bbox 179 905 217 941; x_wconf 80' lang='grc' dir='ltr'>μὴ</span> <span class='ocrx_word' id='word_1_99' title='bbox 240 905 380 942; x_wconf 80' lang='grc' dir='ltr'>ἀπελπίζῃ</span> <span class='ocrx_word' id='word_1_100' title='bbox 406 905 514 939; x_wconf 78' lang='grc' dir='ltr'>ἑαυτὸν,</span> <span class='ocrx_word' id='word_1_101' title='bbox 532 907 600 943; x_wconf 79' lang='grc' dir='ltr'>μηδὲ</span> <span class='ocrx_word' id='word_1_102' title='bbox 624 908 657 943; x_wconf 80' lang='grc' dir='ltr'>τῇ</span> <span class='ocrx_word' id='word_1_103' title='bbox 683 907 869 942; x_wconf 72' lang='grc' dir='ltr'><strong>περισσοτέρᾳ</strong></span> <span class='ocrx_word' id='word_1_104' title='bbox 895 907 968 942; x_wconf 84' lang='grc' dir='ltr'>λύπῃ</span> 
     </span>
    </p>
   </div>
   <div class='ocr_carea' id='block_1_18' title="bbox 177 951 969 989">
    <p class='ocr_par' dir='ltr' id='par_1_18' title="bbox 177 951 969 989">
     <span class='ocr_line' id='line_1_18' title="bbox 177 951 969 989; baseline 0.003 -12"><span class='ocrx_word' id='word_1_105' title='bbox 177 951 345 983; x_wconf 73' lang='grc' dir='ltr'>καταποθεὶς</span> <span class='ocrx_word' id='word_1_106' title='bbox 373 951 541 988; x_wconf 76' lang='grc' dir='ltr'>ὐποόρύχιος</span> <span class='ocrx_word' id='word_1_107' title='bbox 568 952 698 989; x_wconf 81' lang='grc' dir='ltr'>φέρηται.</span> <span class='ocrx_word' id='word_1_108' title='bbox 715 952 785 979; x_wconf 70' lang='grc' dir='ltr'>Οὔτε</span> <span class='ocrx_word' id='word_1_109' title='bbox 809 952 862 988; x_wconf 81' lang='grc' dir='ltr'>γὰρ</span> <span class='ocrx_word' id='word_1_110' title='bbox 889 952 969 986; x_wconf 85' lang='grc' dir='ltr'>ὑγεία</span> 
     </span>
    </p>
   </div>
   <div class='ocr_carea' id='block_1_19' title="bbox 178 995 968 1034">
    <p class='ocr_par' dir='ltr' id='par_1_19' title="bbox 178 995 968 1034">
     <span class='ocr_line' id='line_1_19' title="bbox 178 995 968 1034; baseline 0.004 -12"><span class='ocrx_word' id='word_1_111' title='bbox 178 995 317 1031; x_wconf 85' lang='grc' dir='ltr'>σώματος,</span> <span class='ocrx_word' id='word_1_112' title='bbox 339 996 401 1023; x_wconf 77' lang='grc' dir='ltr'>οὔτε</span> <span class='ocrx_word' id='word_1_113' title='bbox 415 997 541 1033; x_wconf 88' lang='grc' dir='ltr'>νεότητος</span> <span class='ocrx_word' id='word_1_114' title='bbox 555 997 645 1030; x_wconf 76' lang='grc' dir='ltr'>ἄνθος,</span> <span class='ocrx_word' id='word_1_115' title='bbox 662 997 724 1025; x_wconf 78' lang='grc' dir='ltr'>οὔτε</span> <span class='ocrx_word' id='word_1_116' title='bbox 740 998 869 1034; x_wconf 82' lang='grc' dir='ltr'>εὐθήνεια</span> <span class='ocrx_word' id='word_1_117' title='bbox 883 999 968 1030; x_wconf 75' lang='grc' dir='ltr'>οἴκου,</span> 
     </span>
    </p>
   </div>
   <div class='ocr_carea' id='block_1_20' title="bbox 177 1041 968 1080">
    <p class='ocr_par' dir='ltr' id='par_1_20' title="bbox 177 1041 968 1080">
     <span class='ocr_line' id='line_1_20' title="bbox 177 1041 968 1080; baseline 0.004 -12"><span class='ocrx_word' id='word_1_118' title='bbox 177 1042 228 1077; x_wconf 78' lang='grc' dir='ltr'>οὐχ</span> <span class='ocrx_word' id='word_1_119' title='bbox 249 1043 264 1077; x_wconf 86' lang='grc' dir='ltr'>ἠ</span> <span class='ocrx_word' id='word_1_120' title='bbox 284 1041 365 1078; x_wconf 81' lang='grc' dir='ltr'>λοιπὴ</span> <span class='ocrx_word' id='word_1_121' title='bbox 383 1042 431 1069; x_wconf 79' lang='grc' dir='ltr'>τοῦ</span> <span class='ocrx_word' id='word_1_122' title='bbox 453 1043 510 1078; x_wconf 80' lang='grc' dir='ltr'>βίου</span> <span class='ocrx_word' id='word_1_123' title='bbox 544 1044 680 1080; x_wconf 80' lang='grc' dir='ltr'>εὑημερία</span> <span class='ocrx_word' id='word_1_124' title='bbox 699 1044 814 1071; x_wconf 75' lang='grc' dir='ltr'>ἐπιπολὺ</span> <span class='ocrx_word' id='word_1_125' title='bbox 835 1044 968 1080; x_wconf 76' lang='grc' dir='ltr'>διαμένει.</span> 
     </span>
    </p>
   </div>
   <div class='ocr_carea' id='block_1_21' title="bbox 184 1088 970 1126">
    <p class='ocr_par' dir='ltr' id='par_1_21' title="bbox 184 1088 970 1126">
     <span class='ocr_line' id='line_1_21' title="bbox 184 1088 970 1126; baseline 0.005 -12"><span class='ocrx_word' id='word_1_126' title='bbox 184 1088 256 1114; x_wconf 77' lang='grc' dir='ltr'>Ἀλλ’</span> <span class='ocrx_word' id='word_1_127' title='bbox 273 1089 302 1115; x_wconf 80' lang='grc' dir='ltr'>ὲν</span> <span class='ocrx_word' id='word_1_128' title='bbox 313 1090 346 1124; x_wconf 81' lang='grc' dir='ltr'>τῇ</span> <span class='ocrx_word' id='word_1_129' title='bbox 359 1089 434 1125; x_wconf 78' lang='grc' dir='ltr'>εὑδίᾳ</span> <span class='ocrx_word' id='word_1_130' title='bbox 449 1089 536 1125; x_wconf 85' lang='grc' dir='ltr'>ταύτῃ</span> <span class='ocrx_word' id='word_1_131' title='bbox 564 1090 612 1117; x_wconf 78' lang='grc' dir='ltr'>τοῦ</span> <span class='ocrx_word' id='word_1_132' title='bbox 627 1090 698 1126; x_wconf 82' lang='grc' dir='ltr'>βίου.</span> <span class='ocrx_word' id='word_1_133' title='bbox 711 1091 823 1126; x_wconf 70' lang='grc' dir='ltr'>ἐκδέχου</span> <span class='ocrx_word' id='word_1_134' title='bbox 839 1091 904 1118; x_wconf 84' lang='grc' dir='ltr'>ποτὲ</span> <span class='ocrx_word' id='word_1_135' title='bbox 923 1091 970 1117; x_wconf 86' lang='grc' dir='ltr'>καὶ</span> 
     </span>
    </p>
   </div>
   <div class='ocr_carea' id='block_1_22' title="bbox 178 1133 971 1173">
    <p class='ocr_par' dir='ltr' id='par_1_22' title="bbox 178 1133 971 1173">
     <span class='ocr_line' id='line_1_22' title="bbox 178 1133 971 1173; baseline 0.006 -14"><span class='ocrx_word' id='word_1_136' title='bbox 178 1133 303 1169; x_wconf 80' lang='grc' dir='ltr'>χειμῶνα</span> <span class='ocrx_word' id='word_1_137' title='bbox 317 1136 500 1170; x_wconf 81' lang='grc' dir='ltr'><strong>πραγμάτων.</strong></span> <span class='ocrx_word' id='word_1_138' title='bbox 514 1136 594 1168; x_wconf 81' lang='grc' dir='ltr'>Ἥξει</span> <span class='ocrx_word' id='word_1_139' title='bbox 604 1136 657 1172; x_wconf 77' lang='grc' dir='ltr'><strong>γὰρ</strong></span> <span class='ocrx_word' id='word_1_140' title='bbox 673 1136 762 1170; x_wconf 86' lang='grc' dir='ltr'>νόσος,</span> <span class='ocrx_word' id='word_1_141' title='bbox 783 1137 830 1164; x_wconf 79' lang='grc' dir='ltr'>καὶ</span> <span class='ocrx_word' id='word_1_142' title='bbox 843 1136 904 1173; x_wconf 80' lang='grc' dir='ltr'>ἥξει</span> <span class='ocrx_word' id='word_1_143' title='bbox 919 1146 971 1164; x_wconf 86' lang='grc' dir='ltr'>πε-</span> 
     </span>
    </p>
   </div>
   <div class='ocr_carea' id='block_1_23' title="bbox 177 1178 970 1218">
    <p class='ocr_par' dir='ltr' id='par_1_23' title="bbox 177 1178 970 1218">
     <span class='ocr_line' id='line_1_23' title="bbox 177 1178 970 1218; baseline 0.006 -13"><span class='ocrx_word' id='word_1_144' title='bbox 177 1178 233 1212; x_wconf 84' lang='grc' dir='ltr'>νία,</span> <span class='ocrx_word' id='word_1_145' title='bbox 249 1179 299 1206; x_wconf 85' lang='grc' dir='ltr'>οὐκ</span> <span class='ocrx_word' id='word_1_146' title='bbox 313 1179 356 1206; x_wconf 76' lang='grc' dir='ltr'><strong>ἀεὶ</strong></span> <span class='ocrx_word' id='word_1_147' title='bbox 372 1181 443 1208; x_wconf 86' lang='grc' dir='ltr'>κατὰ</span> <span class='ocrx_word' id='word_1_148' title='bbox 458 1181 585 1217; x_wconf 81' lang='grc' dir='ltr'>πρύμναν</span> <span class='ocrx_word' id='word_1_149' title='bbox 602 1182 749 1217; x_wconf 75' lang='grc' dir='ltr'>ἱσταμένου</span> <span class='ocrx_word' id='word_1_150' title='bbox 772 1182 819 1209; x_wconf 79' lang='grc' dir='ltr'><strong>τοῦ</strong></span> <span class='ocrx_word' id='word_1_151' title='bbox 845 1182 970 1218; x_wconf 81' lang='grc' dir='ltr'>πνεύμα-</span> 
     </span>
    </p>
   </div>
   <div class='ocr_carea' id='block_1_24' title="bbox 178 1224 970 1264">
    <p class='ocr_par' dir='ltr' id='par_1_24' title="bbox 178 1224 970 1264">
     <span class='ocr_line' id='line_1_24' title="bbox 178 1224 970 1264; baseline 0.006 -14"><span class='ocrx_word' id='word_1_152' title='bbox 178 1232 235 1257; x_wconf 83' lang='grc' dir='ltr'>τος,</span> <span class='ocrx_word' id='word_1_153' title='bbox 249 1224 319 1252; x_wconf 77' lang='grc' dir='ltr'>ἀλλὰ</span> <span class='ocrx_word' id='word_1_154' title='bbox 346 1226 393 1252; x_wconf 83' lang='grc' dir='ltr'>καὶ</span> <span class='ocrx_word' id='word_1_155' title='bbox 415 1226 461 1254; x_wconf 80' lang='grc' dir='ltr'>τὸν</span> <span class='ocrx_word' id='word_1_156' title='bbox 476 1227 664 1262; x_wconf 79' lang='grc' dir='ltr'>ὗπὲρσλεπτον</span> <span class='ocrx_word' id='word_1_157' title='bbox 691 1229 721 1254; x_wconf 84' lang='grc' dir='ltr'>ὲν</span> <span class='ocrx_word' id='word_1_158' title='bbox 747 1229 824 1260; x_wconf 81' lang='grc' dir='ltr'>πᾶσι,</span> <span class='ocrx_word' id='word_1_159' title='bbox 850 1227 970 1264; x_wconf 67' lang='grc' dir='ltr'>ζηλωτὸν</span> 
     </span>
    </p>
   </div>
   <div class='ocr_carea' id='block_1_25' title="bbox 179 1270 970 1309">
    <p class='ocr_par' dir='ltr' id='par_1_25' title="bbox 179 1270 970 1309">
     <span class='ocr_line' id='line_1_25' title="bbox 179 1270 970 1309; baseline 0.006 -12"><span class='ocrx_word' id='word_1_160' title='bbox 179 1270 306 1306; x_wconf 80' lang='grc' dir='ltr'>ἀδόκητοι</span> <span class='ocrx_word' id='word_1_161' title='bbox 324 1272 455 1304; x_wconf 83' lang='grc' dir='ltr'>πολλάκις</span> <span class='ocrx_word' id='word_1_162' title='bbox 470 1272 573 1307; x_wconf 82' lang='grc' dir='ltr'>ἀδοξίαι</span> <span class='ocrx_word' id='word_1_163' title='bbox 584 1274 836 1309; x_wconf 62' lang='grc' dir='ltr'>καταλαμβάνουσι,</span> <span class='ocrx_word' id='word_1_164' title='bbox 853 1274 900 1302; x_wconf 74' lang='grc' dir='ltr'>καὶ</span> <span class='ocrx_word' id='word_1_165' title='bbox 916 1276 970 1302; x_wconf 81' lang='grc' dir='ltr'>πᾶ-</span> 
     </span>
    </p>
   </div>
   <div class='ocr_carea' id='block_1_26' title="bbox 179 1315 971 1356">
    <p class='ocr_par' dir='ltr' id='par_1_26' title="bbox 179 1315 971 1356">
     <span class='ocr_line' id='line_1_26' title="bbox 179 1315 971 1356; baseline 0.008 -15"><span class='ocrx_word' id='word_1_166' title='bbox 179 1324 230 1342; x_wconf 86' lang='grc' dir='ltr'><strong>σαν</strong></span> <span class='ocrx_word' id='word_1_167' title='bbox 246 1316 397 1353; x_wconf 80' lang='grc' dir='ltr'>εὐημερίαν</span> <span class='ocrx_word' id='word_1_168' title='bbox 415 1317 492 1352; x_wconf 83' lang='grc' dir='ltr'>βίου,</span> <span class='ocrx_word' id='word_1_169' title='bbox 513 1315 569 1345; x_wconf 73' lang='grc' dir='ltr'>οἷον</span> <span class='ocrx_word' id='word_1_170' title='bbox 594 1319 723 1351; x_wconf 82' lang='grc' dir='ltr'>σπιλάδες</span> <span class='ocrx_word' id='word_1_171' title='bbox 744 1320 816 1352; x_wconf 81' lang='grc' dir='ltr'>τινὲς</span> <span class='ocrx_word' id='word_1_172' title='bbox 839 1321 971 1356; x_wconf 82' lang='grc' dir='ltr'>περιστά-</span> 
     </span>
    </p>
   </div>
   <div class='ocr_carea' id='block_1_27' title="bbox 182 1361 971 1401">
    <p class='ocr_par' dir='ltr' id='par_1_27' title="bbox 182 1361 971 1401">
     <span class='ocr_line' id='line_1_27' title="bbox 182 1361 971 1401; baseline 0.008 -15"><span class='ocrx_word' id='word_1_173' title='bbox 182 1369 257 1388; x_wconf 91' lang='grc' dir='ltr'>σεσιν</span> <span class='ocrx_word' id='word_1_174' title='bbox 277 1361 438 1398; x_wconf 74' lang='grc' dir='ltr'>ἀϐουλήτοις</span> <span class='ocrx_word' id='word_1_175' title='bbox 454 1364 652 1399; x_wconf 80' lang='grc' dir='ltr'>συνετάραξαν.</span> <span class='ocrx_word' id='word_1_176' title='bbox 678 1365 734 1391; x_wconf 85' lang='grc' dir='ltr'><strong>Καὶ</strong></span> <span class='ocrx_word' id='word_1_177' title='bbox 765 1365 892 1401; x_wconf 75' lang='grc' dir='ltr'>συνέχεια</span> <span class='ocrx_word' id='word_1_178' title='bbox 916 1366 971 1392; x_wconf 83' lang='grc' dir='ltr'><strong>τῶν</strong></span> 
     </span>
    </p>
   </div>
   <div class='ocr_carea' id='block_1_28' title="bbox 179 1407 970 1446">
    <p class='ocr_par' dir='ltr' id='par_1_28' title="bbox 179 1407 970 1446">
     <span class='ocr_line' id='line_1_28' title="bbox 179 1407 970 1446; baseline 0.006 -13"><span class='ocrx_word' id='word_1_179' title='bbox 179 1407 274 1434; x_wconf 83' lang='grc' dir='ltr'>κακῶν</span> <span class='ocrx_word' id='word_1_180' title='bbox 283 1408 378 1445; x_wconf 82' lang='grc' dir='ltr'>ὥσπερ</span> <span class='ocrx_word' id='word_1_181' title='bbox 394 1409 505 1445; x_wconf 82' lang='grc' dir='ltr'>κύματά</span> <span class='ocrx_word' id='word_1_182' title='bbox 519 1411 604 1444; x_wconf 80' lang='grc' dir='ltr'>ἐστιν,</span> <span class='ocrx_word' id='word_1_183' title='bbox 619 1410 688 1438; x_wconf 73' lang='grc' dir='ltr'>ἄλλα</span> <span class='ocrx_word' id='word_1_184' title='bbox 699 1411 741 1437; x_wconf 81' lang='grc' dir='ltr'><strong>ἐπ’</strong></span> <span class='ocrx_word' id='word_1_185' title='bbox 757 1411 849 1443; x_wconf 81' lang='grc' dir='ltr'>ἄλλοις</span> <span class='ocrx_word' id='word_1_186' title='bbox 862 1411 970 1446; x_wconf 74' lang='grc' dir='ltr'>ἐπειγό-</span> 
     </span>
    </p>
   </div>
   <div class='ocr_carea' id='block_1_29' title="bbox 181 1453 971 1491">
    <p class='ocr_par' dir='ltr' id='par_1_29' title="bbox 181 1453 971 1491">
     <span class='ocr_line' id='line_1_29' title="bbox 181 1453 971 1491; baseline 0.006 -13"><span class='ocrx_word' id='word_1_187' title='bbox 181 1459 262 1487; x_wconf 82' lang='grc' dir='ltr'>μενα,</span> <span class='ocrx_word' id='word_1_188' title='bbox 286 1453 457 1488; x_wconf 82' lang='grc' dir='ltr'>τραχύνοντά</span> <span class='ocrx_word' id='word_1_189' title='bbox 490 1463 537 1482; x_wconf 77' lang='grc' dir='ltr'><strong>σου</strong></span> <span class='ocrx_word' id='word_1_190' title='bbox 552 1455 598 1482; x_wconf 76' lang='grc' dir='ltr'><strong>τὸν</strong></span> <span class='ocrx_word' id='word_1_191' title='bbox 627 1455 695 1490; x_wconf 84' lang='grc' dir='ltr'>βίον,</span> <span class='ocrx_word' id='word_1_192' title='bbox 713 1456 762 1482; x_wconf 75' lang='grc' dir='ltr'>καὶ</span> <span class='ocrx_word' id='word_1_193' title='bbox 786 1455 971 1491; x_wconf 84' lang='grc' dir='ltr'>περιϊστῶντα</span> 
     </span>
    </p>
   </div>
   <div class='ocr_carea' id='block_1_30' title="bbox 180 1496 970 1534">
    <p class='ocr_par' dir='ltr' id='par_1_30' title="bbox 180 1496 970 1534">
     <span class='ocr_line' id='line_1_30' title="bbox 180 1496 970 1534; baseline 0.004 -12"><span class='ocrx_word' id='word_1_194' title='bbox 180 1496 296 1532; x_wconf 73' lang='grc' dir='ltr'>φοϐερόν</span> <span class='ocrx_word' id='word_1_195' title='bbox 317 1505 358 1525; x_wconf 84' lang='grc' dir='ltr'><strong>σοι</strong></span> <span class='ocrx_word' id='word_1_196' title='bbox 379 1498 430 1533; x_wconf 82' lang='grc' dir='ltr'>τῆς</span> <span class='ocrx_word' id='word_1_197' title='bbox 454 1499 528 1534; x_wconf 80' lang='grc' dir='ltr'>ζωῆς</span> <span class='ocrx_word' id='word_1_198' title='bbox 544 1499 590 1526; x_wconf 83' lang='grc' dir='ltr'><strong>τὸν</strong></span> <span class='ocrx_word' id='word_1_199' title='bbox 603 1499 738 1531; x_wconf 83' lang='grc' dir='ltr'>κλυδῶνα,</span> <span class='ocrx_word' id='word_1_200' title='bbox 755 1498 812 1526; x_wconf 82' lang='grc' dir='ltr'>ἀλλ’</span> <span class='ocrx_word' id='word_1_201' title='bbox 825 1498 886 1533; x_wconf 72' lang='grc' dir='ltr'>ὄψει</span> <span class='ocrx_word' id='word_1_202' title='bbox 903 1499 970 1525; x_wconf 77' lang='grc' dir='ltr'>ποτὲ</span> 
     </span>
    </p>
   </div>
   <div class='ocr_carea' id='block_1_31' title="bbox 155 1542 1006 1592">
    <p class='ocr_par' dir='ltr' id='par_1_31' title="bbox 155 1542 1006 1592">
     <span class='ocr_line' id='line_1_31' title="bbox 155 1542 1006 1592; baseline 0.004 -24"><span class='ocrx_word' id='word_1_203' title='bbox 155 1546 159 1549; x_wconf 79' lang='lat'><strong><em>’</em></strong></span> <span class='ocrx_word' id='word_1_204' title='bbox 181 1543 228 1568; x_wconf 85' lang='grc' dir='ltr'>καὶ</span> <span class='ocrx_word' id='word_1_205' title='bbox 239 1542 334 1570; x_wconf 80' lang='grc' dir='ltr'>τοῦτον</span> <span class='ocrx_word' id='word_1_206' title='bbox 347 1543 563 1578; x_wconf 85' lang='grc' dir='ltr'>παραδραμόντα</span> <span class='ocrx_word' id='word_1_207' title='bbox 583 1544 652 1579; x_wconf 76' lang='grc' dir='ltr'>πρὸς</span> <span class='ocrx_word' id='word_1_208' title='bbox 667 1544 825 1579; x_wconf 79' lang='grc' dir='ltr'>ἱλαρότητα,</span> <span class='ocrx_word' id='word_1_209' title='bbox 839 1544 886 1571; x_wconf 76' lang='grc' dir='ltr'>καὶ</span> <span class='ocrx_word' id='word_1_210' title='bbox 908 1544 969 1571; x_wconf 83' lang='grc' dir='ltr'>λευ-</span> <span class='ocrx_word' id='word_1_211' title='bbox 983 1562 1006 1592; x_wconf 77' lang='lat' dir='ltr'><strong>c</strong></span> 
     </span>
    </p>
   </div>
   <div class='ocr_carea' id='block_1_32' title="bbox 181 1587 968 1625">
    <p class='ocr_par' dir='ltr' id='par_1_32' title="bbox 181 1587 968 1625">
     <span class='ocr_line' id='line_1_32' title="bbox 181 1587 968 1625; baseline 0.006 -12"><span class='ocrx_word' id='word_1_212' title='bbox 181 1588 233 1623; x_wconf 81' lang='grc' dir='ltr'>κῆν</span> <span class='ocrx_word' id='word_1_213' title='bbox 245 1587 330 1619; x_wconf 69' lang='grc' dir='ltr'>ὅντως</span> <span class='ocrx_word' id='word_1_214' title='bbox 344 1589 385 1620; x_wconf 82' lang='grc' dir='ltr'><strong>εἰς</strong></span> <span class='ocrx_word' id='word_1_215' title='bbox 399 1588 521 1624; x_wconf 78' lang='grc' dir='ltr'>γαλήνην</span> <span class='ocrx_word' id='word_1_216' title='bbox 540 1589 586 1616; x_wconf 82' lang='grc' dir='ltr'>τὸν</span> <span class='ocrx_word' id='word_1_217' title='bbox 606 1589 664 1625; x_wconf 87' lang='grc' dir='ltr'>βίον</span> <span class='ocrx_word' id='word_1_218' title='bbox 683 1589 899 1625; x_wconf 75' lang='grc' dir='ltr'>μεταϐληοέντα.</span> <span class='ocrx_word' id='word_1_219' title='bbox 917 1587 968 1618; x_wconf 80' lang='grc' dir='ltr'><strong>Οὗ-</strong></span> 
     </span>
    </p>
   </div>
   <div class='ocr_carea' id='block_1_33' title="bbox 179 1629 970 1673">
    <p class='ocr_par' dir='ltr' id='par_1_33' title="bbox 179 1629 970 1673">
     <span class='ocr_line' id='line_1_33' title="bbox 179 1629 970 1673; baseline 0.005 -15"><span class='ocrx_word' id='word_1_220' title='bbox 179 1639 226 1664; x_wconf 85' lang='grc' dir='ltr'><strong>τος</strong></span> <span class='ocrx_word' id='word_1_221' title='bbox 238 1629 285 1659; x_wconf 74' lang='grc' dir='ltr'>οὖν</span> <span class='ocrx_word' id='word_1_222' title='bbox 300 1633 374 1673; x_wconf 72' lang='grc' dir='ltr'>ἐστιν</span> <span class='ocrx_word' id='word_1_223' title='bbox 388 1633 402 1660; x_wconf 84' lang='grc' dir='ltr'>ὁ</span> <span class='ocrx_word' id='word_1_224' title='bbox 416 1633 526 1668; x_wconf 84' lang='grc' dir='ltr'>νοήμων</span> <span class='ocrx_word' id='word_1_225' title='bbox 537 1634 720 1670; x_wconf 79' lang='grc' dir='ltr'>κυϐερνήτης,</span> <span class='ocrx_word' id='word_1_226' title='bbox 741 1636 755 1661; x_wconf 86' lang='grc' dir='ltr'>ὁ</span> <span class='ocrx_word' id='word_1_227' title='bbox 771 1635 970 1671; x_wconf 78' lang='grc' dir='ltr'>στοχαζόμενος</span> 
     </span>
    </p>
   </div>
   <div class='ocr_carea' id='block_1_34' title="bbox 181 1677 970 1716">
    <p class='ocr_par' dir='ltr' id='par_1_34' title="bbox 181 1677 970 1716">
     <span class='ocr_line' id='line_1_34' title="bbox 181 1677 970 1716; baseline 0.005 -12"><span class='ocrx_word' id='word_1_228' title='bbox 181 1677 231 1712; x_wconf 88' lang='grc' dir='ltr'>τῆς</span> <span class='ocrx_word' id='word_1_229' title='bbox 246 1678 432 1714; x_wconf 84' lang='grc' dir='ltr'>ὑποκειμένης</span> <span class='ocrx_word' id='word_1_230' title='bbox 441 1679 561 1713; x_wconf 85' lang='grc' dir='ltr'>φύσεως,</span> <span class='ocrx_word' id='word_1_231' title='bbox 582 1680 842 1715; x_wconf 80' lang='grc' dir='ltr'>μεταχειριζόμενος</span> <span class='ocrx_word' id='word_1_232' title='bbox 855 1681 889 1708; x_wconf 77' lang='grc' dir='ltr'><strong>τὰ</strong></span> <span class='ocrx_word' id='word_1_233' title='bbox 900 1689 970 1716; x_wconf 86' lang='grc' dir='ltr'>συμ-</span> 
     </span>
    </p>
   </div>
   <div class='ocr_carea' id='block_1_35' title="bbox 182 1723 972 1763">
    <p class='ocr_par' dir='ltr' id='par_1_35' title="bbox 182 1723 972 1763">
     <span class='ocr_line' id='line_1_35' title="bbox 182 1723 972 1763; baseline 0.006 -14"><span class='ocrx_word' id='word_1_234' title='bbox 182 1723 327 1757; x_wconf 79' lang='grc' dir='ltr'>πίπτοντα,</span> <span class='ocrx_word' id='word_1_235' title='bbox 343 1724 391 1750; x_wconf 78' lang='grc' dir='ltr'>καὶ</span> <span class='ocrx_word' id='word_1_236' title='bbox 405 1724 497 1759; x_wconf 80' lang='grc' dir='ltr'>ὅμοιος</span> <span class='ocrx_word' id='word_1_237' title='bbox 509 1724 599 1760; x_wconf 81' lang='grc' dir='ltr'>ἑαυτῷ</span> <span class='ocrx_word' id='word_1_238' title='bbox 615 1725 763 1760; x_wconf 81' lang='grc' dir='ltr'>διαμένων,</span> <span class='ocrx_word' id='word_1_239' title='bbox 777 1727 846 1762; x_wconf 89' lang='grc' dir='ltr'>μήτε</span> <span class='ocrx_word' id='word_1_240' title='bbox 859 1727 972 1763; x_wconf 73' lang='grc' dir='ltr'>ἐπαιρό-</span> 
     </span>
    </p>
   </div>
   <div class='ocr_carea' id='block_1_36' title="bbox 183 1770 972 1808">
    <p class='ocr_par' dir='ltr' id='par_1_36' title="bbox 183 1770 972 1808">
     <span class='ocr_line' id='line_1_36' title="bbox 183 1770 972 1808; baseline 0.006 -12"><span class='ocrx_word' id='word_1_241' title='bbox 183 1776 263 1804; x_wconf 84' lang='grc' dir='ltr'>μενος</span> <span class='ocrx_word' id='word_1_242' title='bbox 277 1770 307 1797; x_wconf 74' lang='grc' dir='ltr'>ιν</span> <span class='ocrx_word' id='word_1_243' title='bbox 323 1771 383 1803; x_wconf 83' lang='grc' dir='ltr'>ταῖς</span> <span class='ocrx_word' id='word_1_244' title='bbox 398 1770 554 1806; x_wconf 76' lang='grc' dir='ltr'>εὐθυμίαις,</span> <span class='ocrx_word' id='word_1_245' title='bbox 576 1772 645 1808; x_wconf 86' lang='grc' dir='ltr'>μήτε</span> <span class='ocrx_word' id='word_1_246' title='bbox 666 1772 848 1801; x_wconf 80' lang='grc' dir='ltr'>καταπίπτων</span> <span class='ocrx_word' id='word_1_247' title='bbox 866 1774 896 1801; x_wconf 79' lang='grc' dir='ltr'>ὲν</span> <span class='ocrx_word' id='word_1_248' title='bbox 910 1775 972 1806; x_wconf 86' lang='grc' dir='ltr'>ταῖς</span> 
     </span>
    </p>
   </div>
   <div class='ocr_carea' id='block_1_37' title="bbox 180 1816 347 1851">
    <p class='ocr_par' dir='ltr' id='par_1_37' title="bbox 180 1816 347 1851">
     <span class='ocr_line' id='line_1_37' title="bbox 180 1816 347 1851; baseline 0.012 -9"><span class='ocrx_word' id='word_1_249' title='bbox 180 1816 347 1851; x_wconf 79' lang='grc' dir='ltr'>συμφοραῖς.</span> 
     </span>
    </p>
   </div>
   <div class='ocr_carea' id='block_1_38' title="bbox 215 1906 972 1946">
    <p class='ocr_par' dir='ltr' id='par_1_38' title="bbox 215 1906 972 1946">
     <span class='ocr_line' id='line_1_38' title="bbox 215 1906 972 1946; baseline 0.009 -13"><span class='ocrx_word' id='word_1_250' title='bbox 215 1906 315 1939; x_wconf 86' lang='grc' dir='ltr'>Νόσον,</span> <span class='ocrx_word' id='word_1_251' title='bbox 335 1908 382 1935; x_wconf 75' lang='grc' dir='ltr'>καὶ</span> <span class='ocrx_word' id='word_1_252' title='bbox 397 1907 503 1941; x_wconf 78' lang='grc' dir='ltr'>πενίαν,</span> <span class='ocrx_word' id='word_1_253' title='bbox 520 1909 567 1936; x_wconf 73' lang='grc' dir='ltr'>καὶ</span> <span class='ocrx_word' id='word_1_254' title='bbox 581 1909 700 1944; x_wconf 80' lang='grc' dir='ltr'>ἀδοξίαν,</span> <span class='ocrx_word' id='word_1_255' title='bbox 715 1911 762 1938; x_wconf 74' lang='grc' dir='ltr'>καὶ</span> <span class='ocrx_word' id='word_1_256' title='bbox 785 1911 910 1946; x_wconf 83' lang='grc' dir='ltr'>θάνατον,</span> <span class='ocrx_word' id='word_1_257' title='bbox 926 1913 972 1940; x_wconf 76' lang='grc' dir='ltr'>καὶ</span> 
     </span>
    </p>
   </div>
   <div class='ocr_carea' id='block_1_39' title="bbox 179 1951 973 1994">
    <p class='ocr_par' dir='ltr' id='par_1_39' title="bbox 179 1951 973 1994">
     <span class='ocr_line' id='line_1_39' title="bbox 179 1951 973 1994; baseline 0.01 -16"><span class='ocrx_word' id='word_1_258' title='bbox 179 1951 232 1979; x_wconf 79' lang='grc' dir='ltr'><strong>ὅσα</strong></span> <span class='ocrx_word' id='word_1_259' title='bbox 245 1952 356 1988; x_wconf 82' lang='grc' dir='ltr'>λυπηρὰ</span> <span class='ocrx_word' id='word_1_260' title='bbox 370 1955 426 1986; x_wconf 78' lang='grc' dir='ltr'>τοῖς</span> <span class='ocrx_word' id='word_1_261' title='bbox 440 1954 606 1990; x_wconf 81' lang='grc' dir='ltr'>ἀνθρώποις,</span> <span class='ocrx_word' id='word_1_262' title='bbox 629 1955 707 1983; x_wconf 73' lang='grc' dir='ltr'>οὔπω</span> <span class='ocrx_word' id='word_1_263' title='bbox 721 1957 751 1984; x_wconf 74' lang='grc' dir='ltr'>ἐν</span> <span class='ocrx_word' id='word_1_264' title='bbox 765 1959 799 1993; x_wconf 86' lang='grc' dir='ltr'>τῇ</span> <span class='ocrx_word' id='word_1_265' title='bbox 812 1958 895 1994; x_wconf 83' lang='grc' dir='ltr'>μοίρᾳ</span> <span class='ocrx_word' id='word_1_266' title='bbox 917 1959 973 1986; x_wconf 84' lang='grc' dir='ltr'><strong>τῶν</strong></span> 
     </span>
    </p>
   </div>
   <div class='ocr_carea' id='block_1_40' title="bbox 181 1996 972 2038">
    <p class='ocr_par' dir='ltr' id='par_1_40' title="bbox 181 1996 972 2038">
     <span class='ocr_line' id='line_1_40' title="bbox 181 1996 972 2038; baseline 0.011 -15"><span class='ocrx_word' id='word_1_267' title='bbox 181 1996 278 2024; x_wconf 78' lang='grc' dir='ltr'>κακῶν</span> <span class='ocrx_word' id='word_1_268' title='bbox 291 1998 519 2033; x_wconf 81' lang='grc' dir='ltr'>καταλογίζεσθαι</span> <span class='ocrx_word' id='word_1_269' title='bbox 533 2001 620 2033; x_wconf 80' lang='grc' dir='ltr'>ἄξιον,</span> <span class='ocrx_word' id='word_1_270' title='bbox 636 2001 681 2028; x_wconf 76' lang='grc' dir='ltr'>διὰ</span> <span class='ocrx_word' id='word_1_271' title='bbox 697 2002 729 2029; x_wconf 80' lang='grc' dir='ltr'>τὸ</span> <span class='ocrx_word' id='word_1_272' title='bbox 753 2003 821 2038; x_wconf 80' lang='grc' dir='ltr'>μηδὲ</span> <span class='ocrx_word' id='word_1_273' title='bbox 843 2003 877 2030; x_wconf 74' lang='grc' dir='ltr'>τὰ</span> <span class='ocrx_word' id='word_1_274' title='bbox 896 2004 972 2032; x_wconf 79' lang='grc' dir='ltr'>ἀντι-</span> 
     </span>
    </p>
   </div>
   <div class='ocr_carea' id='block_1_41' title="bbox 181 2043 972 2084">
    <p class='ocr_par' dir='ltr' id='par_1_41' title="bbox 181 2043 972 2084">
     <span class='ocr_line' id='line_1_41' title="bbox 181 2043 972 2084; baseline 0.011 -16"><span class='ocrx_word' id='word_1_275' title='bbox 181 2043 298 2077; x_wconf 56' lang='grc' dir='ltr'>κείμενα</span> <span class='ocrx_word' id='word_1_276' title='bbox 317 2044 424 2076; x_wconf 78' lang='grc' dir='ltr'>τούτοις</span> <span class='ocrx_word' id='word_1_277' title='bbox 449 2046 478 2072; x_wconf 74' lang='grc' dir='ltr'>ἐν</span> <span class='ocrx_word' id='word_1_278' title='bbox 505 2048 563 2079; x_wconf 83' lang='grc' dir='ltr'>τοῖς</span> <span class='ocrx_word' id='word_1_279' title='bbox 583 2047 722 2082; x_wconf 85' lang='grc' dir='ltr'>μεγίστοις</span> <span class='ocrx_word' id='word_1_280' title='bbox 737 2049 813 2084; x_wconf 75' lang='grc' dir='ltr'>ἡμᾶς</span> <span class='ocrx_word' id='word_1_281' title='bbox 828 2049 882 2076; x_wconf 87' lang='grc' dir='ltr'>τῶν</span> <span class='ocrx_word' id='word_1_282' title='bbox 905 2050 972 2084; x_wconf 82' lang='grc' dir='ltr'>ἀγα-</span> 
     </span>
    </p>
   </div>
   <div class='ocr_carea' id='block_1_42' title="bbox 182 2088 973 2129">
    <p class='ocr_par' dir='ltr' id='par_1_42' title="bbox 182 2088 973 2129">
     <span class='ocr_line' id='line_1_42' title="bbox 182 2088 973 2129; baseline 0.009 -14"><span class='ocrx_word' id='word_1_283' title='bbox 182 2088 237 2115; x_wconf 79' lang='grc' dir='ltr'><strong>θῶν</strong></span> <span class='ocrx_word' id='word_1_284' title='bbox 249 2090 388 2125; x_wconf 80' lang='grc' dir='ltr'>ἀριθμεῖν,</span> <span class='ocrx_word' id='word_1_285' title='bbox 405 2091 442 2123; x_wconf 83' lang='grc' dir='ltr'>ὡς</span> <span class='ocrx_word' id='word_1_286' title='bbox 457 2092 491 2118; x_wconf 81' lang='grc' dir='ltr'>τὰ</span> <span class='ocrx_word' id='word_1_287' title='bbox 510 2093 558 2127; x_wconf 82' lang='grc' dir='ltr'>μὲν</span> <span class='ocrx_word' id='word_1_288' title='bbox 571 2094 603 2120; x_wconf 84' lang='grc' dir='ltr'>ὲκ</span> <span class='ocrx_word' id='word_1_289' title='bbox 619 2093 727 2129; x_wconf 63' lang='grc' dir='ltr'><strong>(εύσεὼς</strong></span> <span class='ocrx_word' id='word_1_290' title='bbox 743 2094 811 2127; x_wconf 79' lang='grc' dir='ltr'>ἐστι,</span> <span class='ocrx_word' id='word_1_291' title='bbox 826 2095 861 2122; x_wconf 86' lang='grc' dir='ltr'><strong>τὰ</strong></span> <span class='ocrx_word' id='word_1_292' title='bbox 880 2095 907 2122; x_wconf 85' lang='grc' dir='ltr'><strong>δὲ</strong></span> <span class='ocrx_word' id='word_1_293' title='bbox 928 2096 973 2123; x_wconf 73' lang='grc' dir='ltr'>καὶ</span> 
     </span>
    </p>
   </div>
   <div class='ocr_carea' id='block_1_43' title="bbox 182 2136 855 2175">
    <p class='ocr_par' dir='ltr' id='par_1_43' title="bbox 182 2136 855 2175">
     <span class='ocr_line' id='line_1_43' title="bbox 182 2136 855 2175; baseline 0.009 -13"><span class='ocrx_word' id='word_1_294' title='bbox 182 2136 377 2172; x_wconf 80' lang='grc' dir='ltr'>συμφερόντως</span> <span class='ocrx_word' id='word_1_295' title='bbox 390 2138 498 2170; x_wconf 84' lang='grc' dir='ltr'>πολλοῖς</span> <span class='ocrx_word' id='word_1_296' title='bbox 511 2139 708 2175; x_wconf 84' lang='grc' dir='ltr'>ἀπαντήσαντα</span> <span class='ocrx_word' id='word_1_297' title='bbox 720 2141 855 2175; x_wconf 79' lang='grc' dir='ltr'>φαίνεται.</span> 
     </span>
    </p>
   </div>
   <div class='ocr_carea' id='block_1_44' title="bbox 1021 257 1816 293">
    <p class='ocr_par' dir='ltr' id='par_1_44' title="bbox 1021 257 1816 293">
     <span class='ocr_line' id='line_1_44' title="bbox 1021 257 1816 293; baseline -0.003 -4"><span class='ocrx_word' id='word_1_298' title='bbox 1021 269 1079 288; x_wconf 83' lang='lat' dir='ltr'><strong>ram</strong></span> <span class='ocrx_word' id='word_1_299' title='bbox 1096 261 1163 289; x_wconf 89' lang='lat' dir='ltr'><strong>Deo.</strong></span> <span class='ocrx_word' id='word_1_300' title='bbox 1186 259 1274 286; x_wconf 85' lang='lat' dir='ltr'><strong>Homo</strong></span> <span class='ocrx_word' id='word_1_301' title='bbox 1297 258 1370 286; x_wconf 85' lang='lat' dir='ltr'><strong>enim</strong></span> <span class='ocrx_word' id='word_1_302' title='bbox 1387 257 1499 293; x_wconf 82' lang='lat' dir='ltr'><strong>sapiens</strong></span> <span class='ocrx_word' id='word_1_303' title='bbox 1512 257 1541 285; x_wconf 89' lang='lat' dir='ltr'><strong>in</strong></span> <span class='ocrx_word' id='word_1_304' title='bbox 1560 258 1693 287; x_wconf 81' lang='lat' dir='ltr'><strong>omnibus</strong></span> <span class='ocrx_word' id='word_1_305' title='bbox 1707 266 1816 287; x_wconf 83' lang='lat' dir='ltr'><strong>revere-</strong></span> 
     </span>
    </p>
   </div>
   <div class='ocr_carea' id='block_1_45' title="bbox 1020 307 1132 334">
    <p class='ocr_par' dir='ltr' id='par_1_45' title="bbox 1020 307 1132 334">
     <span class='ocr_line' id='line_1_45' title="bbox 1020 307 1132 334; baseline -0.018 0"><span class='ocrx_word' id='word_1_306' title='bbox 1020 307 1106 334; x_wconf 86' lang='lat' dir='ltr'><strong>bitur.</strong></span> <span class='ocrx_word' id='word_1_307' title='bbox 1123 316 1132 332; x_wconf 74' lang='grc' dir='ltr'><strong>ι</strong></span> 
     </span>
    </p>
   </div>
   <div class='ocr_carea' id='block_1_46' title="bbox 1060 349 1814 386">
    <p class='ocr_par' dir='ltr' id='par_1_46' title="bbox 1060 349 1814 386">
     <span class='ocr_line' id='line_1_46' title="bbox 1060 349 1814 386; baseline 0 -8"><span class='ocrx_word' id='word_1_308' title='bbox 1060 353 1143 381; x_wconf 77' lang='lat' dir='ltr'><strong>Eccli.</strong></span> <span class='ocrx_word' id='word_1_309' title='bbox 1162 361 1210 386; x_wconf 74' lang='lat' dir='ltr'><strong>xu,</strong></span> <span class='ocrx_word' id='word_1_310' title='bbox 1233 354 1308 380; x_wconf 85' lang='lat'><strong>9.—</strong></span> <span class='ocrx_word' id='word_1_311' title='bbox 1327 360 1336 376; x_wconf 83' lang='lat'><strong>(</strong></span> <span class='ocrx_word' id='word_1_312' title='bbox 1360 350 1388 377; x_wconf 90' lang='lat' dir='ltr'><strong>In</strong></span> <span class='ocrx_word' id='word_1_313' title='bbox 1403 349 1485 377; x_wconf 84' lang='lat' dir='ltr'><strong>bonis</strong></span> <span class='ocrx_word' id='word_1_314' title='bbox 1507 349 1558 377; x_wconf 82' lang='lat' dir='ltr'><strong>viri</strong></span> <span class='ocrx_word' id='word_1_315' title='bbox 1584 349 1689 378; x_wconf 89' lang='lat' dir='ltr'><strong>inimici</strong></span> <span class='ocrx_word' id='word_1_316' title='bbox 1705 350 1767 385; x_wconf 88' lang='lat' dir='ltr'><strong>ejus</strong></span> <span class='ocrx_word' id='word_1_317' title='bbox 1785 349 1814 378; x_wconf 84' lang='lat' dir='ltr'><strong>in</strong></span> 
     </span>
    </p>
   </div>
   <div class='ocr_carea' id='block_1_47' title="bbox 1021 396 1813 432">
    <p class='ocr_par' dir='ltr' id='par_1_47' title="bbox 1021 396 1813 432">
     <span class='ocr_line' id='line_1_47' title="bbox 1021 396 1813 432; baseline -0.005 -4"><span class='ocrx_word' id='word_1_318' title='bbox 1021 407 1141 428; x_wconf 68' lang='lat' dir='ltr'><strong>mosi-ore</strong></span> <span class='ocrx_word' id='word_1_319' title='bbox 1154 404 1218 428; x_wconf 88' lang='lat' dir='ltr'><strong>sunt</strong></span> <span class='ocrx_word' id='word_1_320' title='bbox 1239 409 1246 426; x_wconf 87' lang='lat'><strong>:</strong></span> <span class='ocrx_word' id='word_1_321' title='bbox 1267 403 1295 426; x_wconf 86' lang='lat' dir='ltr'><strong>et</strong></span> <span class='ocrx_word' id='word_1_322' title='bbox 1308 397 1337 425; x_wconf 92' lang='lat' dir='ltr'><strong>in</strong></span> <span class='ocrx_word' id='word_1_323' title='bbox 1359 396 1440 424; x_wconf 88' lang='lat' dir='ltr'><strong>malis</strong></span> <span class='ocrx_word' id='word_1_324' title='bbox 1455 396 1553 431; x_wconf 86' lang='lat' dir='ltr'><strong>ipsius,</strong></span> <span class='ocrx_word' id='word_1_325' title='bbox 1570 397 1677 425; x_wconf 84' lang='lat' dir='ltr'><strong>amicus</strong></span> <span class='ocrx_word' id='word_1_326' title='bbox 1701 404 1813 432; x_wconf 84' lang='lat' dir='ltr'><strong>quoque</strong></span> 
     </span>
    </p>
   </div>
   <div class='ocr_carea' id='block_1_48' title="bbox 1020 445 1380 481">
    <p class='ocr_par' dir='ltr' id='par_1_48' title="bbox 1020 445 1380 481">
     <span class='ocr_line' id='line_1_48' title="bbox 1020 445 1380 481; baseline -0.003 -9"><span class='ocrx_word' id='word_1_327' title='bbox 1020 445 1082 481; x_wconf 85' lang='lat' dir='ltr'><strong>ejus</strong></span> <span class='ocrx_word' id='word_1_328' title='bbox 1099 446 1134 474; x_wconf 89' lang='lat' dir='ltr'><strong>ab</strong></span> <span class='ocrx_word' id='word_1_329' title='bbox 1148 453 1181 474; x_wconf 91' lang='lat' dir='ltr'><strong>eo</strong></span> <span class='ocrx_word' id='word_1_330' title='bbox 1195 450 1351 480; x_wconf 73' lang='lat' dir='ltr'><strong>separatur.</strong></span> <span class='ocrx_word' id='word_1_331' title='bbox 1372 453 1380 470; x_wconf 76' lang='grc' dir='ltr'><strong>ι</strong></span> 
     </span>
    </p>
   </div>
   <div class='ocr_carea' id='block_1_49' title="bbox 1057 489 1814 527">
    <p class='ocr_par' dir='ltr' id='par_1_49' title="bbox 1057 489 1814 527">
     <span class='ocr_line' id='line_1_49' title="bbox 1057 489 1814 527; baseline -0.003 -9"><span class='ocrx_word' id='word_1_332' title='bbox 1057 491 1141 520; x_wconf 77' lang='grc' dir='ltr'><strong>Εεσίὶ.</strong></span> <span class='ocrx_word' id='word_1_333' title='bbox 1160 499 1187 525; x_wconf 77' lang='grc' dir='ltr'><strong>ιι,</strong></span> <span class='ocrx_word' id='word_1_334' title='bbox 1207 492 1234 525; x_wconf 72' lang='grc'>4,</span> <span class='ocrx_word' id='word_1_335' title='bbox 1252 492 1278 519; x_wconf 81' lang='lat'><strong>5.</strong></span> <span class='ocrx_word' id='word_1_336' title='bbox 1294 508 1328 512; x_wconf 97' lang='lat'>—</span> <span class='ocrx_word' id='word_1_337' title='bbox 1349 501 1358 517; x_wconf 77' lang='grc' dir='ltr'><strong>ι</strong></span> <span class='ocrx_word' id='word_1_338' title='bbox 1375 491 1465 520; x_wconf 87' lang='lat' dir='ltr'><strong>Omne</strong></span> <span class='ocrx_word' id='word_1_339' title='bbox 1486 491 1562 527; x_wconf 86' lang='lat' dir='ltr'><strong>quod</strong></span> <span class='ocrx_word' id='word_1_340' title='bbox 1582 490 1632 518; x_wconf 88' lang='lat' dir='ltr'><strong>tibi</strong></span> <span class='ocrx_word' id='word_1_341' title='bbox 1651 489 1814 525; x_wconf 74' lang='lat' dir='ltr'><strong>applicitum</strong></span> 
     </span>
    </p>
   </div>
   <div class='ocr_carea' id='block_1_50' title="bbox 1021 536 1815 573">
    <p class='ocr_par' dir='ltr' id='par_1_50' title="bbox 1021 536 1815 573">
     <span class='ocr_line' id='line_1_50' title="bbox 1021 536 1815 573; baseline -0.004 -8"><span class='ocrx_word' id='word_1_342' title='bbox 1021 538 1116 571; x_wconf 87' lang='lat' dir='ltr'><strong>fuerit,</strong></span> <span class='ocrx_word' id='word_1_343' title='bbox 1132 538 1237 573; x_wconf 82' lang='lat' dir='ltr'><strong>accipe,</strong></span> <span class='ocrx_word' id='word_1_344' title='bbox 1247 542 1274 566; x_wconf 88' lang='lat' dir='ltr'><strong>et</strong></span> <span class='ocrx_word' id='word_1_345' title='bbox 1289 539 1316 566; x_wconf 91' lang='lat' dir='ltr'><strong>in</strong></span> <span class='ocrx_word' id='word_1_346' title='bbox 1327 539 1450 566; x_wconf 82' lang='lat' dir='ltr'><strong>clamore</strong></span> <span class='ocrx_word' id='word_1_347' title='bbox 1468 537 1631 566; x_wconf 73' lang='lat' dir='ltr'><strong>humilitatis</strong></span> <span class='ocrx_word' id='word_1_348' title='bbox 1644 540 1697 564; x_wconf 80' lang='lat' dir='ltr'><strong>tuae</strong></span> <span class='ocrx_word' id='word_1_349' title='bbox 1709 536 1815 571; x_wconf 69' lang='lat' dir='ltr'><strong>patien-</strong></span> 
     </span>
    </p>
   </div>
   <div class='ocr_carea' id='block_1_51' title="bbox 1021 583 1816 620">
    <p class='ocr_par' dir='ltr' id='par_1_51' title="bbox 1021 583 1816 620">
     <span class='ocr_line' id='line_1_51' title="bbox 1021 583 1816 620; baseline -0.005 -8"><span class='ocrx_word' id='word_1_350' title='bbox 1021 584 1090 612; x_wconf 91' lang='lat' dir='ltr'><strong>tiam</strong></span> <span class='ocrx_word' id='word_1_351' title='bbox 1107 584 1177 612; x_wconf 82' lang='lat' dir='ltr'><strong>habe</strong></span> <span class='ocrx_word' id='word_1_352' title='bbox 1193 593 1200 612; x_wconf 89' lang='lat'>:</span> <span class='ocrx_word' id='word_1_353' title='bbox 1219 584 1352 620; x_wconf 88' lang='lat' dir='ltr'><strong>quoniam</strong></span> <span class='ocrx_word' id='word_1_354' title='bbox 1379 585 1407 612; x_wconf 93' lang='lat' dir='ltr'><strong>in</strong></span> <span class='ocrx_word' id='word_1_355' title='bbox 1434 585 1497 620; x_wconf 71' lang='lat' dir='ltr'><strong>igne</strong></span> <span class='ocrx_word' id='word_1_356' title='bbox 1518 583 1653 620; x_wconf 84' lang='lat' dir='ltr'><strong>probatur</strong></span> <span class='ocrx_word' id='word_1_357' title='bbox 1676 589 1774 610; x_wconf 86' lang='lat' dir='ltr'><strong>aurum</strong></span> <span class='ocrx_word' id='word_1_358' title='bbox 1789 585 1816 609; x_wconf 90' lang='lat' dir='ltr'><strong>et</strong></span> 
     </span>
    </p>
   </div>
   <div class='ocr_carea' id='block_1_52' title="bbox 1020 626 1816 664">
    <p class='ocr_par' dir='ltr' id='par_1_52' title="bbox 1020 626 1816 664">
     <span class='ocr_line' id='line_1_52' title="bbox 1020 626 1816 664; baseline -0.001 -10"><span class='ocrx_word' id='word_1_359' title='bbox 1020 630 1188 663; x_wconf 72' lang='lat' dir='ltr'><strong>argentum;</strong></span> <span class='ocrx_word' id='word_1_360' title='bbox 1205 627 1333 656; x_wconf 83' lang='lat' dir='ltr'><strong>homines</strong></span> <span class='ocrx_word' id='word_1_361' title='bbox 1351 636 1418 656; x_wconf 86' lang='lat' dir='ltr'><strong>vero</strong></span> <span class='ocrx_word' id='word_1_362' title='bbox 1445 627 1626 664; x_wconf 86' lang='lat' dir='ltr'><strong>receptibiles</strong></span> <span class='ocrx_word' id='word_1_363' title='bbox 1651 627 1679 655; x_wconf 88' lang='lat' dir='ltr'><strong>in</strong></span> <span class='ocrx_word' id='word_1_364' title='bbox 1707 626 1816 654; x_wconf 87' lang='lat' dir='ltr'><strong>camino</strong></span> 
     </span>
    </p>
   </div>
   <div class='ocr_carea' id='block_1_53' title="bbox 1021 674 1264 702">
    <p class='ocr_par' dir='ltr' id='par_1_53' title="bbox 1021 674 1264 702">
     <span class='ocr_line' id='line_1_53' title="bbox 1021 674 1264 702; baseline 0.004 -2"><span class='ocrx_word' id='word_1_365' title='bbox 1021 674 1234 702; x_wconf 86' lang='lat' dir='ltr'><strong>humiliationis.</strong></span> <span class='ocrx_word' id='word_1_366' title='bbox 1255 684 1264 701; x_wconf 76' lang='grc' dir='ltr'><strong>ι</strong></span> 
     </span>
    </p>
   </div>
   <div class='ocr_carea' id='block_1_54' title="bbox 1056 718 1817 754">
    <p class='ocr_par' dir='ltr' id='par_1_54' title="bbox 1056 718 1817 754">
     <span class='ocr_line' id='line_1_54' title="bbox 1056 718 1817 754; baseline 0 -8"><span class='ocrx_word' id='word_1_367' title='bbox 1056 718 1086 746; x_wconf 90' lang='lat' dir='ltr'><em>S.</em></span> <span class='ocrx_word' id='word_1_368' title='bbox 1107 718 1195 746; x_wconf 75' lang='lat' dir='ltr'><strong>Basil.</strong></span> <span class='ocrx_word' id='word_1_369' title='bbox 1210 719 1239 747; x_wconf 80' lang='lat' dir='ltr'><strong>in</strong></span> <span class='ocrx_word' id='word_1_370' title='bbox 1261 719 1346 754; x_wconf 84' lang='lat' dir='ltr'><strong>princ.</strong></span> <span class='ocrx_word' id='word_1_371' title='bbox 1371 720 1454 749; x_wconf 81' lang='lat' dir='ltr'><strong>Prov.</strong></span> <span class='ocrx_word' id='word_1_372' title='bbox 1472 735 1507 741; x_wconf 90' lang='lat'><strong>——</strong></span> <span class='ocrx_word' id='word_1_373' title='bbox 1524 719 1715 748; x_wconf 88' lang='lat' dir='ltr'><strong>Gubernatore</strong></span> <span class='ocrx_word' id='word_1_374' title='bbox 1745 725 1817 754; x_wconf 80' lang='lat' dir='ltr'><strong>opus</strong></span> 
     </span>
    </p>
   </div>
   <div class='ocr_carea' id='block_1_55' title="bbox 1020 764 1816 801">
    <p class='ocr_par' dir='ltr' id='par_1_55' title="bbox 1020 764 1816 801">
     <span class='ocr_line' id='line_1_55' title="bbox 1020 764 1816 801; baseline -0.001 -8"><span class='ocrx_word' id='word_1_375' title='bbox 1020 770 1061 793; x_wconf 92' lang='lat' dir='ltr'><strong>est</strong></span> <span class='ocrx_word' id='word_1_376' title='bbox 1077 765 1196 798; x_wconf 85' lang='lat' dir='ltr'><strong>homini,</strong></span> <span class='ocrx_word' id='word_1_377' title='bbox 1210 769 1240 793; x_wconf 90' lang='lat' dir='ltr'><strong>ut</strong></span> <span class='ocrx_word' id='word_1_378' title='bbox 1257 767 1284 793; x_wconf 90' lang='lat' dir='ltr'><strong>in</strong></span> <span class='ocrx_word' id='word_1_379' title='bbox 1304 766 1463 801; x_wconf 89' lang='lat' dir='ltr'><strong>tranquillis</strong></span> <span class='ocrx_word' id='word_1_380' title='bbox 1489 765 1607 801; x_wconf 85' lang='lat' dir='ltr'><strong>hujusce</strong></span> <span class='ocrx_word' id='word_1_381' title='bbox 1631 765 1694 792; x_wconf 68' lang='lat' dir='ltr'><strong>vitae</strong></span> <span class='ocrx_word' id='word_1_382' title='bbox 1720 764 1816 797; x_wconf 85' lang='lat' dir='ltr'><strong>rebus,</strong></span> 
     </span>
    </p>
   </div>
   <div class='ocr_carea' id='block_1_56' title="bbox 1021 810 1816 847">
    <p class='ocr_par' dir='ltr' id='par_1_56' title="bbox 1021 810 1816 847">
     <span class='ocr_line' id='line_1_56' title="bbox 1021 810 1816 847; baseline -0.001 -9"><span class='ocrx_word' id='word_1_383' title='bbox 1021 815 1104 847; x_wconf 85' lang='lat' dir='ltr'><strong>atque</strong></span> <span class='ocrx_word' id='word_1_384' title='bbox 1119 811 1154 839; x_wconf 85' lang='lat' dir='ltr'><strong>ad</strong></span> <span class='ocrx_word' id='word_1_385' title='bbox 1169 811 1257 846; x_wconf 88' lang='lat' dir='ltr'><strong>ipsius</strong></span> <span class='ocrx_word' id='word_1_386' title='bbox 1274 812 1447 840; x_wconf 74' lang='lat' dir='ltr'><strong>voluntatem</strong></span> <span class='ocrx_word' id='word_1_387' title='bbox 1469 811 1633 844; x_wconf 83' lang='lat' dir='ltr'><strong>tlucntibus,</strong></span> <span class='ocrx_word' id='word_1_388' title='bbox 1649 810 1816 838; x_wconf 87' lang='lat' dir='ltr'><strong>mutationes</strong></span> 
     </span>
    </p>
   </div>
   <div class='ocr_carea' id='block_1_57' title="bbox 1020 856 1816 893">
    <p class='ocr_par' dir='ltr' id='par_1_57' title="bbox 1020 856 1816 893">
     <span class='ocr_line' id='line_1_57' title="bbox 1020 856 1816 893; baseline -0.001 -8"><span class='ocrx_word' id='word_1_389' title='bbox 1020 862 1173 893; x_wconf 76' lang='lat' dir='ltr'><strong>exspectet,</strong></span> <span class='ocrx_word' id='word_1_390' title='bbox 1185 865 1217 885; x_wconf 88' lang='lat' dir='ltr'><strong>ac</strong></span> <span class='ocrx_word' id='word_1_391' title='bbox 1230 865 1285 886; x_wconf 90' lang='lat' dir='ltr'><strong>non</strong></span> <span class='ocrx_word' id='word_1_392' title='bbox 1300 857 1494 893; x_wconf 80' lang='lat' dir='ltr'><strong>praesentibus,</strong></span> <span class='ocrx_word' id='word_1_393' title='bbox 1515 861 1647 893; x_wconf 83' lang='lat' dir='ltr'><strong>tanquam</strong></span> <span class='ocrx_word' id='word_1_394' title='bbox 1663 857 1686 884; x_wconf 86' lang='lat' dir='ltr'><strong>si</strong></span> <span class='ocrx_word' id='word_1_395' title='bbox 1701 856 1816 884; x_wconf 88' lang='lat' dir='ltr'><strong>immor-</strong></span> 
     </span>
    </p>
   </div>
   <div class='ocr_carea' id='block_1_58' title="bbox 985 894 1816 939">
    <p class='ocr_par' dir='ltr' id='par_1_58' title="bbox 985 894 1816 939">
     <span class='ocr_line' id='line_1_58' title="bbox 985 894 1816 939; baseline 0.001 -9"><span class='ocrx_word' id='word_1_396' title='bbox 985 894 1006 922; x_wconf 76' lang='grc' dir='ltr'><strong><em>Β</em></strong></span> <span class='ocrx_word' id='word_1_397' title='bbox 1022 903 1091 931; x_wconf 81' lang='lat' dir='ltr'><strong>tales</strong></span> <span class='ocrx_word' id='word_1_398' title='bbox 1112 907 1217 936; x_wconf 85' lang='lat' dir='ltr'><strong>essent,</strong></span> <span class='ocrx_word' id='word_1_399' title='bbox 1242 903 1422 939; x_wconf 86' lang='lat' dir='ltr'><strong>acquiescat;</strong></span> <span class='ocrx_word' id='word_1_400' title='bbox 1438 910 1490 931; x_wconf 91' lang='lat' dir='ltr'><strong>nec</strong></span> <span class='ocrx_word' id='word_1_401' title='bbox 1515 910 1617 931; x_wconf 78' lang='lat' dir='ltr'><strong>rursus</strong></span> <span class='ocrx_word' id='word_1_402' title='bbox 1640 902 1669 929; x_wconf 89' lang='lat' dir='ltr'><strong>in</strong></span> <span class='ocrx_word' id='word_1_403' title='bbox 1690 901 1816 931; x_wconf 79' lang='lat' dir='ltr'><strong>adversis</strong></span> 
     </span>
    </p>
   </div>
   <div class='ocr_carea' id='block_1_59' title="bbox 1020 947 1816 985">
    <p class='ocr_par' dir='ltr' id='par_1_59' title="bbox 1020 947 1816 985">
     <span class='ocr_line' id='line_1_59' title="bbox 1020 947 1816 985; baseline -0.003 -8"><span class='ocrx_word' id='word_1_404' title='bbox 1020 949 1190 984; x_wconf 81' lang='lat' dir='ltr'><strong>despondeat</strong></span> <span class='ocrx_word' id='word_1_405' title='bbox 1205 950 1341 983; x_wconf 90' lang='lat' dir='ltr'><strong>animum,</strong></span> <span class='ocrx_word' id='word_1_406' title='bbox 1359 949 1504 985; x_wconf 87' lang='lat' dir='ltr'><strong>nimiaque</strong></span> <span class='ocrx_word' id='word_1_407' title='bbox 1527 949 1677 984; x_wconf 87' lang='lat' dir='ltr'><strong>absorptus</strong></span> <span class='ocrx_word' id='word_1_408' title='bbox 1705 947 1816 976; x_wconf 88' lang='lat' dir='ltr'><strong>tristitia</strong></span> 
     </span>
    </p>
   </div>
   <div class='ocr_carea' id='block_1_60' title="bbox 1021 993 1817 1031">
    <p class='ocr_par' dir='ltr' id='par_1_60' title="bbox 1021 993 1817 1031">
     <span class='ocr_line' id='line_1_60' title="bbox 1021 993 1817 1031; baseline 0 -8"><span class='ocrx_word' id='word_1_409' title='bbox 1021 1000 1190 1030; x_wconf 85' lang='lat' dir='ltr'><strong>pessumeat.</strong></span> <span class='ocrx_word' id='word_1_410' title='bbox 1220 995 1275 1024; x_wconf 86' lang='lat' dir='ltr'><strong>Nec</strong></span> <span class='ocrx_word' id='word_1_411' title='bbox 1298 996 1373 1024; x_wconf 89' lang='lat' dir='ltr'><strong>enim</strong></span> <span class='ocrx_word' id='word_1_412' title='bbox 1397 995 1527 1031; x_wconf 88' lang='lat' dir='ltr'><strong>corporis</strong></span> <span class='ocrx_word' id='word_1_413' title='bbox 1543 995 1661 1027; x_wconf 75' lang='lat' dir='ltr'><strong>sanitas,</strong></span> <span class='ocrx_word' id='word_1_414' title='bbox 1688 1001 1740 1023; x_wconf 92' lang='lat' dir='ltr'><strong>nec</strong></span> <span class='ocrx_word' id='word_1_415' title='bbox 1766 993 1817 1023; x_wconf 81' lang='lat' dir='ltr'><strong>llos</strong></span> 
     </span>
    </p>
   </div>
   <div class='ocr_carea' id='block_1_61' title="bbox 1019 1041 1817 1077">
    <p class='ocr_par' dir='ltr' id='par_1_61' title="bbox 1019 1041 1817 1077">
     <span class='ocr_line' id='line_1_61' title="bbox 1019 1041 1817 1077; baseline 0 -9"><span class='ocrx_word' id='word_1_416' title='bbox 1019 1042 1151 1076; x_wconf 86' lang='lat' dir='ltr'><strong>juvenilis</strong></span> <span class='ocrx_word' id='word_1_417' title='bbox 1178 1043 1279 1077; x_wconf 75' lang='lat' dir='ltr'><strong>aetatis,</strong></span> <span class='ocrx_word' id='word_1_418' title='bbox 1302 1050 1354 1071; x_wconf 87' lang='lat' dir='ltr'><strong>nec</strong></span> <span class='ocrx_word' id='word_1_419' title='bbox 1371 1042 1471 1070; x_wconf 91' lang='lat' dir='ltr'><strong>domus</strong></span> <span class='ocrx_word' id='word_1_420' title='bbox 1495 1049 1563 1077; x_wconf 83' lang='lat' dir='ltr'><strong>opes</strong></span> <span class='ocrx_word' id='word_1_421' title='bbox 1592 1045 1619 1068; x_wconf 85' lang='lat' dir='ltr'><strong>et</strong></span> <span class='ocrx_word' id='word_1_422' title='bbox 1643 1041 1741 1076; x_wconf 68' lang='lat' dir='ltr'><strong>copiae,</strong></span> <span class='ocrx_word' id='word_1_423' title='bbox 1766 1048 1817 1068; x_wconf 86' lang='lat' dir='ltr'><strong>nec</strong></span> 
     </span>
    </p>
   </div>
   <div class='ocr_carea' id='block_1_62' title="bbox 1021 1087 1817 1124">
    <p class='ocr_par' dir='ltr' id='par_1_62' title="bbox 1021 1087 1817 1124">
     <span class='ocr_line' id='line_1_62' title="bbox 1021 1087 1817 1124; baseline -0.001 -9"><span class='ocrx_word' id='word_1_424' title='bbox 1021 1088 1142 1123; x_wconf 89' lang='lat' dir='ltr'><strong>denique</strong></span> <span class='ocrx_word' id='word_1_425' title='bbox 1156 1089 1264 1124; x_wconf 84' lang='lat' dir='ltr'><strong>reliqua</strong></span> <span class='ocrx_word' id='word_1_426' title='bbox 1280 1088 1343 1117; x_wconf 64' lang='lat' dir='ltr'><strong>vitae</strong></span> <span class='ocrx_word' id='word_1_427' title='bbox 1357 1088 1476 1117; x_wconf 80' lang='lat' dir='ltr'><strong>felicitas</strong></span> <span class='ocrx_word' id='word_1_428' title='bbox 1490 1088 1621 1116; x_wconf 89' lang='lat' dir='ltr'><strong>diuturna</strong></span> <span class='ocrx_word' id='word_1_429' title='bbox 1638 1092 1693 1116; x_wconf 88' lang='lat' dir='ltr'><strong>est.</strong></span> <span class='ocrx_word' id='word_1_430' title='bbox 1711 1087 1817 1115; x_wconf 88' lang='lat' dir='ltr'><strong>Verum</strong></span> 
     </span>
    </p>
   </div>
   <div class='ocr_carea' id='block_1_63' title="bbox 1021 1133 1819 1168">
    <p class='ocr_par' dir='ltr' id='par_1_63' title="bbox 1021 1133 1819 1168">
     <span class='ocr_line' id='line_1_63' title="bbox 1021 1133 1819 1168; baseline -0.001 -8"><span class='ocrx_word' id='word_1_431' title='bbox 1021 1133 1048 1160; x_wconf 95' lang='lat' dir='ltr'><strong>in</strong></span> <span class='ocrx_word' id='word_1_432' title='bbox 1066 1133 1180 1168; x_wconf 85' lang='lat' dir='ltr'><strong>hujusce</strong></span> <span class='ocrx_word' id='word_1_433' title='bbox 1199 1135 1261 1161; x_wconf 83' lang='lat' dir='ltr'><strong>vitae</strong></span> <span class='ocrx_word' id='word_1_434' title='bbox 1275 1134 1424 1162; x_wconf 78' lang='lat' dir='ltr'><strong>serenitate</strong></span> <span class='ocrx_word' id='word_1_435' title='bbox 1448 1141 1541 1162; x_wconf 85' lang='lat' dir='ltr'><strong>rerum</strong></span> <span class='ocrx_word' id='word_1_436' title='bbox 1565 1133 1682 1161; x_wconf 85' lang='lat' dir='ltr'><strong>hiemem</strong></span> <span class='ocrx_word' id='word_1_437' title='bbox 1702 1137 1730 1161; x_wconf 86' lang='lat' dir='ltr'><strong>et</strong></span> <span class='ocrx_word' id='word_1_438' title='bbox 1748 1137 1819 1160; x_wconf 83' lang='lat' dir='ltr'><strong>tem—</strong></span> 
     </span>
    </p>
   </div>
   <div class='ocr_carea' id='block_1_64' title="bbox 1021 1178 1823 1215">
    <p class='ocr_par' dir='ltr' id='par_1_64' title="bbox 1021 1178 1823 1215">
     <span class='ocr_line' id='line_1_64' title="bbox 1021 1178 1823 1215; baseline 0 -10"><span class='ocrx_word' id='word_1_439' title='bbox 1021 1182 1156 1214; x_wconf 79' lang='lat' dir='ltr'><strong>pestatem</strong></span> <span class='ocrx_word' id='word_1_440' title='bbox 1182 1179 1352 1214; x_wconf 66' lang='lat' dir='ltr'><strong>praestolare.</strong></span> <span class='ocrx_word' id='word_1_441' title='bbox 1385 1178 1481 1208; x_wconf 84' lang='lat' dir='ltr'><strong>Veniet</strong></span> <span class='ocrx_word' id='word_1_442' title='bbox 1510 1179 1667 1215; x_wconf 86' lang='lat' dir='ltr'><strong>siquidem,</strong></span> <span class='ocrx_word' id='word_1_443' title='bbox 1692 1179 1823 1213; x_wconf 67' lang='lat' dir='ltr'><strong>morbus,</strong></span> 
     </span>
    </p>
   </div>
   <div class='ocr_carea' id='block_1_65' title="bbox 1022 1223 1818 1260">
    <p class='ocr_par' dir='ltr' id='par_1_65' title="bbox 1022 1223 1818 1260">
     <span class='ocr_line' id='line_1_65' title="bbox 1022 1223 1818 1260; baseline 0.001 -10"><span class='ocrx_word' id='word_1_444' title='bbox 1022 1223 1112 1251; x_wconf 85' lang='lat' dir='ltr'><strong>veniet</strong></span> <span class='ocrx_word' id='word_1_445' title='bbox 1128 1228 1155 1251; x_wconf 90' lang='lat' dir='ltr'><strong>et</strong></span> <span class='ocrx_word' id='word_1_446' title='bbox 1172 1229 1334 1260; x_wconf 79' lang='lat' dir='ltr'><strong>paupertas,</strong></span> <span class='ocrx_word' id='word_1_447' title='bbox 1347 1228 1431 1253; x_wconf 84' lang='lat' dir='ltr'><strong>vento</strong></span> <span class='ocrx_word' id='word_1_448' title='bbox 1446 1225 1522 1253; x_wconf 87' lang='lat' dir='ltr'><strong>haud</strong></span> <span class='ocrx_word' id='word_1_449' title='bbox 1534 1232 1643 1260; x_wconf 84' lang='lat' dir='ltr'><strong>semper</strong></span> <span class='ocrx_word' id='word_1_450' title='bbox 1656 1224 1690 1252; x_wconf 87' lang='lat' dir='ltr'><strong>ad</strong></span> <span class='ocrx_word' id='word_1_451' title='bbox 1703 1224 1818 1260; x_wconf 87' lang='lat' dir='ltr'><strong>puppim</strong></span> 
     </span>
    </p>
   </div>
   <div class='ocr_carea' id='block_1_66' title="bbox 1021 1270 1818 1307">
    <p class='ocr_par' dir='ltr' id='par_1_66' title="bbox 1021 1270 1818 1307">
     <span class='ocr_line' id='line_1_66' title="bbox 1021 1270 1818 1307; baseline 0 -10"><span class='ocrx_word' id='word_1_452' title='bbox 1021 1270 1155 1298; x_wconf 75' lang='lat' dir='ltr'><strong>instante.</strong></span> <span class='ocrx_word' id='word_1_453' title='bbox 1187 1270 1259 1305; x_wconf 87' lang='lat' dir='ltr'><strong>Quin</strong></span> <span class='ocrx_word' id='word_1_454' title='bbox 1286 1271 1422 1300; x_wconf 83' lang='lat' dir='ltr'><strong>illustrem</strong></span> <span class='ocrx_word' id='word_1_455' title='bbox 1440 1278 1552 1307; x_wconf 87' lang='lat' dir='ltr'><strong>quoque</strong></span> <span class='ocrx_word' id='word_1_456' title='bbox 1580 1271 1609 1298; x_wconf 89' lang='lat' dir='ltr'><strong>in</strong></span> <span class='ocrx_word' id='word_1_457' title='bbox 1641 1270 1771 1298; x_wconf 87' lang='lat' dir='ltr'><strong>omnibus</strong></span> <span class='ocrx_word' id='word_1_458' title='bbox 1790 1273 1818 1298; x_wconf 73' lang='lat' dir='ltr'><strong>es</strong></span> 
     </span>
    </p>
   </div>
   <div class='ocr_carea' id='block_1_67' title="bbox 1022 1315 1819 1352">
    <p class='ocr_par' dir='ltr' id='par_1_67' title="bbox 1022 1315 1819 1352">
     <span class='ocr_line' id='line_1_67' title="bbox 1022 1315 1819 1352; baseline 0 -9"><span class='ocrx_word' id='word_1_459' title='bbox 1022 1316 1232 1351; x_wconf 89' lang='lat' dir='ltr'><strong>suspiciendum</strong></span> <span class='ocrx_word' id='word_1_460' title='bbox 1244 1317 1385 1345; x_wconf 90' lang='lat' dir='ltr'><strong>hominem</strong></span> <span class='ocrx_word' id='word_1_461' title='bbox 1401 1317 1552 1352; x_wconf 87' lang='lat' dir='ltr'><strong>inopinatae</strong></span> <span class='ocrx_word' id='word_1_462' title='bbox 1564 1323 1687 1352; x_wconf 65' lang='lat' dir='ltr'><strong>perswpe</strong></span> <span class='ocrx_word' id='word_1_463' title='bbox 1700 1315 1819 1351; x_wconf 78' lang='lat' dir='ltr'><strong>ignomi-</strong></span> 
     </span>
    </p>
   </div>
   <div class='ocr_carea' id='block_1_68' title="bbox 1023 1362 1818 1398">
    <p class='ocr_par' dir='ltr' id='par_1_68' title="bbox 1023 1362 1818 1398">
     <span class='ocr_line' id='line_1_68' title="bbox 1023 1362 1818 1398; baseline 0 -9"><span class='ocrx_word' id='word_1_464' title='bbox 1023 1362 1076 1390; x_wconf 86' lang='lat' dir='ltr'><strong>niae</strong></span> <span class='ocrx_word' id='word_1_465' title='bbox 1089 1368 1239 1398; x_wconf 87' lang='lat' dir='ltr'><strong>occupant,</strong></span> <span class='ocrx_word' id='word_1_466' title='bbox 1258 1368 1285 1391; x_wconf 88' lang='lat' dir='ltr'><strong>et</strong></span> <span class='ocrx_word' id='word_1_467' title='bbox 1299 1370 1411 1391; x_wconf 89' lang='lat' dir='ltr'><strong>omnem</strong></span> <span class='ocrx_word' id='word_1_468' title='bbox 1431 1363 1495 1390; x_wconf 67' lang='lat' dir='ltr'><strong>vitat</strong></span> <span class='ocrx_word' id='word_1_469' title='bbox 1509 1362 1670 1390; x_wconf 77' lang='lat' dir='ltr'><strong>felicitatem</strong></span> <span class='ocrx_word' id='word_1_470' title='bbox 1687 1368 1738 1389; x_wconf 87' lang='lat' dir='ltr'><strong>ceu</strong></span> <span class='ocrx_word' id='word_1_471' title='bbox 1755 1368 1818 1390; x_wconf 82' lang='lat' dir='ltr'><strong>sco-</strong></span> 
     </span>
    </p>
   </div>
   <div class='ocr_carea' id='block_1_69' title="bbox 1022 1405 1817 1442">
    <p class='ocr_par' dir='ltr' id='par_1_69' title="bbox 1022 1405 1817 1442">
     <span class='ocr_line' id='line_1_69' title="bbox 1022 1405 1817 1442; baseline 0.003 -10"><span class='ocrx_word' id='word_1_472' title='bbox 1022 1405 1080 1440; x_wconf 94' lang='lat' dir='ltr'><strong>puli</strong></span> <span class='ocrx_word' id='word_1_473' title='bbox 1105 1406 1237 1441; x_wconf 89' lang='lat' dir='ltr'><strong>quidam,</strong></span> <span class='ocrx_word' id='word_1_474' title='bbox 1263 1414 1314 1442; x_wconf 90' lang='lat' dir='ltr'><strong>per</strong></span> <span class='ocrx_word' id='word_1_475' title='bbox 1343 1407 1501 1442; x_wconf 77' lang='lat' dir='ltr'><strong>insperatae</strong></span> <span class='ocrx_word' id='word_1_476' title='bbox 1532 1414 1624 1434; x_wconf 84' lang='lat' dir='ltr'><strong>rerum</strong></span> <span class='ocrx_word' id='word_1_477' title='bbox 1652 1406 1817 1434; x_wconf 86' lang='lat' dir='ltr'><strong>acerbitates</strong></span> 
     </span>
    </p>
   </div>
   <div class='ocr_carea' id='block_1_70' title="bbox 1023 1451 1818 1487">
    <p class='ocr_par' dir='ltr' id='par_1_70' title="bbox 1023 1451 1818 1487">
     <span class='ocr_line' id='line_1_70' title="bbox 1023 1451 1818 1487; baseline 0.003 -9"><span class='ocrx_word' id='word_1_478' title='bbox 1023 1451 1235 1480; x_wconf 85' lang='lat' dir='ltr'><strong>conturbarunt.</strong></span> <span class='ocrx_word' id='word_1_479' title='bbox 1251 1451 1341 1487; x_wconf 80' lang='lat' dir='ltr'><strong>Atque</strong></span> <span class='ocrx_word' id='word_1_480' title='bbox 1368 1452 1502 1480; x_wconf 87' lang='lat' dir='ltr'><strong>continua</strong></span> <span class='ocrx_word' id='word_1_481' title='bbox 1520 1452 1711 1480; x_wconf 81' lang='lat' dir='ltr'><strong>calamitatum</strong></span> <span class='ocrx_word' id='word_1_482' title='bbox 1729 1452 1818 1480; x_wconf 84' lang='lat' dir='ltr'><strong>series</strong></span> 
     </span>
    </p>
   </div>
   <div class='ocr_carea' id='block_1_71' title="bbox 1023 1496 1818 1532">
    <p class='ocr_par' dir='ltr' id='par_1_71' title="bbox 1023 1496 1818 1532">
     <span class='ocr_line' id='line_1_71' title="bbox 1023 1496 1818 1532; baseline 0.001 -9"><span class='ocrx_word' id='word_1_483' title='bbox 1023 1496 1144 1531; x_wconf 87' lang='lat' dir='ltr'><strong>speciem</strong></span> <span class='ocrx_word' id='word_1_484' title='bbox 1163 1497 1312 1532; x_wconf 75' lang='lat' dir='ltr'><strong>quamdam</strong></span> <span class='ocrx_word' id='word_1_485' title='bbox 1326 1497 1462 1525; x_wconf 83' lang='lat' dir='ltr'><strong>fluctuum</strong></span> <span class='ocrx_word' id='word_1_486' title='bbox 1485 1497 1618 1531; x_wconf 87' lang='lat' dir='ltr'><strong>referunt,</strong></span> <span class='ocrx_word' id='word_1_487' title='bbox 1634 1501 1664 1525; x_wconf 88' lang='lat' dir='ltr'><strong>ut</strong></span> <span class='ocrx_word' id='word_1_488' title='bbox 1679 1505 1740 1532; x_wconf 70' lang='lat' dir='ltr'><strong>quae</strong></span> <span class='ocrx_word' id='word_1_489' title='bbox 1758 1497 1818 1525; x_wconf 72' lang='lat' dir='ltr'><strong>alia:</strong></span> 
     </span>
    </p>
   </div>
   <div class='ocr_carea' id='block_1_72' title="bbox 1023 1541 1816 1578">
    <p class='ocr_par' dir='ltr' id='par_1_72' title="bbox 1023 1541 1816 1578">
     <span class='ocr_line' id='line_1_72' title="bbox 1023 1541 1816 1578; baseline 0.004 -10"><span class='ocrx_word' id='word_1_490' title='bbox 1023 1548 1107 1576; x_wconf 89' lang='lat' dir='ltr'><strong>super</strong></span> <span class='ocrx_word' id='word_1_491' title='bbox 1129 1541 1200 1570; x_wconf 83' lang='lat' dir='ltr'><strong>alias</strong></span> <span class='ocrx_word' id='word_1_492' title='bbox 1223 1541 1362 1574; x_wconf 81' lang='lat' dir='ltr'><strong>cieantur,</strong></span> <span class='ocrx_word' id='word_1_493' title='bbox 1377 1545 1518 1576; x_wconf 85' lang='lat' dir='ltr'><strong>totamque</strong></span> <span class='ocrx_word' id='word_1_494' title='bbox 1532 1542 1617 1569; x_wconf 81' lang='lat' dir='ltr'><strong>vitam</strong></span> <span class='ocrx_word' id='word_1_495' title='bbox 1638 1547 1816 1578; x_wconf 77' lang='lat' dir='ltr'><strong>exasperent.</strong></span> 
     </span>
    </p>
   </div>
   <div class='ocr_carea' id='block_1_73' title="bbox 1023 1586 1817 1623">
    <p class='ocr_par' dir='ltr' id='par_1_73' title="bbox 1023 1586 1817 1623">
     <span class='ocr_line' id='line_1_73' title="bbox 1023 1586 1817 1623; baseline 0.003 -9"><span class='ocrx_word' id='word_1_496' title='bbox 1023 1589 1051 1614; x_wconf 89' lang='lat' dir='ltr'><strong>et</strong></span> <span class='ocrx_word' id='word_1_497' title='bbox 1069 1586 1235 1615; x_wconf 81' lang='lat' dir='ltr'><strong>horrendam</strong></span> <span class='ocrx_word' id='word_1_498' title='bbox 1250 1587 1299 1615; x_wconf 85' lang='lat' dir='ltr'><strong>tibi</strong></span> <span class='ocrx_word' id='word_1_499' title='bbox 1313 1588 1460 1623; x_wconf 87' lang='lat' dir='ltr'><strong>procellam</strong></span> <span class='ocrx_word' id='word_1_500' title='bbox 1475 1593 1630 1616; x_wconf 83' lang='lat' dir='ltr'><strong>accersam.</strong></span> <span class='ocrx_word' id='word_1_501' title='bbox 1647 1589 1718 1621; x_wconf 83' lang='lat' dir='ltr'><strong>Quin</strong></span> <span class='ocrx_word' id='word_1_502' title='bbox 1735 1590 1817 1617; x_wconf 84' lang='lat' dir='ltr'><strong>etiam</strong></span> 
     </span>
    </p>
   </div>
   <div class='ocr_carea' id='block_1_74' title="bbox 1023 1632 1819 1669">
    <p class='ocr_par' dir='ltr' id='par_1_74' title="bbox 1023 1632 1819 1669">
     <span class='ocr_line' id='line_1_74' title="bbox 1023 1632 1819 1669; baseline 0.004 -9"><span class='ocrx_word' id='word_1_503' title='bbox 1023 1632 1133 1661; x_wconf 85' lang='lat' dir='ltr'><strong>videbis</strong></span> <span class='ocrx_word' id='word_1_504' title='bbox 1149 1633 1317 1669; x_wconf 85' lang='lat' dir='ltr'><strong>quandoque</strong></span> <span class='ocrx_word' id='word_1_505' title='bbox 1333 1633 1391 1662; x_wconf 71' lang='lat' dir='ltr'><strong>haec</strong></span> <span class='ocrx_word' id='word_1_506' title='bbox 1410 1633 1438 1661; x_wconf 82' lang='lat' dir='ltr'><strong>in</strong></span> <span class='ocrx_word' id='word_1_507' title='bbox 1455 1633 1624 1662; x_wconf 86' lang='lat' dir='ltr'><strong>hilaritatem</strong></span> <span class='ocrx_word' id='word_1_508' title='bbox 1640 1635 1773 1668; x_wconf 86' lang='lat' dir='ltr'><strong>transire,</strong></span> <span class='ocrx_word' id='word_1_509' title='bbox 1791 1639 1819 1662; x_wconf 81' lang='lat' dir='ltr'><strong>et</strong></span> 
     </span>
    </p>
   </div>
   <div class='ocr_carea' id='block_1_75' title="bbox 1024 1678 1816 1714">
    <p class='ocr_par' dir='ltr' id='par_1_75' title="bbox 1024 1678 1816 1714">
     <span class='ocr_line' id='line_1_75' title="bbox 1024 1678 1816 1714; baseline 0.003 -8"><span class='ocrx_word' id='word_1_510' title='bbox 1024 1678 1053 1706; x_wconf 89' lang='lat' dir='ltr'><strong>in</strong></span> <span class='ocrx_word' id='word_1_511' title='bbox 1069 1686 1197 1706; x_wconf 85' lang='lat' dir='ltr'><strong>serenam</strong></span> <span class='ocrx_word' id='word_1_512' title='bbox 1222 1687 1320 1707; x_wconf 77' lang='lat' dir='ltr'><strong>revera</strong></span> <span class='ocrx_word' id='word_1_513' title='bbox 1340 1679 1570 1714; x_wconf 81' lang='lat' dir='ltr'><strong>tranquillitatem</strong></span> <span class='ocrx_word' id='word_1_514' title='bbox 1592 1679 1676 1708; x_wconf 86' lang='lat' dir='ltr'><strong>vitam</strong></span> <span class='ocrx_word' id='word_1_515' title='bbox 1702 1682 1816 1708; x_wconf 82' lang='lat' dir='ltr'><strong>mutari.</strong></span> 
     </span>
    </p>
   </div>
   <div class='ocr_carea' id='block_1_76' title="bbox 1024 1720 1817 1761">
    <p class='ocr_par' dir='ltr' id='par_1_76' title="bbox 1024 1720 1817 1761">
     <span class='ocr_line' id='line_1_76' title="bbox 1024 1720 1817 1761; baseline 0.001 -8"><span class='ocrx_word' id='word_1_516' title='bbox 1024 1725 1160 1759; x_wconf 82' lang='lat' dir='ltr'><strong>Quocirca</strong></span> <span class='ocrx_word' id='word_1_517' title='bbox 1178 1720 1202 1753; x_wconf 82' lang='lat' dir='ltr'><strong>is</strong></span> <span class='ocrx_word' id='word_1_518' title='bbox 1218 1725 1341 1760; x_wconf 83' lang='lat' dir='ltr'><strong>prudens</strong></span> <span class='ocrx_word' id='word_1_519' title='bbox 1358 1729 1525 1760; x_wconf 78' lang='lat' dir='ltr'><strong>gubernator</strong></span> <span class='ocrx_word' id='word_1_520' title='bbox 1542 1727 1589 1760; x_wconf 86' lang='lat' dir='ltr'><strong>sit,</strong></span> <span class='ocrx_word' id='word_1_521' title='bbox 1601 1727 1648 1761; x_wconf 90' lang='lat' dir='ltr'><strong>qui</strong></span> <span class='ocrx_word' id='word_1_522' title='bbox 1663 1726 1817 1761; x_wconf 74' lang='lat' dir='ltr'><strong>subiectam</strong></span> 
     </span>
    </p>
   </div>
   <div class='ocr_carea' id='block_1_77' title="bbox 1024 1773 1817 1808">
    <p class='ocr_par' dir='ltr' id='par_1_77' title="bbox 1024 1773 1817 1808">
     <span class='ocr_line' id='line_1_77' title="bbox 1024 1773 1817 1808; baseline 0.003 -9"><span class='ocrx_word' id='word_1_523' title='bbox 1024 1777 1153 1800; x_wconf 88' lang='lat' dir='ltr'><strong>naturam</strong></span> <span class='ocrx_word' id='word_1_524' title='bbox 1178 1773 1304 1807; x_wconf 88' lang='lat' dir='ltr'><strong>apprime</strong></span> <span class='ocrx_word' id='word_1_525' title='bbox 1326 1779 1509 1808; x_wconf 75' lang='lat' dir='ltr'><strong>cognoscens,</strong></span> <span class='ocrx_word' id='word_1_526' title='bbox 1527 1773 1599 1800; x_wconf 91' lang='lat' dir='ltr'><strong>hanc</strong></span> <span class='ocrx_word' id='word_1_527' title='bbox 1616 1773 1686 1800; x_wconf 83' lang='lat' dir='ltr'><strong>scite</strong></span> <span class='ocrx_word' id='word_1_528' title='bbox 1706 1776 1817 1806; x_wconf 88' lang='lat' dir='ltr'><strong>tractet,</strong></span> 
     </span>
    </p>
   </div>
   <div class='ocr_carea' id='block_1_78' title="bbox 1023 1819 1818 1856">
    <p class='ocr_par' dir='ltr' id='par_1_78' title="bbox 1023 1819 1818 1856">
     <span class='ocr_line' id='line_1_78' title="bbox 1023 1819 1818 1856; baseline -0.001 -8"><span class='ocrx_word' id='word_1_529' title='bbox 1023 1824 1052 1848; x_wconf 88' lang='lat' dir='ltr'><strong>et</strong></span> <span class='ocrx_word' id='word_1_530' title='bbox 1063 1820 1106 1848; x_wconf 89' lang='lat' dir='ltr'><strong>sui</strong></span> <span class='ocrx_word' id='word_1_531' title='bbox 1123 1827 1233 1856; x_wconf 87' lang='lat' dir='ltr'><strong>semper</strong></span> <span class='ocrx_word' id='word_1_532' title='bbox 1253 1819 1353 1848; x_wconf 84' lang='lat' dir='ltr'><strong>similis</strong></span> <span class='ocrx_word' id='word_1_533' title='bbox 1369 1825 1508 1855; x_wconf 81' lang='lat' dir='ltr'><strong>perstans,</strong></span> <span class='ocrx_word' id='word_1_534' title='bbox 1521 1827 1573 1848; x_wconf 89' lang='lat' dir='ltr'><strong>nec</strong></span> <span class='ocrx_word' id='word_1_535' title='bbox 1586 1820 1719 1848; x_wconf 84' lang='lat' dir='ltr'><strong>secundis</strong></span> <span class='ocrx_word' id='word_1_536' title='bbox 1733 1820 1818 1848; x_wconf 85' lang='lat' dir='ltr'><strong>rebus</strong></span> 
     </span>
    </p>
   </div>
   <div class='ocr_carea' id='block_1_79' title="bbox 1024 1866 1680 1900">
    <p class='ocr_par' dir='ltr' id='par_1_79' title="bbox 1024 1866 1680 1900">
     <span class='ocr_line' id='line_1_79' title="bbox 1024 1866 1680 1900; baseline -0.003 -5"><span class='ocrx_word' id='word_1_537' title='bbox 1024 1867 1175 1900; x_wconf 88' lang='lat' dir='ltr'><strong>attollatur,</strong></span> <span class='ocrx_word' id='word_1_538' title='bbox 1194 1874 1245 1895; x_wconf 90' lang='lat' dir='ltr'><strong>nec</strong></span> <span class='ocrx_word' id='word_1_539' title='bbox 1263 1867 1290 1894; x_wconf 94' lang='lat' dir='ltr'><strong>in</strong></span> <span class='ocrx_word' id='word_1_540' title='bbox 1311 1866 1515 1894; x_wconf 84' lang='lat' dir='ltr'><strong>calamitatibus</strong></span> <span class='ocrx_word' id='word_1_541' title='bbox 1534 1866 1680 1894; x_wconf 85' lang='lat' dir='ltr'><strong>concidat.</strong></span> 
     </span>
    </p>
   </div>
   <div class='ocr_carea' id='block_1_80' title="bbox 1060 1911 1818 1948">
    <p class='ocr_par' dir='ltr' id='par_1_80' title="bbox 1060 1911 1818 1948">
     <span class='ocr_line' id='line_1_80' title="bbox 1060 1911 1818 1948; baseline -0.001 -8"><span class='ocrx_word' id='word_1_542' title='bbox 1060 1913 1158 1948; x_wconf 77' lang='lat' dir='ltr'><strong>Ejusd.</strong></span> <span class='ocrx_word' id='word_1_543' title='bbox 1174 1929 1208 1934; x_wconf 89' lang='lat'><strong><em>—</em></strong></span> <span class='ocrx_word' id='word_1_544' title='bbox 1223 1912 1344 1948; x_wconf 61' lang='lat' dir='ltr'><strong>[Equum</strong></span> <span class='ocrx_word' id='word_1_545' title='bbox 1373 1912 1487 1940; x_wconf 91' lang='lat' dir='ltr'><strong>minime</strong></span> <span class='ocrx_word' id='word_1_546' title='bbox 1512 1911 1606 1944; x_wconf 88' lang='lat' dir='ltr'><strong>fuerit,</strong></span> <span class='ocrx_word' id='word_1_547' title='bbox 1636 1911 1765 1940; x_wconf 87' lang='lat' dir='ltr'><strong>morbum</strong></span> <span class='ocrx_word' id='word_1_548' title='bbox 1790 1916 1818 1939; x_wconf 88' lang='lat' dir='ltr'><strong>et</strong></span> 
     </span>
    </p>
   </div>
   <div class='ocr_carea' id='block_1_81' title="bbox 1025 1960 1818 1996">
    <p class='ocr_par' dir='ltr' id='par_1_81' title="bbox 1025 1960 1818 1996">
     <span class='ocr_line' id='line_1_81' title="bbox 1025 1960 1818 1996; baseline -0.004 -8"><span class='ocrx_word' id='word_1_549' title='bbox 1025 1964 1186 1996; x_wconf 76' lang='lat' dir='ltr'><strong>egestatem,</strong></span> <span class='ocrx_word' id='word_1_550' title='bbox 1199 1960 1330 1994; x_wconf 90' lang='lat' dir='ltr'><strong>probrum</strong></span> <span class='ocrx_word' id='word_1_551' title='bbox 1345 1963 1372 1987; x_wconf 82' lang='lat' dir='ltr'><strong>et</strong></span> <span class='ocrx_word' id='word_1_552' title='bbox 1386 1963 1516 1991; x_wconf 88' lang='lat' dir='ltr'><strong>mortem,</strong></span> <span class='ocrx_word' id='word_1_553' title='bbox 1531 1963 1560 1986; x_wconf 85' lang='lat' dir='ltr'><strong>et</strong></span> <span class='ocrx_word' id='word_1_554' title='bbox 1570 1966 1742 1994; x_wconf 63' lang='lat' dir='ltr'><strong>quicumque</strong></span> <span class='ocrx_word' id='word_1_555' title='bbox 1756 1965 1818 1986; x_wconf 90' lang='lat' dir='ltr'><strong>mo-</strong></span> 
     </span>
    </p>
   </div>
   <div class='ocr_carea' id='block_1_82' title="bbox 1024 2005 1818 2037">
    <p class='ocr_par' dir='ltr' id='par_1_82' title="bbox 1024 2005 1818 2037">
     <span class='ocr_line' id='line_1_82' title="bbox 1024 2005 1818 2037; baseline -0.003 -4"><span class='ocrx_word' id='word_1_556' title='bbox 1024 2006 1093 2033; x_wconf 87' lang='lat' dir='ltr'><strong>lesta</strong></span> <span class='ocrx_word' id='word_1_557' title='bbox 1115 2005 1277 2033; x_wconf 88' lang='lat' dir='ltr'><strong>hominibus</strong></span> <span class='ocrx_word' id='word_1_558' title='bbox 1304 2005 1446 2037; x_wconf 88' lang='lat' dir='ltr'><strong>accidunt,</strong></span> <span class='ocrx_word' id='word_1_559' title='bbox 1474 2005 1502 2032; x_wconf 92' lang='lat' dir='ltr'><strong>in</strong></span> <span class='ocrx_word' id='word_1_560' title='bbox 1534 2005 1672 2033; x_wconf 89' lang='lat' dir='ltr'><strong>malorum</strong></span> <span class='ocrx_word' id='word_1_561' title='bbox 1701 2012 1818 2032; x_wconf 88' lang='lat' dir='ltr'><strong>numero</strong></span> 
     </span>
    </p>
   </div>
   <div class='ocr_carea' id='block_1_83' title="bbox 1025 2051 1816 2088">
    <p class='ocr_par' dir='ltr' id='par_1_83' title="bbox 1025 2051 1816 2088">
     <span class='ocr_line' id='line_1_83' title="bbox 1025 2051 1816 2088; baseline -0.003 -8"><span class='ocrx_word' id='word_1_562' title='bbox 1025 2053 1173 2085; x_wconf 85' lang='lat' dir='ltr'><strong>collocare,</strong></span> <span class='ocrx_word' id='word_1_563' title='bbox 1193 2052 1305 2088; x_wconf 88' lang='lat' dir='ltr'><strong>quando</strong></span> <span class='ocrx_word' id='word_1_564' title='bbox 1321 2059 1373 2079; x_wconf 87' lang='lat' dir='ltr'><strong>nec</strong></span> <span class='ocrx_word' id='word_1_565' title='bbox 1392 2059 1424 2080; x_wconf 85' lang='lat' dir='ltr'><strong>ea</strong></span> <span class='ocrx_word' id='word_1_566' title='bbox 1444 2059 1506 2087; x_wconf 62' lang='lat' dir='ltr'><strong>quae</strong></span> <span class='ocrx_word' id='word_1_567' title='bbox 1523 2059 1586 2080; x_wconf 89' lang='lat' dir='ltr'><strong>cum</strong></span> <span class='ocrx_word' id='word_1_568' title='bbox 1612 2051 1655 2079; x_wconf 86' lang='lat' dir='ltr'><strong>his</strong></span> <span class='ocrx_word' id='word_1_569' title='bbox 1682 2056 1816 2087; x_wconf 74' lang='lat' dir='ltr'><strong>pugnant,</strong></span> 
     </span>
    </p>
   </div>
   <div class='ocr_carea' id='block_1_84' title="bbox 1026 2096 1817 2133">
    <p class='ocr_par' dir='ltr' id='par_1_84' title="bbox 1026 2096 1817 2133">
     <span class='ocr_line' id='line_1_84' title="bbox 1026 2096 1817 2133; baseline -0.001 -8"><span class='ocrx_word' id='word_1_570' title='bbox 1026 2097 1105 2133; x_wconf 83' lang='lat'><strong>505</strong></span> <span class='ocrx_word' id='word_1_571' title='bbox 1123 2099 1194 2125; x_wconf 87' lang='lat' dir='ltr'><strong>inter</strong></span> <span class='ocrx_word' id='word_1_572' title='bbox 1210 2105 1318 2125; x_wconf 85' lang='lat' dir='ltr'><strong>summa</strong></span> <span class='ocrx_word' id='word_1_573' title='bbox 1335 2097 1407 2126; x_wconf 87' lang='lat' dir='ltr'><strong>bona</strong></span> <span class='ocrx_word' id='word_1_574' title='bbox 1425 2105 1617 2125; x_wconf 87' lang='lat' dir='ltr'><strong>numeramus.</strong></span> <span class='ocrx_word' id='word_1_575' title='bbox 1648 2096 1758 2125; x_wconf 84' lang='lat' dir='ltr'><strong>Etenim</strong></span> <span class='ocrx_word' id='word_1_576' title='bbox 1785 2104 1817 2124; x_wconf 86' lang='lat' dir='ltr'><strong>ea</strong></span> 
     </span>
    </p>
   </div>
   <div class='ocr_carea' id='block_1_85' title="bbox 1025 2144 1815 2180">
    <p class='ocr_par' dir='ltr' id='par_1_85' title="bbox 1025 2144 1815 2180">
     <span class='ocr_line' id='line_1_85' title="bbox 1025 2144 1815 2180; baseline 0 -9"><span class='ocrx_word' id='word_1_577' title='bbox 1025 2144 1126 2180; x_wconf 86' lang='lat' dir='ltr'><strong>partim</strong></span> <span class='ocrx_word' id='word_1_578' title='bbox 1145 2151 1160 2171; x_wconf 92' lang='lat' dir='ltr'><strong>a</strong></span> <span class='ocrx_word' id='word_1_579' title='bbox 1178 2148 1276 2171; x_wconf 84' lang='lat' dir='ltr'><strong>natura</strong></span> <span class='ocrx_word' id='word_1_580' title='bbox 1296 2147 1422 2176; x_wconf 85' lang='lat' dir='ltr'><strong>manant,</strong></span> <span class='ocrx_word' id='word_1_581' title='bbox 1440 2144 1553 2178; x_wconf 78' lang='lat' dir='ltr'><strong>partim,</strong></span> <span class='ocrx_word' id='word_1_582' title='bbox 1575 2147 1606 2170; x_wconf 92' lang='lat' dir='ltr'><strong>ut</strong></span> <span class='ocrx_word' id='word_1_583' title='bbox 1630 2151 1745 2172; x_wconf 88' lang='lat' dir='ltr'><strong>cernere</strong></span> <span class='ocrx_word' id='word_1_584' title='bbox 1761 2147 1815 2175; x_wconf 81' lang='lat' dir='ltr'><strong>est,</strong></span> 
     </span>
    </p>
   </div>
   <div class='ocr_carea' id='block_1_86' title="bbox 1026 2186 1839 2224">
    <p class='ocr_par' dir='ltr' id='par_1_86' title="bbox 1026 2186 1839 2224">
     <span class='ocr_line' id='line_1_86' title="bbox 1026 2186 1839 2224; baseline 0 -8"><span class='ocrx_word' id='word_1_585' title='bbox 1026 2189 1060 2217; x_wconf 87' lang='lat' dir='ltr'><strong>ad</strong></span> <span class='ocrx_word' id='word_1_586' title='bbox 1080 2189 1227 2217; x_wconf 87' lang='lat' dir='ltr'><strong>utilitatem</strong></span> <span class='ocrx_word' id='word_1_587' title='bbox 1243 2189 1390 2224; x_wconf 89' lang='lat' dir='ltr'><strong>permultis</strong></span> <span class='ocrx_word' id='word_1_588' title='bbox 1409 2189 1551 2218; x_wconf 84' lang='lat' dir='ltr'><strong>accidunt.</strong></span> <span class='ocrx_word' id='word_1_589' title='bbox 1837 2186 1839 2189; x_wconf 82' lang='grc'><strong>’</strong></span> 
     </span>
    </p>
   </div>
   <div class='ocr_carea' id='block_1_87' title="bbox 219 2233 971 2280">
    <p class='ocr_par' dir='ltr' id='par_1_87' title="bbox 219 2234 971 2275">
     <span class='ocr_line' id='line_1_87' title="bbox 219 2234 971 2275; baseline 0.008 -14"><span class='ocrx_word' id='word_1_590' title='bbox 219 2234 293 2262; x_wconf 81' lang='grc' dir='ltr'>’Δνω</span> <span class='ocrx_word' id='word_1_591' title='bbox 310 2235 445 2271; x_wconf 84' lang='grc' dir='ltr'>νεύωμεν,</span> <span class='ocrx_word' id='word_1_592' title='bbox 477 2237 608 2272; x_wconf 79' lang='grc' dir='ltr'>ἀδελφοί·</span> <span class='ocrx_word' id='word_1_593' title='bbox 635 2237 664 2265; x_wconf 79' lang='grc' dir='ltr'>ὲν</span> <span class='ocrx_word' id='word_1_594' title='bbox 692 2240 775 2266; x_wconf 80' lang='grc' dir='ltr'>παντὶ</span> <span class='ocrx_word' id='word_1_595' title='bbox 809 2240 899 2275; x_wconf 85' lang='grc' dir='ltr'>καιρῷ</span> <span class='ocrx_word' id='word_1_596' title='bbox 926 2240 971 2267; x_wconf 65' lang='grc' dir='ltr'>καὶ</span> 
     </span>
    </p>
   </div>
   <div class='ocr_carea' id='block_1_88' title="bbox 1021 2233 1818 2280">
    <p class='ocr_par' dir='ltr' id='par_1_88' title="bbox 1062 2233 1818 2270">
     <span class='ocr_line' id='line_1_88' title="bbox 1062 2233 1818 2270; baseline -0.001 -8"><span class='ocrx_word' id='word_1_597' title='bbox 1062 2235 1092 2263; x_wconf 88' lang='lat' dir='ltr'><strong>S.</strong></span> <span class='ocrx_word' id='word_1_598' title='bbox 1112 2235 1190 2270; x_wconf 82' lang='lat' dir='ltr'><strong>Greg.</strong></span> <span class='ocrx_word' id='word_1_599' title='bbox 1211 2234 1285 2262; x_wconf 74' lang='lat' dir='ltr'><strong>Naz.</strong></span> <span class='ocrx_word' id='word_1_600' title='bbox 1311 2239 1383 2263; x_wconf 84' lang='lat' dir='ltr'><strong>orat.</strong></span> <span class='ocrx_word' id='word_1_601' title='bbox 1406 2234 1441 2261; x_wconf 82' lang='lat' dir='ltr'><strong>ad</strong></span> <span class='ocrx_word' id='word_1_602' title='bbox 1465 2235 1533 2262; x_wconf 78' lang='lat' dir='ltr'><strong>cives</strong></span> <span class='ocrx_word' id='word_1_603' title='bbox 1556 2233 1755 2261; x_wconf 69' lang='lat' dir='ltr'><strong>Nazianzenos.</strong></span> <span class='ocrx_word' id='word_1_604' title='bbox 1783 2249 1818 2256; x_wconf 95' lang='lat'><strong><em>—</em></strong></span> 
     </span>
    </p>
   </div>
   <div class='ocr_carea' id='block_1_89' title="bbox 181 2281 971 2321">
    <p class='ocr_par' dir='ltr' id='par_1_89' title="bbox 181 2281 971 2321">
     <span class='ocr_line' id='line_1_89' title="bbox 181 2281 971 2321; baseline 0.006 -13"><span class='ocrx_word' id='word_1_605' title='bbox 181 2281 342 2317; x_wconf 79' lang='grc' dir='ltr'>περιστάσει</span> <span class='ocrx_word' id='word_1_606' title='bbox 358 2282 432 2318; x_wconf 80' lang='grc' dir='ltr'>πάσῃ</span> <span class='ocrx_word' id='word_1_607' title='bbox 448 2283 667 2318; x_wconf 80' lang='grc' dir='ltr'>προδαλλώμεθα</span> <span class='ocrx_word' id='word_1_608' title='bbox 689 2284 741 2319; x_wconf 79' lang='grc' dir='ltr'><strong>τὴν</strong></span> <span class='ocrx_word' id='word_1_609' title='bbox 763 2285 850 2321; x_wconf 82' lang='grc' dir='ltr'>καλὴν</span> <span class='ocrx_word' id='word_1_610' title='bbox 865 2285 971 2320; x_wconf 73' lang='grc' dir='ltr'>ἐλπίδα,</span> 
     </span>
    </p>
   </div>
   <div class='ocr_carea' id='block_1_90' title="bbox 182 2328 971 2367">
    <p class='ocr_par' dir='ltr' id='par_1_90' title="bbox 182 2328 971 2367">
     <span class='ocr_line' id='line_1_90' title="bbox 182 2328 971 2367; baseline 0.006 -13"><span class='ocrx_word' id='word_1_611' title='bbox 182 2328 253 2363; x_wconf 80' lang='grc' dir='ltr'>μήτε</span> <span class='ocrx_word' id='word_1_612' title='bbox 277 2328 306 2356; x_wconf 74' lang='grc' dir='ltr'>ἐν</span> <span class='ocrx_word' id='word_1_613' title='bbox 321 2329 383 2360; x_wconf 84' lang='grc' dir='ltr'>ταῖς</span> <span class='ocrx_word' id='word_1_614' title='bbox 406 2328 566 2364; x_wconf 81' lang='grc' dir='ltr'>ἐπιθυμίαις</span> <span class='ocrx_word' id='word_1_615' title='bbox 586 2329 784 2366; x_wconf 75' lang='grc' dir='ltr'>ἀποδάλλωμεν</span> <span class='ocrx_word' id='word_1_616' title='bbox 804 2331 850 2358; x_wconf 72' lang='grc' dir='ltr'><strong>τὸν</strong></span> <span class='ocrx_word' id='word_1_617' title='bbox 878 2332 971 2367; x_wconf 57' lang='lat' dir='ltr'><strong>ww,</strong></span> 
     </span>
    </p>
   </div>
   <div class='ocr_carea' id='block_1_91' title="bbox 182 2373 972 2412">
    <p class='ocr_par' dir='ltr' id='par_1_91' title="bbox 182 2373 972 2412">
     <span class='ocr_line' id='line_1_91' title="bbox 182 2373 972 2412; baseline 0.005 -12"><span class='ocrx_word' id='word_1_618' title='bbox 182 2373 252 2408; x_wconf 79' lang='grc' dir='ltr'>μήτε</span> <span class='ocrx_word' id='word_1_619' title='bbox 266 2373 295 2401; x_wconf 66' lang='grc' dir='ltr'>ἂν</span> <span class='ocrx_word' id='word_1_620' title='bbox 309 2373 366 2404; x_wconf 78' lang='grc' dir='ltr'>τοῖς</span> <span class='ocrx_word' id='word_1_621' title='bbox 376 2373 509 2410; x_wconf 72' lang='grc' dir='ltr'>λυπηροῖς</span> <span class='ocrx_word' id='word_1_622' title='bbox 524 2373 554 2401; x_wconf 75' lang='grc' dir='ltr'>τὸ</span> <span class='ocrx_word' id='word_1_623' title='bbox 567 2373 672 2402; x_wconf 80' lang='grc' dir='ltr'>εὔελπι.</span> <span class='ocrx_word' id='word_1_624' title='bbox 688 2375 863 2412; x_wconf 53' lang='grc' dir='ltr'>Μησθῶμεν</span> <span class='ocrx_word' id='word_1_625' title='bbox 879 2378 928 2404; x_wconf 75' lang='grc' dir='ltr'>καὶ</span> <span class='ocrx_word' id='word_1_626' title='bbox 944 2378 972 2404; x_wconf 82' lang='grc' dir='ltr'>ὲν</span> 
     </span>
    </p>
   </div>
   <div class='ocr_carea' id='block_1_92' title="bbox 180 2418 971 2460">
    <p class='ocr_par' dir='ltr' id='par_1_92' title="bbox 180 2418 971 2460">
     <span class='ocr_line' id='line_1_92' title="bbox 180 2418 971 2460; baseline 0.008 -15"><span class='ocrx_word' id='word_1_627' title='bbox 180 2418 257 2454; x_wconf 74' lang='grc' dir='ltr'>εὐδίᾳ</span> <span class='ocrx_word' id='word_1_628' title='bbox 281 2419 332 2453; x_wconf 82' lang='grc' dir='ltr'>τῆς</span> <span class='ocrx_word' id='word_1_629' title='bbox 362 2418 458 2455; x_wconf 69' lang='grc' dir='ltr'><strong>ζάλης⁷</strong></span> <span class='ocrx_word' id='word_1_630' title='bbox 474 2419 520 2446; x_wconf 82' lang='grc' dir='ltr'>καὶ</span> <span class='ocrx_word' id='word_1_631' title='bbox 544 2420 574 2447; x_wconf 72' lang='grc' dir='ltr'>ὲν</span> <span class='ocrx_word' id='word_1_632' title='bbox 588 2421 704 2457; x_wconf 78' lang='grc' dir='ltr'>χειμῶνι</span> <span class='ocrx_word' id='word_1_633' title='bbox 719 2422 766 2449; x_wconf 85' lang='grc' dir='ltr'>τοῦ</span> <span class='ocrx_word' id='word_1_634' title='bbox 791 2423 971 2460; x_wconf 79' lang='grc' dir='ltr'>κυϐερνήτου.</span> 
     </span>
    </p>
   </div>
   <div class='ocr_carea' id='block_1_93' title="bbox 186 2465 972 2505">
    <p class='ocr_par' dir='ltr' id='par_1_93' title="bbox 186 2465 972 2505">
     <span class='ocr_line' id='line_1_93' title="bbox 186 2465 972 2505; baseline 0.009 -14"><span class='ocrx_word' id='word_1_635' title='bbox 186 2465 269 2492; x_wconf 79' lang='grc' dir='ltr'>Ἀλλὰ</span> <span class='ocrx_word' id='word_1_636' title='bbox 289 2466 327 2501; x_wconf 83' lang='grc' dir='ltr'>μὴ</span> <span class='ocrx_word' id='word_1_637' title='bbox 341 2466 402 2497; x_wconf 78' lang='grc' dir='ltr'>ταῖς</span> <span class='ocrx_word' id='word_1_638' title='bbox 424 2465 546 2501; x_wconf 78' lang='grc' dir='ltr'>θλίψεσιν</span> <span class='ocrx_word' id='word_1_639' title='bbox 562 2467 777 2503; x_wconf 82' lang='grc' dir='ltr'>ὲκκακήσωμεν,</span> <span class='ocrx_word' id='word_1_640' title='bbox 801 2470 868 2505; x_wconf 80' lang='grc' dir='ltr'>μηδὲ</span> <span class='ocrx_word' id='word_1_641' title='bbox 886 2471 972 2505; x_wconf 88' lang='grc' dir='ltr'>γενώ-</span> 
     </span>
    </p>
   </div>
   <div class='ocr_carea' id='block_1_94' title="bbox 180 2511 974 2553">
    <p class='ocr_par' dir='ltr' id='par_1_94' title="bbox 180 2511 974 2553">
     <span class='ocr_line' id='line_1_94' title="bbox 180 2511 974 2553; baseline 0.011 -17"><span class='ocrx_word' id='word_1_642' title='bbox 180 2511 253 2546; x_wconf 88' lang='grc' dir='ltr'>μεθα</span> <span class='ocrx_word' id='word_1_643' title='bbox 267 2511 356 2538; x_wconf 85' lang='grc' dir='ltr'>δοῦλοι</span> <span class='ocrx_word' id='word_1_644' title='bbox 370 2512 461 2539; x_wconf 87' lang='grc' dir='ltr'>κακοί.</span> <span class='ocrx_word' id='word_1_645' title='bbox 493 2513 669 2546; x_wconf 83' lang='grc' dir='ltr'>’Λγαθὺνοντι</span> <span class='ocrx_word' id='word_1_646' title='bbox 690 2515 740 2549; x_wconf 83' lang='grc' dir='ltr'>μὲν</span> <span class='ocrx_word' id='word_1_647' title='bbox 762 2515 974 2553; x_wconf 78' lang='grc' dir='ltr'>ἐξομολογούμε-</span> 
     </span>
    </p>
   </div>
   <div class='ocr_carea' id='block_1_95' title="bbox 179 2556 971 2597">
    <p class='ocr_par' dir='ltr' id='par_1_95' title="bbox 179 2556 971 2597">
     <span class='ocr_line' id='line_1_95' title="bbox 179 2556 971 2597; baseline 0.01 -15"><span class='ocrx_word' id='word_1_648' title='bbox 179 2564 220 2583; x_wconf 78' lang='grc' dir='ltr'><strong>νοι</strong></span> <span class='ocrx_word' id='word_1_649' title='bbox 237 2556 276 2592; x_wconf 85' lang='grc' dir='ltr'>τῷ</span> <span class='ocrx_word' id='word_1_650' title='bbox 291 2556 426 2593; x_wconf 83' lang='grc' dir='ltr'>Δεσπότῃ,</span> <span class='ocrx_word' id='word_1_651' title='bbox 454 2557 609 2585; x_wconf 83' lang='grc' dir='ltr'>παιδεύοντι</span> <span class='ocrx_word' id='word_1_652' title='bbox 634 2559 663 2586; x_wconf 82' lang='grc' dir='ltr'><strong>δὲ</strong></span> <span class='ocrx_word' id='word_1_653' title='bbox 686 2560 724 2596; x_wconf 87' lang='grc' dir='ltr'>μὴ</span> <span class='ocrx_word' id='word_1_654' title='bbox 743 2562 971 2597; x_wconf 85' lang='grc' dir='ltr'>προστιθέμενοι·</span> 
     </span>
    </p>
   </div>
   <div class='ocr_carea' id='block_1_96' title="bbox 179 2601 973 2644">
    <p class='ocr_par' dir='ltr' id='par_1_96' title="bbox 179 2601 973 2644">
     <span class='ocr_line' id='line_1_96' title="bbox 179 2601 973 2644; baseline 0.01 -16"><span class='ocrx_word' id='word_1_655' title='bbox 179 2601 270 2629; x_wconf 78' lang='grc' dir='ltr'>καίτοι</span> <span class='ocrx_word' id='word_1_656' title='bbox 282 2602 350 2630; x_wconf 84' lang='grc' dir='ltr'>ποτέ</span> <span class='ocrx_word' id='word_1_657' title='bbox 371 2603 509 2638; x_wconf 81' lang='grc' dir='ltr'>κρείσσων</span> <span class='ocrx_word' id='word_1_658' title='bbox 531 2605 627 2639; x_wconf 78' lang='grc' dir='ltr'>ὑγείας</span> <span class='ocrx_word' id='word_1_659' title='bbox 643 2606 731 2638; x_wconf 89' lang='grc' dir='ltr'>νόσος,</span> <span class='ocrx_word' id='word_1_660' title='bbox 752 2607 800 2634; x_wconf 67' lang='grc' dir='ltr'><strong>καὶ</strong></span> <span class='ocrx_word' id='word_1_661' title='bbox 817 2607 973 2644; x_wconf 79' lang='grc' dir='ltr'>ὑπόμνησις</span> 
     </span>
    </p>
   </div>
   <div class='ocr_carea' id='block_1_97' title="bbox 179 2647 973 2692">
    <p class='ocr_par' dir='ltr' id='par_1_97' title="bbox 179 2647 973 2692">
     <span class='ocr_line' id='line_1_97' title="bbox 179 2647 973 2692; baseline 0.01 -18"><span class='ocrx_word' id='word_1_662' title='bbox 179 2647 301 2680; x_wconf 79' lang='grc' dir='ltr'>ἀνέσεως</span> <span class='ocrx_word' id='word_1_663' title='bbox 314 2669 321 2681; x_wconf 91' lang='grc'><strong>,</strong></span> <span class='ocrx_word' id='word_1_664' title='bbox 341 2649 390 2676; x_wconf 72' lang='grc' dir='ltr'>καὶ</span> <span class='ocrx_word' id='word_1_665' title='bbox 418 2650 564 2686; x_wconf 78' lang='grc' dir='ltr'>ἐπίσκεψις</span> <span class='ocrx_word' id='word_1_666' title='bbox 591 2651 733 2686; x_wconf 84' lang='grc' dir='ltr'>ἀμελείας,</span> <span class='ocrx_word' id='word_1_667' title='bbox 752 2653 799 2680; x_wconf 74' lang='grc' dir='ltr'>καὶ</span> <span class='ocrx_word' id='word_1_668' title='bbox 820 2655 973 2692; x_wconf 78' lang='grc' dir='ltr'>ἐπιστροφὴ</span> 
     </span>
    </p>
   </div>
   <div class='ocr_carea' id='block_1_98' title="bbox 181 2696 972 2737">
    <p class='ocr_par' dir='ltr' id='par_1_98' title="bbox 181 2696 972 2737">
     <span class='ocr_line' id='line_1_98' title="bbox 181 2696 972 2737; baseline 0.01 -16"><span class='ocrx_word' id='word_1_669' title='bbox 181 2696 394 2732; x_wconf 78' lang='grc' dir='ltr'>συγχωρῆσεως.</span> <span class='ocrx_word' id='word_1_670' title='bbox 414 2697 491 2732; x_wconf 82' lang='grc' dir='ltr'>Μήτε</span> <span class='ocrx_word' id='word_1_671' title='bbox 511 2697 557 2724; x_wconf 75' lang='grc' dir='ltr'>διὰ</span> <span class='ocrx_word' id='word_1_672' title='bbox 576 2697 626 2730; x_wconf 82' lang='grc' dir='ltr'><strong>τὰς</strong></span> <span class='ocrx_word' id='word_1_673' title='bbox 648 2700 794 2736; x_wconf 80' lang='grc' dir='ltr'>συμφορὰς</span> <span class='ocrx_word' id='word_1_674' title='bbox 815 2701 972 2737; x_wconf 75' lang='grc' dir='ltr'>πίπτωμεν,</span> 
     </span>
    </p>
   </div>
   <div class='ocr_carea' id='block_1_99' title="bbox 182 2740 645 2778">
    <p class='ocr_par' dir='ltr' id='par_1_99' title="bbox 182 2740 645 2778">
     <span class='ocr_line' id='line_1_99' title="bbox 182 2740 645 2778; baseline 0.006 -11"><span class='ocrx_word' id='word_1_675' title='bbox 182 2740 253 2776; x_wconf 73' lang='grc' dir='ltr'>μήτε</span> <span class='ocrx_word' id='word_1_676' title='bbox 265 2740 311 2768; x_wconf 84' lang='grc' dir='ltr'><strong>διὰ</strong></span> <span class='ocrx_word' id='word_1_677' title='bbox 323 2740 370 2768; x_wconf 72' lang='grc' dir='ltr'><strong>τὸν</strong></span> <span class='ocrx_word' id='word_1_678' title='bbox 382 2741 462 2776; x_wconf 79' lang='grc' dir='ltr'>κόρον</span> <span class='ocrx_word' id='word_1_679' title='bbox 479 2742 645 2778; x_wconf 77' lang='grc' dir='ltr'>ὑϐρίζωμεν.</span> 
     </span>
    </p>
   </div>
   <div class='ocr_carea' id='block_1_100' title="bbox 217 2873 972 2914">
    <p class='ocr_par' dir='ltr' id='par_1_100' title="bbox 217 2873 972 2914">
     <span class='ocr_line' id='line_1_100' title="bbox 217 2873 972 2914; baseline 0.009 -14"><span class='ocrx_word' id='word_1_680' title='bbox 217 2873 294 2910; x_wconf 76' lang='grc' dir='ltr'>Μήτε</span> <span class='ocrx_word' id='word_1_681' title='bbox 308 2873 402 2909; x_wconf 79' lang='grc' dir='ltr'>ὑγείαν</span> <span class='ocrx_word' id='word_1_682' title='bbox 418 2876 507 2903; x_wconf 76' lang='grc' dir='ltr'>πᾶσαν</span> <span class='ocrx_word' id='word_1_683' title='bbox 520 2875 716 2913; x_wconf 71' lang='grc' dir='ltr'>θαυμάζωμεν,</span> <span class='ocrx_word' id='word_1_684' title='bbox 734 2878 802 2914; x_wconf 79' lang='grc' dir='ltr'>μήτε</span> <span class='ocrx_word' id='word_1_685' title='bbox 821 2878 898 2907; x_wconf 79' lang='grc' dir='ltr'>νόσον</span> <span class='ocrx_word' id='word_1_686' title='bbox 913 2879 972 2907; x_wconf 80' lang='grc' dir='ltr'>δια-</span> 
     </span>
    </p>
   </div>
   <div class='ocr_carea' id='block_1_101' title="bbox 1026 2281 1818 2314">
    <p class='ocr_par' dir='ltr' id='par_1_101' title="bbox 1026 2281 1818 2314">
     <span class='ocr_line' id='line_1_101' title="bbox 1026 2281 1818 2314; baseline -0.003 -4"><span class='ocrx_word' id='word_1_687' title='bbox 1026 2282 1144 2311; x_wconf 81' lang='lat' dir='ltr'><strong>Sursum</strong></span> <span class='ocrx_word' id='word_1_688' title='bbox 1162 2282 1321 2310; x_wconf 84' lang='lat' dir='ltr'><strong>attollamus</strong></span> <span class='ocrx_word' id='word_1_689' title='bbox 1339 2282 1447 2314; x_wconf 89' lang='lat' dir='ltr'><strong>oculos,</strong></span> <span class='ocrx_word' id='word_1_690' title='bbox 1467 2281 1582 2314; x_wconf 81' lang='lat' dir='ltr'><strong>fratres;</strong></span> <span class='ocrx_word' id='word_1_691' title='bbox 1599 2281 1627 2308; x_wconf 91' lang='lat' dir='ltr'><strong>in</strong></span> <span class='ocrx_word' id='word_1_692' title='bbox 1650 2281 1726 2308; x_wconf 88' lang='lat' dir='ltr'><strong>omni</strong></span> <span class='ocrx_word' id='word_1_693' title='bbox 1750 2285 1818 2308; x_wconf 87' lang='lat' dir='ltr'><strong>tem-</strong></span> 
     </span>
    </p>
   </div>
   <div class='ocr_carea' id='block_1_102' title="bbox 1023 2326 1816 2364">
    <p class='ocr_par' dir='ltr' id='par_1_102' title="bbox 1023 2326 1816 2364">
     <span class='ocr_line' id='line_1_102' title="bbox 1023 2326 1816 2364; baseline -0.003 -8"><span class='ocrx_word' id='word_1_694' title='bbox 1023 2336 1092 2364; x_wconf 89' lang='lat' dir='ltr'><strong>pore</strong></span> <span class='ocrx_word' id='word_1_695' title='bbox 1106 2332 1135 2356; x_wconf 89' lang='lat' dir='ltr'><strong>et</strong></span> <span class='ocrx_word' id='word_1_696' title='bbox 1150 2329 1177 2356; x_wconf 93' lang='lat' dir='ltr'><strong>in</strong></span> <span class='ocrx_word' id='word_1_697' title='bbox 1193 2329 1269 2356; x_wconf 90' lang='lat' dir='ltr'><strong>omni</strong></span> <span class='ocrx_word' id='word_1_698' title='bbox 1282 2335 1374 2356; x_wconf 88' lang='lat' dir='ltr'><strong>rerum</strong></span> <span class='ocrx_word' id='word_1_699' title='bbox 1388 2331 1463 2356; x_wconf 86' lang='lat' dir='ltr'><strong>statu</strong></span> <span class='ocrx_word' id='word_1_700' title='bbox 1478 2327 1578 2356; x_wconf 77' lang='lat' dir='ltr'><strong>lienam</strong></span> <span class='ocrx_word' id='word_1_701' title='bbox 1595 2334 1671 2362; x_wconf 87' lang='lat' dir='ltr'><strong>spem</strong></span> <span class='ocrx_word' id='word_1_702' title='bbox 1687 2326 1816 2362; x_wconf 57' lang='lat' dir='ltr'><strong>praefera-</strong></span> 
     </span>
    </p>
   </div>
   <div class='ocr_carea' id='block_1_103' title="bbox 1023 2372 1817 2409">
    <p class='ocr_par' dir='ltr' id='par_1_103' title="bbox 1023 2372 1817 2409">
     <span class='ocr_line' id='line_1_103' title="bbox 1023 2372 1817 2409; baseline -0.003 -7"><span class='ocrx_word' id='word_1_703' title='bbox 1023 2382 1095 2402; x_wconf 87' lang='lat' dir='ltr'><strong>mus.</strong></span> <span class='ocrx_word' id='word_1_704' title='bbox 1114 2373 1161 2402; x_wconf 80' lang='lat' dir='ltr'><strong>Sic</strong></span> <span class='ocrx_word' id='word_1_705' title='bbox 1188 2381 1239 2402; x_wconf 86' lang='lat' dir='ltr'><strong>nos</strong></span> <span class='ocrx_word' id='word_1_706' title='bbox 1269 2381 1481 2409; x_wconf 83' lang='lat' dir='ltr'><strong>c0mparemus,</strong></span> <span class='ocrx_word' id='word_1_707' title='bbox 1506 2376 1536 2400; x_wconf 91' lang='lat' dir='ltr'><strong>ut</strong></span> <span class='ocrx_word' id='word_1_708' title='bbox 1553 2379 1604 2400; x_wconf 88' lang='lat' dir='ltr'><strong>nec</strong></span> <span class='ocrx_word' id='word_1_709' title='bbox 1620 2372 1648 2399; x_wconf 94' lang='lat' dir='ltr'><strong>in</strong></span> <span class='ocrx_word' id='word_1_710' title='bbox 1667 2372 1751 2400; x_wconf 88' lang='lat' dir='ltr'><strong>rebus</strong></span> <span class='ocrx_word' id='word_1_711' title='bbox 1773 2379 1817 2400; x_wconf 87' lang='lat' dir='ltr'><strong>se-</strong></span> 
     </span>
    </p>
   </div>
   <div class='ocr_carea' id='block_1_104' title="bbox 1024 2419 1817 2456">
    <p class='ocr_par' dir='ltr' id='par_1_104' title="bbox 1024 2419 1817 2456">
     <span class='ocr_line' id='line_1_104' title="bbox 1024 2419 1817 2456; baseline -0.004 -7"><span class='ocrx_word' id='word_1_712' title='bbox 1024 2421 1123 2450; x_wconf 79' lang='lat' dir='ltr'><strong>cundis</strong></span> <span class='ocrx_word' id='word_1_713' title='bbox 1139 2425 1254 2452; x_wconf 81' lang='lat' dir='ltr'><strong>metum.</strong></span> <span class='ocrx_word' id='word_1_714' title='bbox 1272 2428 1323 2448; x_wconf 87' lang='lat' dir='ltr'><strong>nec</strong></span> <span class='ocrx_word' id='word_1_715' title='bbox 1337 2421 1366 2448; x_wconf 93' lang='lat' dir='ltr'><strong>in</strong></span> <span class='ocrx_word' id='word_1_716' title='bbox 1383 2420 1508 2448; x_wconf 87' lang='lat' dir='ltr'><strong>adversis</strong></span> <span class='ocrx_word' id='word_1_717' title='bbox 1536 2427 1612 2456; x_wconf 83' lang='lat' dir='ltr'><strong>spem</strong></span> <span class='ocrx_word' id='word_1_718' title='bbox 1640 2419 1817 2454; x_wconf 81' lang='lat' dir='ltr'><strong>abjiciamus.</strong></span> 
     </span>
    </p>
   </div>
   <div class='ocr_carea' id='block_1_105' title="bbox 1024 2466 1815 2502">
    <p class='ocr_par' dir='ltr' id='par_1_105' title="bbox 1024 2466 1815 2502">
     <span class='ocr_line' id='line_1_105' title="bbox 1024 2466 1815 2502; baseline -0.005 -6"><span class='ocrx_word' id='word_1_719' title='bbox 1024 2468 1162 2496; x_wconf 82' lang='lat' dir='ltr'><strong>Memores</strong></span> <span class='ocrx_word' id='word_1_720' title='bbox 1177 2468 1275 2500; x_wconf 86' lang='lat' dir='ltr'><strong>simus,</strong></span> <span class='ocrx_word' id='word_1_721' title='bbox 1292 2473 1350 2495; x_wconf 84' lang='lat' dir='ltr'><strong>tum</strong></span> <span class='ocrx_word' id='word_1_722' title='bbox 1367 2466 1538 2502; x_wconf 87' lang='lat' dir='ltr'><strong>tempestatis</strong></span> <span class='ocrx_word' id='word_1_723' title='bbox 1553 2467 1582 2494; x_wconf 94' lang='lat' dir='ltr'><strong>in</strong></span> <span class='ocrx_word' id='word_1_724' title='bbox 1599 2466 1815 2502; x_wconf 86' lang='lat' dir='ltr'><strong>tranquillitate.</strong></span> 
     </span>
    </p>
   </div>
   <div class='ocr_carea' id='block_1_106' title="bbox 1025 2511 1818 2549">
    <p class='ocr_par' dir='ltr' id='par_1_106' title="bbox 1025 2511 1818 2549">
     <span class='ocr_line' id='line_1_106' title="bbox 1025 2511 1818 2549; baseline -0.004 -8"><span class='ocrx_word' id='word_1_725' title='bbox 1025 2520 1081 2542; x_wconf 86' lang='lat' dir='ltr'><strong>tum</strong></span> <span class='ocrx_word' id='word_1_726' title='bbox 1096 2513 1291 2549; x_wconf 74' lang='lat' dir='ltr'><strong>gubernatoris</strong></span> <span class='ocrx_word' id='word_1_727' title='bbox 1307 2513 1335 2540; x_wconf 92' lang='lat' dir='ltr'><strong>in</strong></span> <span class='ocrx_word' id='word_1_728' title='bbox 1348 2517 1520 2548; x_wconf 80' lang='lat' dir='ltr'><strong>tempestate.</strong></span> <span class='ocrx_word' id='word_1_729' title='bbox 1538 2513 1576 2540; x_wconf 83' lang='lat' dir='ltr'><strong>Ac</strong></span> <span class='ocrx_word' id='word_1_730' title='bbox 1594 2519 1649 2539; x_wconf 91' lang='lat' dir='ltr'><strong>non</strong></span> <span class='ocrx_word' id='word_1_731' title='bbox 1662 2511 1689 2539; x_wconf 88' lang='lat' dir='ltr'><strong>in</strong></span> <span class='ocrx_word' id='word_1_732' title='bbox 1701 2512 1818 2539; x_wconf 70' lang='lat' dir='ltr'><strong>calami~</strong></span> 
     </span>
    </p>
   </div>
   <div class='ocr_carea' id='block_1_107' title="bbox 1024 2555 1816 2593">
    <p class='ocr_par' dir='ltr' id='par_1_107' title="bbox 1024 2555 1816 2593">
     <span class='ocr_line' id='line_1_107' title="bbox 1024 2555 1816 2593; baseline -0.003 -9"><span class='ocrx_word' id='word_1_733' title='bbox 1024 2557 1129 2586; x_wconf 88' lang='lat' dir='ltr'><strong>tatibus</strong></span> <span class='ocrx_word' id='word_1_734' title='bbox 1147 2557 1319 2593; x_wconf 77' lang='lat' dir='ltr'><strong>frangamur,</strong></span> <span class='ocrx_word' id='word_1_735' title='bbox 1338 2564 1388 2584; x_wconf 88' lang='lat' dir='ltr'><strong>nec</strong></span> <span class='ocrx_word' id='word_1_736' title='bbox 1404 2565 1501 2585; x_wconf 84' lang='lat' dir='ltr'><strong>servos</strong></span> <span class='ocrx_word' id='word_1_737' title='bbox 1515 2557 1603 2584; x_wconf 85' lang='lat' dir='ltr'><strong>malos</strong></span> <span class='ocrx_word' id='word_1_738' title='bbox 1624 2563 1677 2584; x_wconf 89' lang='lat' dir='ltr'><strong>nos</strong></span> <span class='ocrx_word' id='word_1_739' title='bbox 1693 2555 1816 2590; x_wconf 78' lang='lat' dir='ltr'><strong>praebea-</strong></span> 
     </span>
    </p>
   </div>
   <div class='ocr_carea' id='block_1_108' title="bbox 1026 2601 1817 2635">
    <p class='ocr_par' dir='ltr' id='par_1_108' title="bbox 1026 2601 1817 2635">
     <span class='ocr_line' id='line_1_108' title="bbox 1026 2601 1817 2635; baseline -0.003 -5"><span class='ocrx_word' id='word_1_740' title='bbox 1026 2611 1104 2635; x_wconf 86' lang='lat' dir='ltr'><strong>mus;</strong></span> <span class='ocrx_word' id='word_1_741' title='bbox 1120 2602 1190 2630; x_wconf 89' lang='lat' dir='ltr'><strong>bene</strong></span> <span class='ocrx_word' id='word_1_742' title='bbox 1215 2603 1249 2630; x_wconf 90' lang='lat' dir='ltr'><strong>de</strong></span> <span class='ocrx_word' id='word_1_743' title='bbox 1264 2602 1345 2630; x_wconf 86' lang='lat' dir='ltr'><strong>nobis</strong></span> <span class='ocrx_word' id='word_1_744' title='bbox 1371 2602 1488 2630; x_wconf 82' lang='lat' dir='ltr'><strong>merenti</strong></span> <span class='ocrx_word' id='word_1_745' title='bbox 1505 2601 1622 2629; x_wconf 89' lang='lat' dir='ltr'><strong>Domino</strong></span> <span class='ocrx_word' id='word_1_746' title='bbox 1637 2601 1817 2633; x_wconf 88' lang='lat' dir='ltr'><strong>coniltentes,</strong></span> 
     </span>
    </p>
   </div>
   <div class='ocr_carea' id='block_1_109' title="bbox 1025 2647 1818 2684">
    <p class='ocr_par' dir='ltr' id='par_1_109' title="bbox 1025 2647 1818 2684">
     <span class='ocr_line' id='line_1_109' title="bbox 1025 2647 1818 2684; baseline -0.004 -7"><span class='ocrx_word' id='word_1_747' title='bbox 1025 2656 1088 2677; x_wconf 86' lang='lat' dir='ltr'><strong>eum</strong></span> <span class='ocrx_word' id='word_1_748' title='bbox 1097 2657 1162 2677; x_wconf 83' lang='lat' dir='ltr'><strong>vero</strong></span> <span class='ocrx_word' id='word_1_749' title='bbox 1170 2649 1204 2676; x_wconf 89' lang='lat' dir='ltr'><strong>ab</strong></span> <span class='ocrx_word' id='word_1_750' title='bbox 1215 2649 1276 2684; x_wconf 89' lang='lat' dir='ltr'><strong>ipso</strong></span> <span class='ocrx_word' id='word_1_751' title='bbox 1286 2649 1467 2684; x_wconf 80' lang='lat' dir='ltr'><strong>castigamur,</strong></span> <span class='ocrx_word' id='word_1_752' title='bbox 1479 2648 1638 2676; x_wconf 86' lang='lat' dir='ltr'><strong>recedentes</strong></span> <span class='ocrx_word' id='word_1_753' title='bbox 1653 2657 1659 2675; x_wconf 91' lang='lat'><strong>:</strong></span> <span class='ocrx_word' id='word_1_754' title='bbox 1672 2647 1736 2676; x_wconf 88' lang='lat' dir='ltr'><strong>licet</strong></span> <span class='ocrx_word' id='word_1_755' title='bbox 1747 2655 1818 2682; x_wconf 69' lang='lat' dir='ltr'><strong>pra:-</strong></span> 
     </span>
    </p>
   </div>
   <div class='ocr_carea' id='block_1_110' title="bbox 1025 2693 1819 2731">
    <p class='ocr_par' dir='ltr' id='par_1_110' title="bbox 1025 2693 1819 2731">
     <span class='ocr_line' id='line_1_110' title="bbox 1025 2693 1819 2731; baseline -0.001 -8"><span class='ocrx_word' id='word_1_756' title='bbox 1025 2695 1152 2723; x_wconf 85' lang='lat' dir='ltr'><strong>stabilior</strong></span> <span class='ocrx_word' id='word_1_757' title='bbox 1169 2695 1320 2731; x_wconf 85' lang='lat' dir='ltr'><strong>aliquando</strong></span> <span class='ocrx_word' id='word_1_758' title='bbox 1338 2695 1455 2723; x_wconf 81' lang='lat' dir='ltr'><strong>sanitate</strong></span> <span class='ocrx_word' id='word_1_759' title='bbox 1469 2693 1819 2727; x_wconf 77' lang='lat' dir='ltr'><strong>sitmorbus,submonitio</strong></span> 
     </span>
    </p>
   </div>
   <div class='ocr_carea' id='block_1_111' title="bbox 1024 2741 1817 2775">
    <p class='ocr_par' dir='ltr' id='par_1_111' title="bbox 1024 2741 1817 2775">
     <span class='ocr_line' id='line_1_111' title="bbox 1024 2741 1817 2775; baseline -0.001 -6"><span class='ocrx_word' id='word_1_760' title='bbox 1024 2742 1201 2775; x_wconf 83' lang='lat' dir='ltr'><strong>remissione,</strong></span> <span class='ocrx_word' id='word_1_761' title='bbox 1222 2741 1330 2769; x_wconf 88' lang='lat' dir='ltr'><strong>incuria</strong></span> <span class='ocrx_word' id='word_1_762' title='bbox 1350 2741 1482 2774; x_wconf 81' lang='lat' dir='ltr'><strong>visitatio,</strong></span> <span class='ocrx_word' id='word_1_763' title='bbox 1507 2745 1536 2769; x_wconf 83' lang='lat' dir='ltr'><strong>et</strong></span> <span class='ocrx_word' id='word_1_764' title='bbox 1553 2741 1757 2769; x_wconf 82' lang='lat' dir='ltr'><strong>animadversio</strong></span> <span class='ocrx_word' id='word_1_765' title='bbox 1773 2748 1817 2768; x_wconf 57' lang='lat' dir='ltr'><strong>ve,</strong></span> 
     </span>
    </p>
   </div>
   <div class='ocr_carea' id='block_1_112' title="bbox 997 2780 1815 2822">
    <p class='ocr_par' dir='ltr' id='par_1_112' title="bbox 997 2780 1815 2822">
     <span class='ocr_line' id='line_1_112' title="bbox 997 2780 1815 2822; baseline 0.001 -9"><span class='ocrx_word' id='word_1_766' title='bbox 997 2780 1006 2785; x_wconf 66' lang='grc'><strong><em>⁷</em></strong></span> <span class='ocrx_word' id='word_1_767' title='bbox 1026 2787 1081 2815; x_wconf 87' lang='lat' dir='ltr'><strong>nia.</strong></span> <span class='ocrx_word' id='word_1_768' title='bbox 1099 2786 1155 2815; x_wconf 88' lang='lat' dir='ltr'><strong>Nec</strong></span> <span class='ocrx_word' id='word_1_769' title='bbox 1179 2790 1290 2822; x_wconf 86' lang='lat' dir='ltr'><strong>propter</strong></span> <span class='ocrx_word' id='word_1_770' title='bbox 1312 2787 1484 2814; x_wconf 84' lang='lat' dir='ltr'><strong>calamitates</strong></span> <span class='ocrx_word' id='word_1_771' title='bbox 1504 2786 1605 2815; x_wconf 88' lang='lat' dir='ltr'><strong>animis</strong></span> <span class='ocrx_word' id='word_1_772' title='bbox 1624 2786 1815 2818; x_wconf 80' lang='lat' dir='ltr'><strong>concidamus,</strong></span> 
     </span>
    </p>
   </div>
   <div class='ocr_carea' id='block_1_113' title="bbox 1026 2822 1845 2867">
    <p class='ocr_par' dir='ltr' id='par_1_113' title="bbox 1026 2822 1845 2867">
     <span class='ocr_line' id='line_1_113' title="bbox 1026 2822 1845 2867; baseline -0.001 -7"><span class='ocrx_word' id='word_1_773' title='bbox 1026 2839 1075 2860; x_wconf 81' lang='lat' dir='ltr'><strong>nec</strong></span> <span class='ocrx_word' id='word_1_774' title='bbox 1091 2836 1203 2867; x_wconf 77' lang='lat' dir='ltr'><strong>propter</strong></span> <span class='ocrx_word' id='word_1_775' title='bbox 1214 2831 1386 2859; x_wconf 74' lang='lat' dir='ltr'><strong>saturitatem</strong></span> <span class='ocrx_word' id='word_1_776' title='bbox 1402 2831 1551 2860; x_wconf 76' lang='lat' dir='ltr'><strong>insolentes</strong></span> <span class='ocrx_word' id='word_1_777' title='bbox 1566 2839 1617 2860; x_wconf 84' lang='lat' dir='ltr'><strong>nes</strong></span> <span class='ocrx_word' id='word_1_778' title='bbox 1635 2831 1815 2867; x_wconf 68' lang='lat' dir='ltr'><strong>praebeamus.</strong></span> <span class='ocrx_word' id='word_1_779' title='bbox 1841 2822 1845 2835; x_wconf 52' lang='grc'><em>³</em></span> 
     </span>
    </p>
   </div>
   <div class='ocr_carea' id='block_1_114' title="bbox 1063 2877 1819 2914">
    <p class='ocr_par' dir='ltr' id='par_1_114' title="bbox 1063 2877 1819 2914">
     <span class='ocr_line' id='line_1_114' title="bbox 1063 2877 1819 2914; baseline 0.003 -9"><span class='ocrx_word' id='word_1_780' title='bbox 1063 2878 1159 2913; x_wconf 64' lang='lat' dir='ltr'><strong>lfjusd.</strong></span> <span class='ocrx_word' id='word_1_781' title='bbox 1175 2894 1209 2899; x_wconf 96' lang='lat'><strong>—</strong></span> <span class='ocrx_word' id='word_1_782' title='bbox 1227 2877 1406 2914; x_wconf 74' lang='lat' dir='ltr'><strong>Nequaquam</strong></span> <span class='ocrx_word' id='word_1_783' title='bbox 1423 2878 1568 2907; x_wconf 82' lang='lat' dir='ltr'><strong>sanitatem</strong></span> <span class='ocrx_word' id='word_1_784' title='bbox 1593 2886 1701 2908; x_wconf 85' lang='lat' dir='ltr'><strong>onmem</strong></span> <span class='ocrx_word' id='word_1_785' title='bbox 1726 2877 1819 2912; x_wconf 61' lang='lat' dir='ltr'><strong>suspb</strong></span> 
     </span>
    </p>
   </div>
  </div>
