2056 3113
173 180 241 216 1529

769 178 888 210 SACRA
906 177 1140 209 PARALLELA.

1738 167 1805 200 1530

168 240 346 276 πράγμασιν
373 237 442 265 άλλὰ
461 238 522 265 τότε
540 238 588 265 καὶ
617 237 698 265 πλέον
721 239 893 275 εὐχαριστεῖν
908 238 961 271 δεῖ,

1013 237 1092 265 lestis
1108 234 1260 263 eontieere.
1276 233 1333 261 lmo
1349 239 1416 261 vero
1436 236 1493 259 tum
1521 229 1669 265 ampliores
1693 234 1804 263 quoque

170 285 285 318 εἰδότας,
298 285 340 321 ὅτι
354 285 391 311 ὃν
403 283 506 320 ἀγαπᾷ
520 284 638 319 Κύριος,
658 284 803 318 παιδεύει,
818 284 965 320 μαστιγοῖ

170 330 205 357 δὲ
213 329 315 357 πάντα
325 329 404 362 υἱὸν,
419 329 456 357 ὃν
473 329 686 364 παραδέχεται,

207 419 299 455 Τάφος
315 418 465 452 διαδέξεται
477 418 507 446 τὸ
527 419 576 455 τῆς
587 418 667 455 δόξης
681 418 768 451 τέλος.

207 511 312 548 Ὥσπερ
323 511 514 548 ἀπειροκάλων
528 512 558 538 τδ
573 505 634 538 λίαν
652 510 814 547 ἐπαίρεσθαι
833 511 892 542 ταῖς
911 510 958 537 εὐ-

171 558 362 593 σπλαγχνίαις,
382 558 470 590 οὕτως
494 558 636 593 ἀνάνδρων
658 557 688 584 τὸ
710 557 915 593 καταπτήσσειν
930 557 958 584 ἐν

169 606 227 636 τοῖς
243 603 423 640 πταίσμασιν.
446 603 536 637 Ὀξεῖα
554 603 610 639 γὰρ
625 603 654 630 ἐν
670 603 837 638 ἀμφοτέροις
856 603 872 638 ὴ
889 610 973 638 μετα-

171 651 236 686 ϐολή
241 670 249 679 .

207 697 341 733 Καθάπερ
359 696 424 723 ῑδιόν
438 697 496 723 ἐστι
511 695 558 723 τοῦ
573 695 660 730 φωτδς
670 697 702 722 τδ
715 695 854 730 φωτίζειν,
872 694 959 726 οὕτως

171 743 238 770 ίδιον
251 742 320 770 Θεοῦ
339 742 369 769 τὸ
395 742 480 769 ἐλεεῖν
507 743 555 769 καὶ
566 741 714 777 οἰκτείρειν
728 741 763 768 τὰ
781 742 869 768 οἰκεῖα
882 741 960 776 ποιή-

172 798 256 824 ματα.
291 788 444 823 Ἐλεήμων
469 788 524 824 γάρ
547 787 598 814 καὶ
620 787 779 822 οἰκτίρμων
800 788 816 814 ό
840 786 958 820 Κύριος,

171 834 244 860 κατὰ
268 834 318 870 τὴν
343 834 435 869 φωνὴν
459 833 553 861 Δαὸίδ.
581 833 658 868 Μήτε
674 831 720 860 οὖν
733 831 871 868 άπογνῷς,
890 832 959 867 μήτε

147 902 152 910 .
171 882 395 917 καταφρονήσῃς.

1013 283 1118 319 gratias
1132 289 1214 317 agere
1230 280 1375 312 debemus,
1394 278 1460 306 illud
1473 277 1646 312 exploratum
1658 274 1802 307 habentes,

1013 328 1086 363 quod
1104 331 1181 363 qu’em
1200 326 1270 353 Deus
1290 329 1375 357 amat,
1395 323 1464 350 hunc
1489 323 1612 357 castigat,
1637 325 1661 348 et
1686 319 1803 354 ﬂagellat

1012 382 1115 402 omnem
1125 373 1210 408 [ilium
1229 379 1306 408 quem
1319 371 1411 408 recipit
1430 368 1525 405 (Hebr.
1543 375 1591 401 xu,
1609 367 1648 402 6).

1045 419 1074 448 S.
1086 416 1376 454 Chrysost.—Gloria:
1397 413 1478 442 linem
1495 412 1618 440 tumulus
1635 414 1802 445 excepturus

1009 468 1062 493 est.

1044 508 1162 543 Iosephi.
1181 523 1213 528 -—
1229 504 1467 540 Quemadmodum
1488 503 1643 538 ineptorum
1657 498 1799 528 hominum

1009 559 1051 584 est
1059 555 1143 582 rebus
1159 553 1291 589 praeclare
1305 551 1391 587 gestis
1405 549 1528 585 gloriari,
1538 548 1580 576 sic
1597 551 1624 575 et
1641 547 1800 582 ignavorum

1009 604 1052 628 est
1066 600 1168 627 erratis
1183 596 1369 626 consternari.
1403 594 1488 623 Velox
1515 593 1590 622 enim
1615 592 1643 620 in
1675 591 1801 626 utrisque

1009 646 1126 673 mutatio
1141 649 1194 674 est.

1045 691 1075 720 S.
1089 691 1159 719 Nili.
1175 706 1211 712 —
1225 687 1463 723 Quemadmodum
1492 684 1563 712 lucis
1587 683 1730 719 proprium
1759 685 1802 709 est

1009 737 1183 774 splendorem
1210 735 1309 763 all‘erre
1329 744 1337 762 :
1358 733 1399 762 sic
1421 729 1505 760 etiam
1532 731 1591 762 Dei,
1621 729 1703 756 rebus
1728 735 1743 755 a
1771 735 1802 755 se

1008 783 1129 811 conditis
1148 781 1366 810 misericordiam
1396 778 1546 814 impertire.
1569 775 1637 803 Nam
1652 774 1801 802 misericors

1007 835 1032 857 et
1047 830 1188 857 miserator
1199 832 1238 856 est
1251 827 1389 858 Dominus.
1408 829 1437 852 ut
1453 823 1538 851 David
1555 821 1644 856 inquit
1658 820 1745 855 (Psal.
1756 827 1801 850 cx,

1010 877 1027 904 4
1036 878 1055 912 ).
1070 875 1255 909 Quamobrem
1270 873 1307 900 ita
1320 877 1347 900 te
1359 878 1499 906 compara,
1509 873 1539 896 ut
1551 875 1602 896 nec
1610 866 1803 902 desperatione

977 911 998 940 Β
1013 922 1158 957 frangaris,
1178 928 1230 949 nec
1243 920 1334 955 ipsum
1347 921 1520 946 contemnas.

208 971 320 999 Πάντων
337 979 384 999 σου
396 971 450 998 τῶν
466 971 640 1007 πραγμάτων
653 971 902 1007 κατευοδουμένων,
916 972 962 999 ἐκ.

170 1015 250 1051 δέχου
265 1016 428 1053 μεταϐολήν.
441 1017 497 1044 Καὶ
512 1017 593 1044 πάλιν
602 1017 655 1044 ὑπὸ
665 1017 877 1053 ἀπροσδοκήτων
892 1026 961 1052 συμ-
982 1039 984 1041 ,

171 1062 264 1097 φορῶν
282 1062 476 1098 κυκλούμενος,
502 1062 639 1098 φαντάζου
666 1063 702 1090 τὰ
718 1062 840 1098 χρηστὰ,
861 1062 908 1089 καὶ
926 1062 960 1089 τὰ

171 1106 326 1141 κρείττονα.

206 1152 244 1179 Οὐ
262 1151 315 1187 χρὴ
343 1152 488 1188 δυσφορεῖν
510 1152 556 1180 ἐπὶ
579 1153 636 1183 τοῖς
658 1151 864 1187 συμϐαίνουσιν,
891 1151 960 1178 ἀλλὰ

171 1198 272 1233 μᾶλλον
280 1198 424 1233 ἐπιθυμεῖν
437 1198 484 1225 ἐπὶ
493 1199 554 1230 ταῖς
567 1197 678 1230 πολλαῖς
689 1198 806 1232 θλίψεσι,
817 1197 867 1224 Διὰ
880 1197 959 1224 τοῦτο

169 1244 236 1278 γὰρ,
255 1244 347 1279 φησὶν,
365 1244 466 1279 ἕθλιψόι
490 1253 520 1270 σε
543 1243 592 1271 καὶ
617 1243 824 1279 ἐλιμαγχόνησά
849 1251 891 1274 σε,
907 1243 959 1269 ’ἵνα

168 1289 314 1325 ψωμισθῇς
329 1289 360 1316 τὸ
374 1289 464 1324 μάννα
486 1289 537 1325 τῆς
548 1289 688 1324 γνώσεως,
708 1289 756 1316 καὶ
778 1288 822 1315 ἐπ’
836 1287 959 1323 ἐσχάτων

169 1333 199 1362 εὖ
217 1343 248 1361 σε
266 1335 382 1370 ποιήσω.

210 1381 239 1407 ’0
251 1380 304 1408 τῶν
313 1380 466 1417 ἀνθρώπων
480 1381 538 1416 βίος
547 1381 725 1416 ὁμοιούμενος
736 1380 860 1415 πελάγει,
874 1388 959 1415 κυμα-

169 1426 265 1459 τώσεις
281 1428 328 1454 καὶ
347 1427 467 1463 στροφὰς
493 1427 625 1459 παντοίας
641 1427 829 1463 προσδέχεται.
844 1426 916 1453 κατά
928 1434 958 1452 τε

168 1473 321 1509 εὐπραγίας
337 1474 386 1500 καὶ
399 1473 603 1508 κακοπραγίας.
615 1473 736 1508 Ἴδρυται
748 1474 802 1507 γὰρ
816 1472 893 1499 οὐδὲν
903 1473 958 1499 τῶν

173 1518 305 1554 γηγενῶν,
321 1519 390 1546 ἀλλά
403 1517 456 1546 ὧδε
471 1519 584 1546 κάκεῖσε
598 1519 776 1554 διαφέρεται,
793 1517 838 1545 οἷα
853 1518 958 1552 σκάφος

169 1563 334 1592 θαλαπεῠον
348 1565 395 1592 ὑπ’
412 1564 543 1592 ἐναντίων
554 1563 736 1600 πραγμάτων.

170 1656 262 1696 ΤΙΤΛ.
278 1655 330 1696 ιβ’.
339 1656 451 1696 -Τηερὶ
465 1655 610 1696 εὐθηιςιιξς
620 1654 670 1696 καὶ
683 1654 841 1696 εὐπορίας·
856 1653 963 1696 καῑηῦτι

204 1690 318 1753 ἓγὸέἶιΐς
333 1688 488 1726 εὐπορίαις
507 1689 592 1725 φιλεῖ
615 1690 652 1717 τὰ
673 1688 869 1724 ἁμαρτήματα
881 1688 963 1724 τινε-

209 1792 219 1809 ι
237 1782 362 1816 Ἔφαγεν
387 1781 496 1814 Ἰακὼϐ,
513 1780 562 1808 καὶ
576 1780 742 1817 ἐνεπλήσθη,
755 1781 802 1809 καὶ
813 1781 962 1809 ἀπελάκτι-

172 1838 217 1857 σεν
230 1830 245 1856 ὁ
258 1828 449 1864 ὴγαπημένος.
470 1837 481 1854 ι

209 1884 220 1902 ι
239 1874 338 1909 Φαγὼν
355 1873 403 1901 καὶ¹
430 1873 611 1910 ἐμπλησθεὶς,
641 1873 760 1911 πρόσεχε
777 1874 896 1910 σεαυτῷ,
924 1874 962 1910 μὴ

171 1920 289 1956 ἐπιλάθῃ
302 1919 407 1956 Κυρίου
420 1920 468 1947 τοῦ
480 1920 549 1948 Θεοῦ
563 1929 622 1948 σου.
640 1929 649 1946 ι

209 2022 217 2038 ι
233 2012 280 2048 Μὴ
306 2010 413 2046 φαγὼν,
433 2011 480 2039 καὶ
506 2011 686 2047 ἐμπλησθεὶς,
711 2012 758 2038 καὶ
771 2011 859 2044 οἰκίας
877 2012 963 2045 καλὰς

170 2057 364 2093 οἰκοδομήσας,
390 2058 438 2084 καὶ
463 2059 632 2093 κατοικήσας
659 2059 688 2084 ἐν
707 2058 814 2092 αὑταῖς,
842 2059 892 2085 καὶ
908 2059 963 2086 τῶν

171 2103 316 2138 προϐάτων
335 2112 394 2135 σου,
413 2103 462 2130 καὶ
475 2104 530 2131 τῶν
540 2104 609 2139 βοῶν
622 2113 671 2131 σου
683 2104 963 2141 πληθυνοέντων,νάρ-

172 2149 268 2184 γυρίου
284 2149 333 2176 καὶ
351 2149 467 2185 χρυσίου
486 2149 697 2185 πληθυνθέντων
717 2158 770 2183 σοι,
793 2150 831 2186 μὴ
851 2150 963 2186 semen;

171 2194 201 2221 ἐν
217 2194 251 2229 τῇ
267 2194 367 2230 καρδίᾳ
384 2202 441 2221 σου.
459 2203 469 2219 ι

1046 968 1115 996 Cum
1133 974 1180 995 res
1194 973 1289 993 omnes
1303 968 1357 992 tuae
1368 971 1402 991 ex
1416 960 1552 991 sententia
1563 959 1726 990 succedunt,
1742 963 1802 983 mu-

1011 1015 1144 1043 tationem
1156 1015 1298 1048 exspeeta.
1314 1010 1354 1039 Ac
1368 1015 1466 1036 rursus
1480 1015 1543 1035 eum
1561 1004 1713 1040 inopinatis
1729 1003 1801 1030 cala-

1011 1059 1154 1087 mitatibus
1180 1047 1303 1092 undique
1327 1053 1478 1086 obsideris,
1501 1051 1617 1080 meliora
1642 1052 1670 1077 et
1697 1047 1802 1075 leniora

1010 1106 1113 1134 eozita.

1044 1120 1045 1128 η
1065 1114 1113 1134 ua.

1044 1114 1085 1178 δὴ
1099 1149 1231 1177 adversos
1247 1153 1340 1175 rerum
1359 1146 1474 1173 eventus
1492 1139 1659 1170 diseruciari
1689 1137 1802 1165 minime

1009 1196 1151 1228 convenit,
1162 1200 1258 1222 verum
1273 1194 1300 1220 in
1315 1190 1409 1219 multis
1421 1187 1614 1217 alllictionibus
1627 1185 1700 1213 bono
1710 1183 1802 1211 animo

1009 1250 1082 1280 esse.
1101 1241 1142 1269 0b
1172 1247 1233 1268 eam
1250 1239 1324 1267 enim
1341 1243 1455 1264 causam
1476 1233 1560 1262 alllixi
1587 1237 1623 1266 te,
1645 1230 1745 1266 inquit,
1774 1233 1802 1256 et

1009 1278 1082 1317 fame
1094 1287 1230 1324 oppressi,
1240 1290 1270 1314 ut
1280 1284 1405 1313 scientiae
1413 1289 1514 1311 manna
1525 1281 1633 1313 odores,
1643 1286 1676 1306 ac
1683 1278 1802 1313 benigne

1010 1335 1119 1363 tandem
1136 1334 1186 1362 tibi
1202 1333 1333 1360 facerem.

1045 1380 1115 1409 Vitae
1127 1379 1271 1408 hominum
1295 1376 1383 1405 maris
1398 1375 1487 1402 instar
1500 1373 1601 1400 ﬂuctus
1626 1371 1800 1401 innumeros,

1009 1427 1169 1462 variasque,
1189 1429 1247 1452 tum
1263 1424 1290 1451 in
1310 1421 1463 1459 prosperis,
1482 1424 1540 1447 tum
1557 1419 1585 1445 in
1608 1415 1735 1443 adversis
1759 1422 1802 1442 rc-

1008 1473 1061 1501 bus
1078 1472 1246 1500 mutationes
1268 1468 1400 1497 admittit.
1423 1467 1517 1501 Neque
1531 1465 1604 1492 enim
1628 1466 1802 1490 terrenarum

1009 1525 1100 1546 rerum
1117 1517 1269 1552 quidquam
1293 1515 1400 1541 ﬁrmum
1428 1516 1455 1539 et
1483 1510 1582 1539 stabile
1605 1512 1649 1536 est
1676 1516 1684 1535 :
1707 1513 1802 1534 verum

972 1575 994 1604 ο
1011 1565 1066 1593 huc
1082 1567 1166 1598 atque
1192 1562 1259 1590 illuc
1281 1568 1333 1588 ceu
1353 1559 1433 1587 navis
1454 1557 1545 1585 ventis
1565 1554 1666 1584 validis
1688 1554 1802 1589 agitata,

1013 1611 1112 1639 fertur.

1012 1657 1081 1685 TIT.
1099 1655 1157 1683 ΧΙΙ.
1174 1670 1207 1675 -
1220 1654 1259 1681 De
1279 1651 1445 1680 abundantia
1463 1654 1487 1678 et
1507 1649 1647 1684 fertilitate
1665 1656 1674 1675 :
1695 1651 1719 1674 et
1732 1649 1805 1682 quod

1138 1698 1169 1718 eo
1183 1694 1298 1724 tempore
1311 1691 1420 1723 peccata
1435 1685 1541 1721 patrari
1555 1684 1666 1711 soleant.

1048 1782 1127 1809 Deut.
1144 1788 1231 1812 xxx",
1246 1779 1290 1807 l5.
1307 1793 1340 1799 -
1354 1787 1365 1804 ι
1381 1775 1508 1805 Comedit
1519 1774 1615 1807 Iacob.
1628 1773 1803 1808 repletusque

1011 1831 1067 1862 est,
1085 1831 1114 1855 et
1130 1824 1316 1854 recalcitravit
1334 1823 1464 1851 dilectus.
1485 1831 1495 1847 ι

1049 1874 1127 1901 Deut.
1141 1880 1180 1906 vI,
1201 1873 1246 1900 12.
1259 1885 1296 1891 ——
1312 1880 1322 1897 ι
1341 1870 1409 1898 Cum
1429 1867 1585 1896 comederis
1605 1870 1632 1894 et
1660 1868 1802 1893 saturatas

1013 1920 1117 1953 fueris,
1136 1918 1246 1946 attende
1272 1917 1334 1950 tibi,
1361 1923 1395 1944 ne
1420 1913 1596 1943 obliviscaris
1621 1910 1740 1940 Domini
1755 1910 1802 1938 Dei

1012 1966 1063 1994 tui.
1079 1974 1090 1991 ι

1049 2011 1126 2038 Deut.
1142 2007 1317 2042 muli-14.
1334 2022 1368 2028 --
1390 2015 1399 2032 ι
1419 2005 1459 2034 Ne
1484 2011 1547 2033 cum
1576 2001 1752 2033 comederis,
1777 2003 1804 2027 et

1013 2058 1155 2084 ssturatus
1170 2052 1266 2084 fueris,
1279 2056 1308 2080 et
1320 2051 1418 2079 domos
1439 2048 1629 2081 mdilicaveris,
1653 2050 1681 2074 et
1696 2045 1803 2072 habita-

1013 2102 1086 2131 veris
1098 2101 1128 2129 in
1144 2100 1196 2132 eis,
1212 2105 1330 2134 cumque
1350 2104 1416 2125 oves
1431 2101 1485 2124 tuae
1505 2099 1533 2123 et
1548 2095 1633 2122 boves
1649 2092 1687 2120 lui
1710 2090 1804 2118 multi-

1012 2146 1107 2183 plicati
1127 2145 1238 2178 iuerint,
1250 2147 1278 2171 et
1295 2142 1508 2177 multiplicatum
1530 2139 1614 2167 fuerit
1634 2137 1685 2165 tibi
1704 2143 1803 2164 aurum

1012 2197 1041 2221 et
1054 2194 1211 2227 argentum,
1225 2188 1368 2218 extollaris
1378 2187 1406 2214 in
1423 2185 1509 2214 corde
1522 2187 1582 2212 tuo.
1596 2193 1606 2210 ι

209 2248 219 2265 ι
237 2227 338 2274 δαγων
351 2227 400 2266 καὶ
412 2240 483 2266 πιὼν
498 2239 616 2276 πρόσεχε
633 2240 740 2276 σεαυτῷ
750 2261 758 2274 ,
782 2241 820 2277 μὴ
837 2240 961 2277 πλανηθῇ

1050 2238 1130 2265 Prov.
1149 2245 1228 2270 χχιιι,
1247 2236 1273 2263 1.
1293 2249 1329 2255 —
1346 2243 1356 2260 ι
1373 2233 1441 2261 Cum
1465 2231 1620 2260 comederis
1644 2232 1672 2257 et
1686 2227 1802 2260 biberis,

170 2284 188 2320 ἡ
199 2284 299 2320 καρδία
311 2293 369 2318 σου,
383 2284 422 2320 μὴ
438 2285 583 2320 άπατηθῇς
600 2286 630 2313 ὲν
640 2286 775 2323 χορτασίᾳ
791 2287 906 2320 κοιλίας.
922 2297 932 2313 ι

209 2383 220 2399 ι
243 2373 483 2409 Ἔμεγαλύνθησαν
507 2374 555 2401 καὶ
570 2374 751 2410 ἐπλούτησαν·
767 2375 962 2412 ἐλιπάνῦησαν,

172 2418 390 2500 ἵξτεατώθησαν,
406 2419 455 2446 καὶ
469 2419 629 2456 παρέϐησαν
643 2419 742 2454 λόγους
757 2428 809 2456 μου
825 2421 866 2453 είς
879 2429 963 2458 πονη-

206 2473 231 2491 ν.
251 2473 261 2490 ι

210 2521 219 2537 ι
236 2509 322 2538 Τοῦτο
333 2511 464 2547 ἀνόμημα
475 2511 612 2547 Σοδόμων,
632 2511 673 2539 ὃτι
688 2512 716 2539 ἐν
730 2512 906 2549 ὑπερηφανίᾳ
916 2514 963 2541 καὶ

173 2556 315 2592 πλησμονῇ
331 2557 433 2592 ἄρτων,
458 2557 505 2584 καὶ
533 2558 563 2585 ἐν
577 2557 690 2594 εὐθηνίᾳ
716 2559 787 2586 οῐνου
803 2559 963 2587 ἐσπατάλων

171 2602 242 2638 αὕτη
255 2602 302 2630 καὶ
312 2603 342 2630 αἱ
356 2602 505 2639 θυγατέρες
517 2603 611 2639 αὐτῆς,
622 2604 669 2631 καὶ
681 2605 771 2640 χειρδς
780 2605 907 2641 πτωχοῦ,
916 2606 963 2632 καὶ

172 2648 288 2684 πένητος
302 2649 352 2676 οὐκ
365 2649 608 2685 ἀντελαμϐάνοντο,
626 2650 674 2677 καὶ
687 2650 819 2686 ἐποίησαν
833 2651 962 2687 ἀνόμημα

172 2693 288 2722 ἐνώπιόν
305 2703 368 2731 μου.
387 2705 397 2722 ι

192 2784 199 2793 1
211 2748 221 2765 ι
236 2740 357 2793 Πρόσεχε
386 2740 425 2777 μὴ
449 2736 654 2778 ἀποπλανηθῇς,
684 2742 730 2769 καὶ
748 2742 920 2778 ταπεινωθῇς
934 2743 963 2770 ἐν

173 2793 328 2822 ευφροσυνῃ
351 2795 409 2814 σου.
429 2796 439 2814 1

208 2830 241 2858 Δί
255 2830 376 2866 εὐθηνίαι
405 2832 451 2859 τοῦ
480 2832 537 2868 βίου
560 2833 620 2862 ἀντὶ
643 2834 826 2871 πειρατηρίων
843 2835 961 2870 γίνονται

174 2877 229 2918 τοῖς
244 2877 359 2916 πολλοῖς

1013 2285 1122 2313 attende
1135 2283 1184 2311 tibi
1200 2283 1304 2319 ipsi,ne
1318 2281 1448 2309 dilatetur
1467 2286 1517 2307 cor
1533 2283 1620 2306 tuum.
1634 2275 1674 2304 Ne
1686 2275 1804 2303 seduca-

1012 2332 1053 2360 ris
1064 2332 1093 2359 in
1107 2330 1237 2358 alimonia
1255 2328 1369 2357 ventris.
1391 2337 1401 2354 ι

1049 2375 1128 2411 507
1145 2374 1245 2403 Jerem.
1260 2382 1288 2405 v,
1303 2373 1349 2400 28.
1361 2386 1397 2393 -—-
1417 2381 1426 2397 ι
1446 2367 1611 2404 Magniﬁcali
1632 2371 1706 2398 sunt,
1721 2370 1746 2393 et
1759 2363 1802 2392 di-

1012 2422 1085 2449 vites
1099 2420 1163 2448 i’acti
1179 2423 1244 2448 sunt
1256 2417 1430 2454 impinguati,
1444 2421 1473 2444 et
1487 2415 1566 2450 adipe
1577 2413 1653 2442 obesi
1665 2421 1674 2446 ;
1692 2416 1719 2440 et
1733 2418 1802 2447 prae-

1013 2465 1128 2495 varicati
1141 2469 1207 2494 sunt
1221 2471 1364 2494 sermones
1380 2470 1457 2491 meos
1472 2462 1499 2489 in
1516 2460 1630 2488 malum.
1652 2468 1662 2485 ι

1049 2512 1147 2540 Ezeclt.
1162 2519 1218 2544 va,
1230 2510 1275 2543 49,
1289 2509 1333 2538 50.
1346 2524 1381 2529 -
1405 2518 1414 2535 ι
1433 2508 1497 2535 Haec
1515 2510 1557 2535 est
1568 2505 1700 2540 iniquitas
1717 2503 1804 2532 Sodo-

1014 2567 1075 2592 ma,
1088 2558 1153 2594 quia
1169 2558 1196 2585 in
1212 2555 1353 2592 superbia,
1367 2558 1395 2584 et
1421 2553 1568 2583 saturitate
1594 2558 1707 2587 panum,
1729 2553 1756 2576 et
1777 2548 1805 2576 in

1013 2604 1183 2634 abundantia
1195 2603 1251 2632 vini
1273 2602 1421 2631 luxuriata:
1440 2604 1517 2634 sunt,
1539 2599 1598 2627 haec
1617 2602 1645 2625 et
1659 2597 1720 2624 illia:
1732 2595 1804 2630 ejus,

1013 2655 1040 2679 et
1049 2658 1149 2683 manus
1163 2648 1295 2686 pauperis
1303 2652 1331 2677 et
1345 2647 1424 2684 egeni
1442 2654 1497 2675 non
1513 2644 1766 2681 apprehenderunt,
1778 2647 1806 2670 et

1013 2697 1109 2733 inique
1123 2701 1341 2732 egernnteoram
1356 2702 1410 2723 me.
1425 2703 1435 2721 ›

1050 2743 1134 2771 Eccli.
1152 2750 1213 2775 ml,
1234 2742 1261 2770 8.
1274 2757 1308 2762 —
1321 2751 1331 2768 ι
1350 2741 1423 2770 Cave
1435 2749 1470 2769 ne
1485 2739 1641 2772 seducarls,
1656 2741 1740 2774 atque
1754 2736 1802 2764 hu-

1014 2789 1130 2817 milieris
1148 2789 1176 2816 in
1194 2788 1291 2816 laetitia
1305 2791 1362 2815 tua.
1380 2797 1390 2814 ι

1050 2835 1078 2862 S.
1094 2835 1179 2862 Βαεῑι.
1200 2850 1234 2855 -
1248 2834 1318 2862 Vitae
1335 2834 1533 2870 prosperitates
1545 2831 1730 2861 tentationum
1746 2830 1806 2858 loco

1016 2880 1154 2916 plerisque
1170 2880 1343 2916 contingunt.
