2056 3113
266 153 337 188 153!

868 152 898 183 s.
919 151 1078 184 IOANNIS
1094 134 1312 182 DAMASCENI

1843 147 1917 180 I532

301 210 413 247 Didymi
427 213 521 239 contra
544 209 717 238 Mariis/mos.
735 225 770 230 —
783 209 879 238 Solent
899 212 1011 245 peccata
1027 216 1060 236 ex

1148 208 1257 235 Φιλοῦσι
1282 208 1316 235 τά
1333 206 1521 243 ἁμαρτήματα
1549 206 1582 233 ἐκ
1608 206 1726 242 πλήθους
1749 205 1848 241 ὄχλων,
1865 202 1915 232 καὶ

267 257 472 286 inconditarum
486 256 630 284 turbarum
649 255 838 289 multitudine,
862 260 890 284 et
906 262 998 283 rerum
1016 261 1064 283 ne-

267 304 452 333 cessariarum
468 303 637 331 abundantia
654 302 745 331 nasci.

268 368 337 397 TIT.
371 367 442 396 XIII.
470 383 505 389 -—
532 368 572 396 De
595 368 721 404 insidiis,
751 372 776 396 et
804 367 838 397 iis
865 367 910 404 qui
934 367 1064 402 proximis

578 403 752 432 insidiantur.

303 463 381 491 Psal.
404 471 455 497 vn,
483 463 527 491 15.
545 478 581 484 —
609 471 620 490 ‹
646 463 750 491 Lacum
770 463 889 498 aperuit,
909 467 940 492 et
970 463 1067 492 efl’odit

268 516 343 540 cum,
358 512 386 536 et
397 508 501 536 incidet
515 507 542 535 in
561 507 667 535 l‘mream
685 515 767 543 quam
781 507 857 536 fecit.
877 517 888 534 ι

308 554 384 582 Part.
400 562 439 587 Ix,
456 554 500 582 16.
516 570 552 575 —-
565 563 575 580 ι
592 554 622 582 1η
634 553 734 589 laqueo
747 561 831 590 quem
848 554 1066 588 absconderant,

270 599 491 635 comprehensus
505 604 547 627 est
560 607 609 634 pes
622 607 730 628 eorum.
747 609 757 626 ι

308 645 384 673 Ρεαί.
402 653 457 678 Lvt,
474 645 499 673 7.
514 661 548 667 —-—
571 655 580 671 ι
600 644 741 673 Foderunt
769 650 835 673 ante
862 645 962 674 faciem
980 653 1067 674 meam

273 689 391 723 foveam,
408 694 435 718 et
452 689 609 717 inciderunt
628 690 655 717 in
675 697 745 717 eam.
766 699 775 716 ι

308 735 384 762 Psal.
404 743 467 770 οη,
482 735 524 763 lo.
539 751 575 756 —
593 745 601 762 ι
619 735 726 764 Cadent
741 736 769 764 in
783 736 919 765 retiaculo
939 743 990 764 suo
1001 744 1068 772 pec-

272 784 394 809 catores.
412 790 422 807 ι

308 827 388 856 Prov.
402 836 477 861 xxvt,
492 827 538 857 27.
555 843 590 849 —
610 838 620 855 ι
641 828 692 863 Qui
705 829 775 857 fodit
790 828 909 863 foveam,
921 829 1027 859 incidet
1042 829 1069 859 in

1115 255 1243 290 εὐθηνίας
1257 254 1312 282 τῶν
1329 253 1486 288 ἀναγκαίων
1503 252 1656 281 τίκτεσθαι.

1116 367 1206 394 ΤΙΤΛ.
1222 367 1307 395 1Γ¹,-
1315 366 1385 401 Περὶ
1393 366 1625 400 ἐπιϐουλῆς,καῑ
1639 365 1917 394 τῶνέπιεουλευόν-

1365 411 1425 429 των
1443 401 1505 435 τοῖς
1518 401 1664 436 πλησίον.
1904 434 1918 443 χ

1155 467 1165 485 ι
1185 458 1294 486 Λάκκον
1311 458 1426 494 ὤρυξεν,
1435 458 1483 490 καὶ
1497 457 1652 493 ἀνέσκαψεν
1666 456 1760 493 αὐτὸν,
1771 457 1818 485 καὶ
1827 457 1916 492 ἐμπε-

1119 505 1205 532 σεῖται
1222 504 1262 536 εἰς
1280 503 1386 540 βόθρον,
1405 512 1415 530 ι

1156 559 1165 576 ι
1193 549 1237 576 Ἐν
1249 548 1343 584 παγίδι
1358 548 1444 585 ταύτῃ
1491 548 1625 585 ἔκρυψαν,
1650 548 1804 584 συνελήφθη
1816 549 1830 576 δ
1843 548 1916 581 ποῦς

1119 595 1218 622 αὐτῶν.
1233 603 1244 621 ι

1158 651 1167 667 ‹
1188 641 1308 677 Ὠρυξαν
1323 641 1376 677 πρδ
1391 640 1538 676 προσώπου
1556 649 1607 677 μου
1621 640 1730 677 βόθρον,
1756 640 1805 668 καὶ
1816 640 1916 668 ἐνέπε-

1121 697 1170 715 σαν
1183 688 1223 719 είς
1235 687 1328 715 αὐτόν.
1346 696 1356 714 ι

1158 743 1167 760 ι
1182 732 1333 760 Πεσοῦνται
1350 734 1379 760 ἐν
1394 732 1596 769 ἀμφιϐλήστρῳ
1625 732 1715 760 αὐτῶν
1735 732 1761 759 οι
1777 732 1919 770 ἁμαρτω-

1120 779 1170 808 λοί.
1190 789 1201 805 ι

1160 835 1170 852 ι
1192 825 1222 852 Ὁ
1236 824 1360 860 ὀρύσσων
1376 824 1474 861 βόθρον
1494 824 1533 860 τῷ
1559 823 1679 860 πλησίῳ,
1695 823 1857 860 ἐμπεσεῖται
1875 824 1920 856 είς

272 881 354 907 cam;
373 878 401 902 et
417 874 464 909 qui
487 874 570 902 volvit
591 874 721 910 lapidem,
736 879 890 903 revertetur
910 876 944 903 ad
962 884 1035 904 eum.
1055 887 1065 903 ι

1125 872 1210 900 χυτόν.
1236 871 1265 898 '0
1279 871 1307 898 δὲ
1322 871 1422 898 κυλίων
1438 870 1523 904 λίθον,
1539 871 1581 905 ἐφ’
1598 870 1695 897 ἑαυτὸν
1706 871 1803 898 κυλιεῖ.
1823 880 1833 897 ι

308 920 388 947 Prov.
408 928 484 954 χχιχ,
500 920 526 947 5.
543 936 577 941 ——
595 929 604 946 ‹
622 919 709 948 Ilomo
736 921 782 954 qui
811 925 948 956 prmparat
975 930 1068 951 coram

273 966 363 993 amico
378 973 429 994 suo
450 970 518 1000 rete,
536 966 590 995 hoc
608 967 723 994 involvit
742 967 857 1003 pedibus
878 968 947 996 suis.
968 978 977 995 ι

309 1012 397 1040 Eccle.
418 1021 446 1045 ι,
476 1012 504 1040 8.
521 1028 555 1033 -
574 1022 583 1039 ι
602 1012 655 1046 Qui
684 1013 752 1041 fodit
772 1013 890 1047 foveam,
918 1014 1022 1041 incidet
1042 1014 1069 1042 in

271 1064 332 1093 eam
344 1066 351 1090 ;
365 1061 392 1084 et
402 1057 449 1092 qui
463 1057 579 1092 dissipat
592 1065 696 1093 sepem,
710 1058 845 1086 mordebit
858 1066 921 1086 eum
932 1059 1047 1087 coluber
1061 1068 1068 1087 :

272 1103 320 1138 qui
335 1102 426 1130 aufert
442 1103 558 1138 lapides,
575 1102 712 1139 affligetur
726 1104 753 1130 in
771 1103 822 1131 eis.
843 1113 852 1129 ι

308 1148 392 1176 Eccli.
410 1156 496 1181 xxvn,
512 1148 556 1176 29.
570 1164 605 1170 η-
621 1158 630 1175 (
651 1149 703 1182 Qui
729 1148 837 1177 foveam
861 1149 948 1183 fodit,
969 1150 1071 1178 incidet

272 1196 300 1222 in
318 1202 378 1222 eam
398 1203 405 1223 :
422 1199 449 1223 et
473 1194 519 1230 qui
538 1195 634 1223 statuit
650 1196 788 1230 laqueum,
813 1196 840 1223 in
862 1196 911 1224 illo
937 1198 1069 1232 capietur.

272 1241 306 1268 Et
320 1241 366 1276 qui
382 1241 447 1269 facit
465 1242 547 1274 mala,
562 1241 589 1269 in
602 1242 644 1270 eis
654 1241 825 1275 devolvetur,
839 1248 864 1270 et
877 1243 982 1270 nesciet
999 1242 1071 1271 unde

271 1287 384 1314 veniant
403 1287 466 1322 ipsi.
486 1297 495 1314 ›

309 1332 338 1360 S.
358 1332 428 1360 Nili.
441 1348 477 1354 —
496 1333 587 1367 Quare
603 1333 777 1369 discipulus?
794 1343 880 1370 quare
897 1335 979 1362 etiam
1003 1335 1070 1363 insi-

272 1378 375 1412 diator,
391 1379 524 1415 magistro
541 1388 591 1408 suo
619 1380 734 1408 insidias
764 1387 894 1413 struens,
918 1386 946 1409 et
972 1381 1070 1410 Judam

273 1424 351 1453 illum
363 1426 517 1458 aemulatur,
534 1426 581 1462 qui
597 1426 720 1462 magistri
733 1427 776 1454 sui
788 1427 914 1462 proditor
924 1428 1047 1456 exstitit?
1057 1438 1066 1455 ι

1158 927 1168 944 ι
1185 919 1235 948 Ὃς
1257 917 1498 953 παρασκευάζεται
1512 917 1559 943 ἐπὶ
1571 915 1718 951 πρόσωπον
1744 916 1792 943 τοῦ
1817 915 1920 943 ἐαυτοῦ

1121 962 1198 998 φίλου
1217 962 1335 995 δίκτυον,
1358 961 1518 999 περιϐάλλει
1532 963 1588 994 τοῖς
1606 961 1704 989 ἑαυτοῦ
1717 962 1806 989 ποσίν.
1819 971 1829 988 ι

1159 1018 1168 1034 ι
1193 1009 1222 1036 '0
1235 1008 1359 1045 ὀρύσσων
1378 1008 1487 1044 βόθρον,
1513 1009 1555 1040 είς
1573 1007 1654 1035 αὐτὸν
1669 1009 1841 1043 ἐμπεσεῖται,
1869 1008 1922 1035 καὶ

1121 1053 1302 1090 καθαιροῦντα
1319 1054 1457 1090 φραγμὸν,
1479 1053 1588 1090 δήξεται
1603 1053 1686 1082 αὑτὸν
1707 1053 1769 1088 δξις
1780 1062 1786 1069 ·
1801 1053 1922 1090 ἐξαιρῶν

1120 1100 1210 1132 λίθους
1226 1100 1458 1136 διαπονηθήσεται
1474 1101 1504 1127 ὲν
1515 1100 1617 1133 αὐτοῖς.
1638 1110 1647 1126 ι

1159 1156 1168 1172 ι
1192 1147 1222 1173 '0
1239 1146 1364 1182 ὀρύσσων
1390 1146 1486 1181 βόθρον
1499 1147 1539 1178 είς
1559 1146 1640 1173 αὐτὸν
1656 1146 1827 1181 ἐμπεσεῖται,
1844 1145 1891 1172 καὶ
1907 1147 1923 1172 ὁ

1122 1193 1203 1220 ίστῶν
1218 1192 1331 1226 παγίδα,
1347 1193 1376 1220 ἐν
1390 1193 1459 1228 αὐτῇ
1474 1192 1620 1220 ἁλώσεται.
1643 1192 1673 1218 't‘)
1689 1192 1774 1220 ποιῶν
1798 1193 1921 1227 πονηρὰ,

1121 1239 1161 1270 είς
1175 1238 1245 1265 αὐτὰ
1264 1237 1470 1274 κυλισθήσεται,
1500 1239 1546 1265 καὶ
1574 1239 1605 1265 οὐ
1638 1238 1675 1274 μὴ
1702 1237 1807 1274 ἐπιγνῷ
1834 1238 1923 1265 πόθεν

1122 1284 1196 1319 ἥκει.
1218 1294 1227 1311 ι

1157 1330 1206 1357 Διὰ
1220 1330 1247 1357 τί
1266 1329 1410 1366 μαθητής;
1429 1329 1474 1357 διὰ
1495 1330 1522 1357 τί
1545 1330 1594 1357 καὶ
1618 1330 1772 1363 ἐπίϐουλος,
1793 1329 1832 1366 τῷ
1860 1329 1925 1366 ῑδὶῳ

1121 1375 1275 1412 διδασκάλῳ
1289 1376 1483 1408 ἐπιϐουλεύων,
1510 1376 1558 1403 καὶ
1571 1376 1617 1404 τὸν
1638 1376 1739 1404 Ἰούδαν
1754 1377 1861 1404 ἐκεῖνον
1875 1386 1925 1412 μι-

1123 1421 1272 1457 μούμενος,
1303 1422 1349 1450 τοῦ
1366 1422 1432 1451 ίδίου
1456 1422 1618 1450 διδασκάλου
1647 1423 1781 1459 προδότην
1805 1423 1924 1459 γενόμε-

1121 1475 1182 1500 νον;
1201 1477 1210 1494 ι

276 1545 345 1583 ΤΙΤ.
361 1546 433 1574 XIV.
444 1562 481 1583 7-—
494 1546 534 1574 De
553 1546 714 1583 inimicis,et
729 1554 793 1583 casu
810 1547 928 1581 ipsorum
938 1555 948 1579 ;
960 1551 984 1574 et
1000 1548 1070 1583 quod

1125 1545 1213 1583 TITA.
1231 1545 1317 1583 IA_’.-—_
1325 1545 1394 1583 ηερὶ
1409 1545 1524 1583 ᾃχθρῶγ
1535 1546 1585 1583 καὶ
1598 1547 1739 1583 ξτώσεως
1749 1547 1861 1575 αὐτῶν·
1869 1550 1923 1576 καὶ

309 1582 342 1609 de
372 1582 542 1609 inimicorum
568 1582 722 1609 calamitate
751 1582 859 1609 minime
886 1583 921 1609 sit
952 1583 1070 1618 gauden-

308 1617 382 1644 dum.

311 1673 392 1701 Prov.
411 1681 486 1706 xxiv,
502 1673 592 1701 l7.——
614 1682 624 1700 ί
643 1673 673 1701 Si
694 1673 827 1701 ceciderit
849 1673 978 1702 inimicus
997 1678 1070 1709 tuus,

274 1727 310 1747 ne
329 1718 450 1754 gaudeas
467 1726 549 1754 super
563 1727 625 1746 eum
639 1727 647 1752 ;
668 1726 758 1754 neque
773 1719 801 1746 in
816 1719 894 1754 lapsu
908 1720 996 1755 ipsius
1013 1721 1074 1756 glo-

275 1765 349 1793 riare
365 1773 372 1793 ε
387 1765 453 1800 quia
471 1765 574 1793 videbit
593 1765 738 1798 Dominus,
756 1769 783 1793 et
811 1772 867 1792 non
889 1765 1008 1800 placebit
1022 1766 1073 1799 illi,

273 1814 303 1838 et
317 1813 422 1839 avertet
437 1810 506 1838 iram
523 1817 602 1838 suam
615 1810 650 1838 ab
662 1810 734 1846 ipso.
753 1809 793 1838 Ne
803 1810 905 1838 laeteris
916 1818 999 1846 super
1011 1812 1073 1839 illos

275 1856 323 1892 qui
341 1856 415 1884 male
428 1861 524 1891 agunt.
544 1866 554 1883 ι

310 1901 391 1929 Prov.
411 1910 477 1932 xxv.
492 1902 539 1930 2i.
557 1918 591 1924 —
609 1912 618 1928 ι
637 1902 667 1930 Si
694 1903 826 1932 esurierit
850 1904 980 1931 inimicus
997 1907 1072 1936 tuus,

275 1948 338 1976 ciba
356 1948 450 1981 illum;
464 1949 486 1976 si
505 1949 616 1982 sitierit,
632 1954 695 1984 pota
706 1957 781 1978 eum.
797 1949 854 1978 lloc
869 1951 942 1978 enim
958 1950 1072 1982 faciens,

276 1994 411 2022 carbones
436 1994 507 2030 ignis
531 1995 645 2031 colliges
664 2003 747 2031 super
769 2001 852 2032 caput
873 1997 958 2029 illius,
979 2002 1006 2024 et
1021 1996 1074 2024 Do-

277 2039 370 2067 minus
383 2040 478 2068 reddet
493 2041 554 2068 tibi.
573 2051 583 2068 ι

313 2083 397 2113 Miclr.
412 2093 461 2118 vn,
477 2085 504 2113 8.
523 2100 557 2108 —-
576 2096 585 2112 ι
601 2086 640 2115 Ne
653 2087 771 2115 insultes
783 2087 861 2121 mihi,
875 2087 986 2116 inimica
1002 2095 1072 2122 mea,

276 2130 342 2166 quia
357 2131 463 2160 cecidi:
480 2139 623 2168 resurgam
637 2133 721 2161 enim.
741 2141 751 2159 ι

313 2176 382 2204 Abd.
409 2185 430 2209 ι,
455 2177 499 2205 12.
517 2192 553 2198 -
570 2187 580 2204 ι
600 2177 638 2206 Ne
652 2178 754 2207 laeteris
772 2186 856 2214 super
872 2179 942 2208 filios
956 2179 1027 2208 Juda
1045 2180 1072 2207 in

1158 1580 1212 1618 ιᾷτιΔ
1301 1580 1348 1608 δεῖ
1366 1581 1482 1616 χαίρειν
1504 1581 1553 1609 ἐπὶ
1580 1581 1619 1616 τῇ
1649 1584 1836 1618 κακοπραγίᾳ
1862 1583 1926 1611 τῶν

1158 1614 1285 1650 ἐχθρῶν.

1162 1682 1171 1698 ι
1192 1672 1255 1699 Ἐὰν
1265 1672 1336 1708 πέσῃ
1350 1673 1365 1699 ὁ
1377 1672 1475 1709 ἐχθρός
1488 1681 1546 1707 σου,
1561 1671 1599 1709 μὴ
1622 1674 1759 1711 ἐπιχαρῇς
1781 1675 1869 1712 αὐτῷ,
1892 1677 1926 1704 ἐν

1123 1719 1152 1745 δὲ
1167 1717 1205 1753 τῷ
1221 1718 1440 1754 ὑποσκελίσματι
1455 1719 1538 1746 αὐτοῦ
1554 1719 1591 1755 μὴ
1612 1720 1738 1756 ἐπαίρου.
1750 1721 1811 1748 Ὀτι
1823 1722 1925 1757 ὄψεται

1124 1764 1237 1800 Κύριος,
1253 1764 1302 1791 καὶ
1313 1764 1364 1792 οὐκ
1391 1764 1486 1800 ἀρέσει
1506 1765 1592 1801 αὐτῷ,
1609 1765 1656 1792 καὶ
1685 1767 1854 1802 ἀποστρέψει
1874 1769 1925 1796 τὸν

1125 1810 1212 1845 θυμὸν
1240 1809 1323 1837 αὑτοῦ
1348 1809 1398 1837 ἀπ’
1419 1810 1512 1838 αὑτοῦ.
1542 1811 1733 1848 Β1ὴέπίχαιρε
1756 1813 1804 1840 ἐπὶ
1833 1822 1921 1842 κακο-

1124 1857 1221 1888 ποιοῖς.
1241 1864 1250 1882 ι

1162 1911 1172 1927 ι
1197 1901 1259 1928 Ἐὰν
1270 1903 1350 1938 πεινᾷ
1366 1902 1380 1928 ό
1393 1902 1490 1938 ἐχθρός
1503 1911 1563 1936 σου,
1578 1903 1686 1940 ψώμιζε
1701 1905 1793 1938 αὐτὸν,
1811 1907 1859 1933 καὶ
1871 1908 1924 1934 ἐὰν

1123 1947 1197 1982 διψᾷ,
1213 1947 1306 1980 πότιζε
1316 1947 1408 1976 αὐτόν.
1425 1948 1510 1975 Τοῦτο
1525 1950 1578 1985 γὰρ
1594 1950 1689 1983 ποιῶν,
1711 1951 1853 1986 ἄνθρακας
1869 1962 1926 1980 πυ-

1125 1988 1171 2027 ρὸς
1187 1993 1334 2028 σωρεύσεις
1349 1994 1395 2020 ἐπὶ
1414 1993 1464 2028 τὴν
1488 1994 1610 2030 κεφαλὴν
1629 1995 1726 2029 αὑτοῦ,
1753 1998 1800 2023 καὶ
1817 1999 1927 2034 Κύριος

1123 2038 1311 2065 άνταποδώσει
1328 2047 1369 2066 σοι
1386 2039 1488 2074 ἀγαθά.
1505 2049 1515 2067 ι

1163 2093 1173 2110 ι
1191 2085 1237 2119 Μὴ
1255 2085 1380 2121 ἐπίχαιρέ
1392 2087 1473 2122 μοι,ὴ
1489 2086 1575 2122 ἐχθρά
1586 2096 1651 2123 μου,
1662 2089 1703 2116 ὅτι
1720 2088 1863 2117 πέπτωκαι
1876 2093 1929 2119 καὶ

1124 2130 1180 2166 γὰρ
1193 2130 1393 2167 ἀναστήσομαι.
1414 2141 1423 2158 ι
1558 2140 1570 2146 κ

1164 2186 1173 2202 ι
1190 2176 1236 2212 Μὴ
1245 2177 1371 2212 ὲπίχαιρε
1382 2178 1429 2204 ἐπὶ
1440 2179 1497 2211 τοῖς
1509 2179 1578 2209 υἱοῖς
1598 2179 1686 2208 Ἰούδα
1697 2181 1726 2207 ἐν
1741 2181 1834 2218 ἡμέρᾳ
1846 2182 1932 2210 ἀπω-

277 2222 324 2250 dic
335 2222 500 2258 perditionis
514 2231 626 2259 eorum;
644 2228 672 2253 et
683 2232 718 2253 ne
729 2232 827 2261 magna
846 2225 968 2261 loquaris
984 2226 1010 2253 in
1028 2226 1072 2254 die

1125 2221 1201 2254 λείας
1224 2222 1326 2257 αὐτῶν,
1352 2223 1401 2251 καὶ
1417 2224 1454 2260 μὴ
1472 2225 1756 2265 μεγαλοῤῥημονήσῃς
1777 2229 1806 2254 ὲν
1828 2229 1930 2266 ἡμέρᾳ

278 2268 423 2304 angustiae.
441 2279 451 2295 ι

315 2313 413 2342 Ezech.
433 2323 496 2349 xxv,
511 2316 538 2348 6,
556 2316 582 2344 7.
597 2331 632 2337 —
650 2325 660 2343 ἰ
679 2316 744 2345 Ilaec
757 2317 825 2345 dicit
843 2317 975 2345 Dominus
993 2326 1000 2344 ε
1020 2317 1074 2346 Pro

278 2367 313 2389 co
326 2360 399 2396 quod
411 2361 536 2396 plausiin
551 2362 692 2395 manibus,
709 2367 736 2390 et
755 2363 903 2391 insonuiin
928 2363 997 2399 pede
1014 2367 1072 2397 tuo,

278 2411 306 2434 et
332 2406 472 2435 insultain
489 2414 522 2435 ex
548 2408 642 2436 animo
668 2414 716 2437 tuo
741 2417 826 2445 super
845 2414 947 2438 terram
968 2409 1073 2438 Israel:

280 2452 386 2481 idcirco
407 2461 458 2489 ego
482 2455 629 2482 extendam
654 2463 767 2483 manum
786 2464 874 2485 meam
893 2464 976 2492 super
998 2460 1034 2490 te,
1049 2462 1077 2485 et

279 2497 388 2526 tradam
401 2503 428 2527 te
440 2500 466 2527 in
481 2500 662 2536 direptionem
678 2501 817 2537 gentibus,
829 2506 856 2529 et
874 2501 1036 2530 interﬁciam
1050 2506 1077 2530 te

279 2551 313 2572 ex
328 2543 447 2579 populis,
462 2548 490 2572 et
504 2546 616 2580 perdam
637 2549 664 2574 te
683 2547 849 2582 perditione.
870 2556 879 2573 ι

317 2589 400 2626 503
426 2591 497 2619 Ibid.
526 2592 586 2620 5-5.
612 2608 648 2615 —
682 2601 693 2618 ι
714 2592 777 2621 Haec
805 2593 872 2621 dicit
907 2592 1040 2621 Dominus
1068 2603 1076 2622 :

281 2637 336 2666 Pro
347 2645 380 2666 eo
394 2638 468 2673 quod
496 2638 583 2674 gavisi
599 2639 667 2666 estis
681 2646 764 2674 super
774 2638 963 2667 sanctuarium
976 2647 1077 2672 meum,

281 2682 347 2716 quia
370 2683 504 2718 pollutum
530 2688 584 2716 est,
605 2687 633 2712 et
654 2691 738 2719 super
753 2685 865 2712 domum
888 2691 990 2717 meam,
1014 2685 1079 2719 quia

284 2726 398 2759 profecti
414 2731 478 2756 sunt
493 2728 520 2756 in
539 2729 726 2764 captivitatem
753 2738 760 2757 :
786 2729 890 2757 idcirco
908 2737 960 2764 ego
973 2730 1080 2757 tradam

286 2776 336 2797 vos
354 2771 418 2800 ﬁliis
437 2773 542 2801 Kedem
562 2775 590 2802 in
617 2775 825 2808 lizereditatem;
842 2780 869 2803 et
894 2780 998 2809 ponent
1023 2783 1082 2803 sar-

283 2815 364 2843 cinas
379 2823 444 2846 suas
456 2819 484 2846 in
504 2823 541 2852 tc,
559 2824 587 2848 et
607 2817 710 2855 ponent
724 2821 751 2848 in
769 2824 796 2848 tc
812 2821 931 2848 tentoria
950 2829 1012 2849 sua.
1028 2821 1082 2856 Ipsi

285 2860 433 2891 comedent
452 2863 557 2893 fructus
568 2868 641 2895 tuos.
662 2870 688 2894 et
709 2867 759 2901 ipsi
779 2867 875 2895 bibent
888 2867 1081 2905 pinguedinem

1124 2267 1252 2303 θλίψεως.
1270 2277 1280 2295 ι

1163 2323 1173 2340 ι
1192 2314 1260 2341 Τάδε
1278 2314 1352 2349 λέγει
1379 2315 1492 2351 Κύριοςο
1515 2316 1586 2343 Ἀνθ“
1607 2314 1644 2344 ὧν
1669 2318 1859 2353 ἐπεκρότησας
1892 2321 1929 2355 τῇ

1125 2361 1197 2396 χειρί
1212 2369 1271 2394 σου,
1286 2362 1335 2389 καὶ
1351 2361 1530 2398 ἐπεψόφησας
1546 2362 1585 2397 τῷ
1602 2363 1663 2390 ποδί
1682 2372 1740 2397 σου,
1758 2365 1805 2391 καὶ
1818 2365 1930 2400 ἐπέχα-

1127 2416 1177 2443 ρας
1190 2409 1223 2435 ἐκ
1237 2407 1328 2444 ψυχῆς
1343 2417 1390 2435 σου
1403 2409 1450 2436 ἐπὶ
1459 2409 1510 2445 τὴν
1524 2410 1577 2445 γῆν
1590 2410 1639 2437 τοῦ
1654 2410 1774 2446 Ἰσραὴλ,
1786 2411 1832 2439 διὰ
1845 2412 1930 2440 τοῦτο

1129 2453 1183 2480 ἰδοὺ
1195 2453 1252 2488 ἐγὼ
1263 2454 1364 2481 ἐκτενῶ
1390 2454 1439 2491 τὴν
1452 2455 1532 2490 χεῖρά
1549 2464 1601 2491 μου
1619 2456 1665 2482 ἐπὶ.
1682 2456 1721 2488 σὲ,
1737 2457 1784 2483 καὶ
1797 2456 1878 2485 δώσω
1897 2466 1931 2484 σε

1126 2499 1166 2529 εἰς
1180 2498 1335 2535 διαρπαγὴν
1347 2499 1377 2526 ἐν
1391 2500 1449 2532 τοῖς
1463 2499 1564 2533 ἔθνεσι,
1579 2501 1627 2527 καὶ
1652 2501 1835 2537 ἐξολοθρεύσω
1847 2511 1877 2529 σε
1896 2504 1931 2530 ἐκ

1127 2544 1182 2571 τῶν
1194 2545 1276 2578 λαῶν,
1293 2545 1341 2572 καὶ
1357 2545 1484 2574 ἀπολέσω
1495 2555 1524 2573 σε
1537 2546 1670 2583 ἀπωλείᾳ.
1692 2557 1702 2574 ι

1169 2600 1179 2616 ‹
1196 2590 1266 2618 Τάδε
1277 2590 1350 2625 λέγει
1367 2591 1479 2627 Κύριος·
1503 2592 1574 2619 Ἀνθ¹
1589 2589 1627 2619 ὧν
1638 2593 1795 2628 ἐπεχάρητε
1819 2594 1867 2621 ἐπὶ
1895 2595 1932 2621 τὰ

1129 2637 1197 2671 ἅγιά
1212 2645 1274 2672 μου,
1291 2637 1331 2664 ὄτι
1346 2637 1514 2673 ἐϐεϐηλώθη,
1541 2638 1589 2665 καὶ
1605 2638 1651 2665 ἐπὶ
1667 2639 1714 2665 τδν
1736 2637 1813 2666 οἷκον
1839 2640 1933 2668 Ἰούδα

1130 2683 1172 2709 ὅτι
1187 2683 1376 2718 ἐπορεύθησαν
1395 2685 1425 2711 ὲν
1452 2685 1636 2720 αἰχμαλωσίᾳ·
1662 2685 1707 2712 διὰ
1718 2684 1800 2712 τοῦτο
1814 2686 1871 2721 ἐγὼ
1888 2686 1933 2713 δί-

1131 2728 1202 2764 δωμι
1217 2729 1289 2763 ὑμᾶς
1306 2730 1362 2761 τοῖς
1375 2730 1443 2762 υἱοῖς
1460 2730 1553 2766 Κέδεμ
1584 2731 1625 2763 εἰς
1652 2731 1851 2767 κληρονομίαν,
1881 2733 1934 2761 καὶ

1133 2775 1391 2810 κατασκηνώσουσιν
1405 2777 1434 2803 ὲν
1447 2777 1488 2804 σοὶ
1504 2777 1552 2804 σὺν
1563 2778 1596 2813 τῇ
1611 2777 1736 2813 άπαρτίᾳ
1751 2778 1856 2812 αὐτῶν,
1882 2780 1935 2807 καὶ

1134 2821 1265 2848 δώσουσιν
1274 2822 1302 2849 ἐν
1317 2822 1359 2849 σοὶ
1375 2823 1409 2851 τὰ
1425 2822 1593 2858 σκηνώματα
1608 2823 1707 2851 αὐτῶν.
1721 2824 1808 2852 Αὐτοὶ
1826 2826 1935 2860 φάγον-

1136 2876 1180 2895 ται
1193 2867 1254 2898 τοὺς
1269 2868 1391 2904 καρπούς
1406 2877 1464 2902 σου,
1492 2869 1538 2905 καὶ
1562 2869 1637 2898 αὐτοὶ
1665 2869 1774 2905 πίονται
1799 2871 1939 2920 τὴγιςῃιὲ
