2056 3113
152 160 222 194 1533

758 166 879 197 SACRA
897 166 1128 198 PARALLELA.

1717 166 1785 200 1534

149 220 221 255 τητά
233 226 290 247 σου.
307 218 363 246 Καὶ
377 218 456 247 δώσω
470 220 521 256 τὴν
531 221 608 248 πόλιν
620 220 666 248 τοῦ
689 222 780 258 Ἀμὼν
796 224 836 255 εἰς
857 223 940 258 νομὰς

994 228 1079 262 tuam.
1099 225 1132 252 Et
1149 224 1220 253 dabo
1235 224 1374 252 civitatem
1392 225 1480 251 Amon
1501 224 1530 251 in
1546 229 1649 259 pascua
1666 224 1786 261 camelo-

151 265 293 302 καμήλων,
308 265 357 292 καὶ
368 265 432 298 τοὺς
440 266 515 299 υἱοὺς
543 267 634 303 ’Δμὼν
648 268 688 300 είς
707 269 808 304 νομέας
832 268 939 304 sirpe“.-

148 321 213 340 των.
233 321 243 338 1

182 357 379 387 Νουθετείσθαι
392 358 433 386 δεῖ
442 360 476 395 τῇ
489 359 544 386 τῶν
559 359 682 396 πλησίων
699 361 804 399 πλῃγῇ,
828 362 876 389 καὶ
895 361 940 389 διὰ

149 402 203 430 τῶν
212 403 363 440 ἀλλοτρίων
377 404 472 436 κακῶν
483 404 519 432 τὰ
536 406 624 432 οικεῖα
637 404 668 434 εὖ
682 406 819 436 τίθεσθαι.

184 489 310 517 Φύλασσε
325 490 434 526 σαυτδν,
448 491 549 527 πτῶμα
563 492 586 519 δ’
598 493 681 521 ἄλλου
700 493 738 529 μὴ
751 493 829 529 γέλα.

184 578 231 613 Μὴ
245 578 363 615 γελάσῃς
379 579 480 614 πτῶμα
492 580 540 608 τοῦ
562 581 659 614 πέλας.
673 582 800 610 Διάϐαινε
813 583 842 610 δὲ
853 584 942 618 ἀσφαο

149 623 209 659 λὴς,
236 624 287 660 ὅση
304 633 346 652 σοι
364 624 490 662 δύναμις,
505 626 572 654 ἀλλὰ
597 628 645 654 καὶ
666 628 740 655 δίδου
754 630 833 665 χεῖρα
855 631 943 666 χαμαὶ

150 669 282 706 κειμένῳ.

181 717 325 753 Χρηστοὺι,
339 715 411 745 εἶναι
435 718 488 755 χρὴ
512 719 570 751 τοῖς
592 720 810 756 προεμπεσοῦσι,
835 721 883 749 καὶ
903 721 942 758 τῷ

149 763 218 800 ἐλέῳ
227 763 344 792 κτᾶσθαι
357 765 402 792 τὸν
414 764 500 792 ἔλεον.

188 851 235 879 Ἔν
253 853 315 885 ταῖς
328 852 484 888 ἀλλοτρίαις
504 855 660 891 συμφοραῖς
676 855 708 883 τὰ
722 856 812 884 οἰκεῖα
825 857 857 885 εὖ
870 858 942 885 τιθε-

145 897 212 925 ’σθαι
228 897 292 934 χρὴ,
319 899 368 926 καὶ
386 899 521 932 δανείζειν
533 899 594 935 Θεῷ
616 900 663 928 τὸν
679 901 754 928 ἔλεον
769 902 862 935 ἐλέους
874 904 943 940 χρῄ-
959 901 980 929 Β

149 943 257 975 ζοντας,
273 943 321 970 καὶ
344 944 381 980 μὴ
396 946 580 980 καταφρονεῖν
593 945 648 973 τῶν
665 946 830 982 ἀνθρώπων,
841 948 944 984 ἀνθρὼ-

152 997 220 1021 πους
234 989 325 1022 ὄντας.

186 1035 271 1062 Ὅταν
298 1035 356 1072 ἴδῃς
369 1035 417 1063 τὸν
433 1036 531 1073 ἐχθρὸν
554 1037 710 1073 ἐμπεσόντα
726 1039 766 1071 εἰς
785 1039 836 1072 τὰς
849 1041 944 1075 χεῖρας

148 1081 199 1112 τὰς
212 1081 271 1114 σὰς,
288 1082 325 1116 μὴ
343 1081 438 1117 νόμιζε
464 1083 610 1119 τιμωρίας,
639 1084 708 1112 ἀλλὰ
721 1085 858 1121 σωτηρίας
871 1087 944 1113 ἐκεῖ·

149 1135 194 1154 νον
208 1125 278 1154 εἶναι
293 1127 339 1155 τὸν
355 1129 463 1164 καιρόν.
482 1129 532 1156 Διὰ
557 1129 638 1156 τοῦτο
651 1130 712 1157 τότε
726 1131 844 1166 μάλιστα
857 1131 944 1166 φείδε-

150 1171 212 1198 σθαι
223 1171 265 1198 δεῖ
276 1171 331 1199 τῶν
348 1172 465 1208 ἐχθρῶν,
481 1173 544 1201 ὅταν
569 1174 662 1202 αὐτῶν
681 1174 827 1210 γενώμεθα
841 1176 942 1212 κύριοι.

149 1216 245 1244 Πολλοὶ
260 1217 380 1253 βασιλεῖς
396 1219 442 1246 ἐπὶ
461 1219 511 1255 τὴν
528 1219 616 1255 ἀρχὴν
631 1220 766 1253 ἐλθόντες,
781 1222 846 1253 τοὺς
857 1222 943 1250 πάλαι

149 1260 337 1297 λελυπηκὰτας
351 1262 491 1296 λαϐόντες,
508 1264 583 1296 ἄξιον
614 1265 705 1292 αὐτῶν
719 1263 791 1293 εἶναι
811 1266 943 1302 ἐνόμισαν

148 1307 227 1343 δίκην
250 1308 288 1344 μὴ
313 1308 466 1345 ἀπαιτῆσαι
485 1309 540 1338 τῶν
570 1311 863 1346 πεπλημμελημένων,
894 1313 943 1340 καὶ

147 1352 198 1388 τῆς
212 1352 339 1387 ἐξουσίας
358 1355 375 1390 ἡ
400 1355 546 1392 περιουσία
557 1356 732 1391 καταλλαγῆς
754 1357 884 1390 ὑπόθεσις
899 1359 944 1393 γέ-

147 1407 239 1434 γονεν.

181 1490 266 1518 Οὐδὲν
280 1491 487 1528 ἀσφαλέστερον
502 1493 550 1520 τοῦ
575 1493 716 1528 φείδεσθαι
740 1494 795 1521 τῶν
823 1495 941 1530 ἐχθρῶν·

145 1535 223 1563 οὐδὲν
239 1536 445 1573 σφαλερώτερον
465 1538 513 1565 τοῦ
530 1538 673 1574 βούλεσθαι
686 1539 831 1568 διεκδικεϊν
844 1540 942 1568 ἑαυτὸν

146 1581 195 1609 καὶ
210 1582 374 1618 ἀμύνεσθαι.
593 1604 595 1606 τ
849 1609 852 1611 λ

180 1628 275 1664 Πολλῷ
289 1629 381 1664 μεῖξον
393 1630 440 1657 καὶ
455 1630 675 1666 κερδαλεώτερον
689 1631 720 1658 τὸ
734 1632 880 1666 φείσασθαι
893 1633 940 1660 τοῦ

145 1673 310 1710 διαφθεῖραι.
333 1673 362 1701 '0
377 1674 429 1709 μὲν
442 1675 497 1711 γὰρ
513 1676 672 1712 διαφθείρας
688 1677 734 1704 τὺν
756 1677 865 1713 ἐχθρὸν,
894 1680 941 1705 καὶ

146 1719 354 1754 καταγνώσεται
378 1721 510 1754 πολλάκις
532 1722 647 1756 ἑαυτοῦ,
672 1723 720 1750 καὶ
743 1725 862 1761 πονηρὸν
885 1726 940 1758 seu

145 1765 277 1799 συνειδὸς,
304 1766 367 1794 καθ’
389 1768 510 1804 ἑκάστην
525 1768 632 1804 ἡμέραν
650 1770 697 1797 καὶ
717 1770 794 1806 ὥραν
816 1771 870 1798 ὑπὸ
891 1772 940 1808 τῆς

145 1811 286 1847 ἁμαρτίας
298 1811 407 1848 ἐκείνης
422 1813 597 1849 διωκόμενος.
616 1815 645 1842 '0
655 1815 683 1842 δὲ
700 1817 878 1851 φεισάμενος,
896 1826 940 1852 μι-

146 1857 213 1893 κρὸν
227 1859 401 1895 καρτερήσας
414 1859 520 1894 χρόνον,
542 1854 675 1895 γάννυται
704 1863 775 1897 μετὰ
788 1863 875 1891 ταῦτα
893 1865 941 1892 καὶ

145 1905 246 1939 τρυφᾷ,
267 1905 389 1940 χρηστὰς
412 1906 459 1933 καὶ
480 1907 612 1941 ἀμείνους
630 1908 803 1944 κτησάμενος
817 1910 938 1943 ἐλπίδας,

145 1949 193 1976 καὶ
202 1950 252 1982 τὰς
275 1951 393 1986 ἀμοιϐὰς
418 1952 468 1987 τῆς
492 1952 668 1986 ἀνεξικακίας
691 1955 767 1990 παρὰ
794 1956 843 1982 τοῦ
870 1957 938 1983 Θεοῦ

144 1994 292 2030 προσδοκᾷ.
310 1995 366 2022 Καὶ
383 1995 410 2023 ετ
435 2005 502 2024 ποτε
517 1998 666 2036 παραπέσῃ
685 1999 740 2026 τινὶ
755 2000 844 2036 δεινῷ,
869 2003 940 2036 μετὰ

143 2040 246 2076 πολλῆς
263 2042 422 2078 παρῤησίας
437 2044 587 2081 ἀπαιτήσει
608 2046 657 2073 τὸν
669 2046 736 2074 Θεὸν
758 2048 808 2083 τὴν
836 2048 940 2076 ἀντίδο-

144 2094 198 2116 σιν.

177 2133 336 2171 Περιφανὴς
356 2135 404 2163 καλ⁵
415 2136 598 2173 ἁξιοζήλωτος
623 2139 763 2176 mem;
779 2141 863 2175 ἐστὶν,
889 2142 938 2178 δη·

142 2176 210 2215 λαδὴ
219 2180 249 2207 τὸ
260 2180 367 2216 ὀρέγειν
380 2182 456 2210 ἐλεον
466 2185 524 2217 τοῖς
533 2184 660 2220 μισοῦσιν
669 2187 742 2222 ἡμᾶς
753 2176 936 2224 αἱρουμένοις,

990 278 1064 302 rum,
1079 274 1107 298 et
1121 270 1193 298 ﬁlios
1206 270 1293 298 Amon
1308 269 1336 297 in
1351 273 1476 306 pastores
1493 269 1597 298 ovium.
1613 278 1624 295 ν

1028 361 1059 389 S.
1078 360 1156 396 αγις.
1168 360 1303 388 Naxia“.
1315 375 1351 380 ——
1365 359 1404 388 Ex
1415 360 1534 389 aliorum
1551 359 1640 396 plaga,
1656 363 1738 395 atque
1751 366 1784 387 ex

992 407 1115 441 ipsorum
1131 405 1334 433 calamitatibus
1351 404 1544 433 documentum
1565 404 1599 432 ad
1615 412 1660 433 res
1675 407 1784 432 nostras

993 457 1065 481 recte
1077 451 1280 488 componendas
1290 455 1400 485 captare
1412 450 1555 478 debemus.

1029 498 1113 533 ΕΜ.
1126 512 1162 518 -
1178 496 1240 525 Tibi
1256 497 1310 533 ipsi
1333 497 1457 530 cavesis,
1475 503 1525 524 nec
1550 495 1664 524 alterius
1689 502 1784 523 casum

991 544 1130 573 dei-ideas.

1027 588 1172 624 Ejusd.—-—
1182 587 1222 616 Ne
1236 587 1319 615 vicini
1331 593 1426 615 casnm
1443 586 1547 614 rideas.
1565 584 1667 613 Verum
1679 589 1708 613 tu
1722 583 1785 620 qui-
1807 596 1834 606 -ν

993 635 1064 667 dem,
1081 641 1164 669 quam
1182 633 1319 662 tutissime
1339 632 1454 668 poteris,
1482 631 1591 664 incede,
1615 638 1648 659 ac
1672 630 1712 658 illi
1736 630 1785 666 qni

993 682 1069 710 humi
1083 681 1167 717 jacet,
1183 687 1294 708 manum
1311 679 1432 716 porrige.

1030 726 1125 762 Ejusd.
1135 741 1172 747 —
1189 725 1328 762 Benignos
1344 733 1395 753 nos
1409 732 1471 753 esse
1489 726 1599 760 oportet
1620 723 1647 751 in
1663 723 1724 751 illos
1737 722 1785 758 qui

993 773 1022 801 in
1041 771 1213 801 calamitates
1233 771 1312 807 prius
1328 770 1495 803 inciderunt,
1511 776 1544 797 ac
1558 776 1608 804 per
1623 768 1783 797 misericor-

993 819 1066 847 diam
1085 817 1302 846 misericordiam
1320 816 1400 844 nobis
1414 815 1574 844 conciliare.

1030 864 1128 900 Ejuad.
1139 863 1215 890 —-ln
1236 862 1334 890 alienis
1353 860 1561 889 calamitatibus
1578 860 1662 887 rebus
1681 857 1786 886 nostris

995 911 1163 947 prospicere,
1191 913 1218 936 et
1241 909 1296 936 Deo
1313 907 1531 936 misericordiam
1557 906 1682 934 fenerare
1704 904 1784 931 debe-

995 963 1057 983 mus
1074 962 1138 982 cum
1160 953 1214 988 ipsi
1230 952 1422 981 misericordia
1447 958 1518 986 opus
1536 950 1708 982 habeamus;
1737 955 1785 976 nec

995 1001 1119 1030 homines
1134 998 1287 1034 aspernari,
1301 996 1411 1032 quando
1428 996 1480 1032 ipsi
1500 996 1628 1023 homines
1641 1002 1749 1022 sumus.

1029 1048 1061 1076 S.
1078 1047 1216 1082 Cltrysost.
1230 1060 1266 1065 —
1281 1044 1351 1072 Cum
1365 1043 1474 1070 hostem
1496 1046 1573 1069 tuum
1589 1041 1616 1068 in
1633 1045 1694 1068 tuas
1715 1039 1783 1067 inci-

993 1093 1068 1120 disse
1079 1099 1178 1119 manus
1193 1090 1308 1122 videris,
1321 1096 1356 1117 ne
1372 1093 1479 1123 tempus
1497 1086 1571 1115 istud
1584 1094 1645 1114 esse
1660 1086 1786 1118 ultionis,

993 1139 1042 1168 sed
1073 1138 1171 1166 salutis
1206 1137 1345 1165 existima.
1380 1134 1516 1168 Quocirca
1547 1138 1604 1161 tum
1633 1132 1785 1168 praesertim

994 1186 1120 1214 hostibus
1141 1182 1310 1219 parcendum
1329 1185 1384 1215 est,
1403 1188 1466 1208 eum
1488 1187 1537 1207 eos
1563 1179 1593 1207 in
1623 1182 1786 1213 potestatem

994 1236 1116 1260 nostram
1133 1230 1260 1258 redactos
1285 1228 1430 1256 habemus.
1451 1225 1527 1253 Multi
1546 1225 1702 1260 principes,
1721 1231 1786 1251 cum

993 1282 1104 1314 arrepto
1119 1277 1246 1312 imperio,
1264 1283 1313 1303 eos
1330 1282 1345 1302 a
1358 1273 1461 1310 quibus
1476 1272 1532 1300 laesi
1548 1271 1674 1303 fuerant,
1696 1269 1787 1304 cepis-

994 1328 1066 1357 sent,
1075 1331 1182 1359 azquum
1198 1323 1400 1355 honestumque
1412 1327 1473 1347 esse
1483 1321 1649 1347 censuerunt
1658 1319 1786 1351 acceptas

994 1371 1112 1406 injurias
1134 1370 1250 1397 minime
1270 1367 1422 1395 vindicare.
1458 1366 1548 1400 Atque
1577 1371 1610 1392 ex
1641 1362 1786 1398 potestatis

993 1415 1173 1452 amplitudine
1187 1414 1288 1442 factum
1304 1415 1347 1441 est
1363 1415 1393 1439 ut
1415 1418 1478 1439 cum
1500 1411 1541 1438 eis
1564 1409 1591 1436 in
1607 1409 1724 1444 gratiam
1745 1414 1787 1434 re-

1141 1519 1177 1525 —-
1196 1504 1270 1531 Nihil
1294 1507 1337 1530 est
1355 1502 1442 1529 tutius
1457 1507 1539 1536 quam
1569 1498 1689 1526 inimicis
1708 1497 1787 1533 igno-

995 1558 1092 1584 scere;
1105 1550 1173 1577 nihil
1190 1547 1374 1584 periculosius
1390 1553 1473 1581 quam
1487 1545 1608 1579 seipsum
1625 1543 1731 1571 ulcisci.

1027 1638 1123 1674 Ejusd.
1142 1652 1178 1658 -
1191 1636 1286 1670 Longe
1301 1633 1391 1669 majus
1412 1636 1454 1660 est
1478 1639 1511 1660 ac
1535 1631 1707 1659 fructuosius
1723 1637 1786 1665 par-

991 1692 1055 1713 cere
1071 1690 1151 1718 qnam
1170 1682 1346 1709 obtruncare.
1363 1678 1415 1711 Qui
1440 1679 1513 1705 enim
1541 1676 1684 1704 inimicum
1699 1683 1716 1704 e
1728 1683 1785 1704 me-

991 1730 1037 1758 dio
1057 1727 1212 1760 sustulerit,
1227 1725 1273 1754 hic
1289 1732 1319 1753 se
1334 1731 1443 1759 quoque
1458 1723 1616 1757 frequenter
1630 1721 1784 1754 accusabit,

991 1781 1019 1804 et
1044 1775 1115 1802 male
1126 1773 1180 1802 sibi
1209 1771 1340 1800 conscius
1364 1770 1428 1802 erit,
1456 1769 1630 1804 singulisque
1645 1768 1743 1797 diebus
1758 1772 1786 1795 et

992 1820 1069 1848 boris
1088 1823 1202 1855 peccato
1220 1817 1274 1845 hoc
1288 1815 1406 1844 cruciari
1431 1822 1461 1842 sc
1479 1813 1591 1841 sentiet.
1611 1812 1666 1846 Qui
1693 1816 1786 1840 autem

993 1866 1136 1902 ignoverit,
1151 1864 1199 1892 ubi
1215 1862 1377 1899 patientiam
1397 1859 1596 1895 aliquantisper
1614 1858 1783 1894 praestiterit,

991 1913 1020 1940 in
1047 1918 1156 1939 summa
1182 1913 1359 1946 postmodum
1382 1907 1466 1934 animi
1492 1905 1587 1936 laetitia
1603 1904 1785 1939 etvolnptate

992 1957 1156 1990 versabitur,
1183 1960 1211 1984 et
1239 1953 1347 1982 meliori
1370 1960 1419 1988 spe
1446 1953 1561 1984 nitetur,
1588 1953 1784 1985 exspectansa

991 2004 1048 2032 Deo
1062 2002 1200 2039 patientiae
1213 2008 1271 2029 suae
1291 1999 1445 2035 praemium.
1462 1999 1501 2026 Ac
1516 1997 1651 2033 siquando
1665 1997 1693 2023 in
1708 1996 1784 2023 cala-

991 2050 1115 2077 mitatem
1128 2048 1248 2082 aliquam
1263 2045 1401 2079 inciderit,
1416 2051 1480 2072 cum
1498 2043 1602 2079 ingenti
1618 2042 1717 2071 liducia
1735 2048 1786 2076 par

991 2096 1045 2125 sibi
1063 2094 1160 2124 referri
1171 2101 1188 2122 a
1203 2093 1259 2121 Deo
1275 2091 1435 2128 postulabit.

1027 2142 1060 2170 S.
1076 2140 1173 2177 Cyri”.
1188 2154 1224 2162 -—
1239 2138 1375 2168 Praeclara
1397 2142 1481 2173 atque
1501 2134 1677 2164 aemulatione
1700 2132 1783 2167 digna

991 2189 1101 2217 bonitas
1116 2192 1169 2221 est,
1183 2184 1404 2215 misericordiam
1420 2184 1454 2212 iis
1467 2182 1514 2218 qui
1533 2189 1583 2211 nos
1602 2180 1665 2209 odio
1681 2179 1784 2207 habere

144 2223 255 2272 autem
268 2227 348 2262 χεῖρα
364 2228 459 2264 φέρειν
484 2230 643 2266 ἐπίκουρον
670 2231 813 2267 βούλεσθαι
839 2233 868 2261 δὲ
890 2235 937 2262 καὶ

991 2235 1084 2264 volunt
1095 2237 1236 2270 praestare,
1246 2238 1412 2266 manumque
1423 2229 1450 2257 in
1457 2228 1590 2256 auxilium
1602 2226 1672 2255 ferre
1682 2234 1690 2258 ;
1702 2224 1783 2260 quin-

144 2268 242 2302 σώζειν
267 2272 380 2306 αὐτοὺς,
395 2274 446 2302 οὒκ
473 2275 655 2310 ἐμϐαίνοντας
675 2277 786 2312 μᾶλλον,
810 2279 859 2307 καὶ
879 2277 934 2307 οἷον

144 2315 285 2350 κειμένοις
312 2318 525 2356 ἐποχουμένους,
549 2321 599 2348 καὶ
623 2322 674 2358 τῆς
701 2324 816 2359 ἐνούσης
841 2326 935 2359 αὐτοῖς

142 2360 301 2398 ἀθλιότητος
315 2365 551 2400 καταμειδιῶντας
575 2368 834 2405 ἀφιλοικτιρμόνως,
849 2373 936 2408 δρῶν-

142 2417 193 2441 τας
202 2408 231 2436 δὲ
243 2410 345 2445 μᾶλλον
354 2412 455 2444 ἐκεῖνα,
470 2413 504 2440 τὰ
516 2413 550 2440 δι’
563 2411 601 2440 ὧν
613 2414 666 2447 ἔξω
674 2416 796 2449 γένοιντο
809 2419 933 2453 παγίδος,

143 2456 322 2492 ποιουμένους
342 2457 370 2485 δὲ
383 2457 432 2486 καὶ
446 2458 521 2492 λιτὰς
538 2459 608 2496 ὑπὲρ
623 2461 714 2489 αὐτῶν
732 2464 801 2498 πρὸς
818 2464 865 2494 τὸν
879 2466 935 2494 τῶν

141 2501 211 2528 ὅλων
226 2502 428 2536 ἐξουσιάζοντα.

177 2547 234 2579 Τὰς
244 2549 387 2585 συμφορὰς
401 2549 497 2585 ἐλεεῖν,
510 2551 541 2579 οὐ
556 2554 645 2588 μισεῖν
661 2555 810 2590 προσῆκεν.

178 2636 216 2682 (λὺ
231 2637 284 2673 χρὴ
299 2637 347 2666 ἐπὶ
361 2640 441 2668 παντὶ
455 2640 585 2677 πτώματι
595 2643 644 2670 καὶ
656 2643 731 2680 πάσῃ
754 2645 878 2682 ἁμαρτίᾳ
888 2647 935 2674 ἀν-

141 2681 252 2719 θρώπου
269 2685 444 2721 ἐπαίρεσθαι,
474 2687 534 2718 οὐδὲ
555 2689 708 2725 ἐπιχαίρειν
723 2691 789 2718 ποτὲ
814 2691 853 2727 τῷ
867 2681 936 2720 ὕπο-

143 2729 358 2774 σχετλιασθὲντι,
376 2733 455 2760 κάνεὶ
477 2733 543 2771 δοκῇ
566 2736 581 2762 ὁ
599 2735 719 2769 τοιοῦτος
732 2738 829 2774 ἐχθρὸς
845 2739 935 2773 φόνιος

142 2772 222 2802 εἶναι·
243 2776 343 2812 μᾶλλον
356 2777 386 2805 δὲ
408 2779 582 2816 συμπάσχειν
594 2782 643 2809 καὶ
657 2772 813 2818 συναλγείν,
828 2786 875 2812 καὶ
891 2772 935 2813 εὐέ

143 2820 193 2857 χὴν
205 2822 276 2859 ὑπὲρ
295 2823 378 2851 αὐτοῦ
403 2825 472 2860 πρὸς
486 2826 532 2853 τὺν
556 2826 624 2854 Θεὸν
648 2829 795 2863 ποιεῖσθαι,
819 2830 933 2866 δεδιότα,

143 2867 192 2895 καὶ
213 2871 379 2906 πεφρικότα,
402 2872 449 2899 καὶ
463 2872 692 2910 διαλογιζόμενον,
715 2876 821 2912 μήποτε
846 2878 860 2904 ὀ
887 2878 936 2912 μὲν

986 2282 1068 2309 etiam
1083 2287 1179 2308 eorum
1195 2278 1278 2307 saluti
1309 2276 1433 2309 studere,
1461 2281 1514 2303 nec
1542 2278 1598 2301 tam
1624 2270 1783 2308 iacentibus

987 2327 1133 2359 insultare,
1148 2328 1175 2354 et
1195 2324 1335 2352 miseriam
1354 2323 1381 2350 in
1402 2329 1457 2357 qua
1472 2317 1782 2349 versanturimmiseri-

986 2373 1108 2402 corditer
1120 2371 1246 2402 irridere,
1258 2377 1342 2405 quam
1364 2376 1398 2396 ea
1419 2367 1510 2395 facere
1522 2371 1551 2394 et
1566 2364 1668 2396 moliri,
1682 2362 1782 2398 quibus

986 2429 1001 2450 θ
1018 2421 1116 2456 laqueo
1130 2417 1212 2446 eximi
1227 2417 1346 2453 possint.
1363 2416 1403 2442 Ac
1432 2418 1566 2450 prteterca
1593 2410 1732 2446 supplices
1748 2408 1781 2435 ad

985 2473 1048 2494 eum
1065 2472 1116 2501 pro
1133 2463 1188 2492 illis
1205 2462 1253 2498 qui
1270 2461 1353 2490 rebus
1364 2460 1493 2488 omnibus
1501 2457 1671 2488 dominatur,
1686 2460 1781 2490 preces

986 2512 1129 2540 adhibere.

1023 2558 1053 2586 S.
1071 2556 1096 2584 Ν
1100 2557 1143 2585 ili.
1157 2571 1192 2578 --
1207 2554 1405 2584 Calamitatum
1427 2551 1553 2580 misereri
1569 2548 1710 2580 convenit,
1726 2555 1780 2575 non

985 2612 1033 2634 eas
1046 2604 1148 2633 odisse.
1234 2632 1239 2637 κ
1722 2618 1749 2628 ,ρ
1774 2619 1778 2625 λ

1020 2651 1133 2679 Minime
1155 2657 1264 2686 aequum
1287 2652 1332 2678 est
1357 2648 1391 2676 ad
1408 2654 1516 2676 omnem
1532 2645 1650 2673 hominis
1672 2643 1778 2679 lapsum

986 2702 1014 2725 et
1032 2702 1175 2733 peccatum
1188 2705 1249 2725 sese
1263 2696 1415 2725 insolenter
1424 2693 1531 2725 eli‘erre,
1546 2697 1573 2721 et
1585 2692 1610 2720 ci
1628 2691 1674 2726 qui
1695 2691 1776 2718 misel

986 2744 1036 2773 riis
1050 2743 1175 2779 dejectus
1186 2744 1270 2779 jacet,
1293 2742 1437 2774 insultare,
1458 2739 1583 2776 quamvis
1598 2737 1699 2773 alioqui
1715 2744 1777 2765 cru»

988 2790 1149 2819 delissimus
1163 2790 1251 2818 hostis
1265 2797 1327 2818 esse
1344 2788 1487 2820 videatur;
1504 2793 1599 2814 verum
1616 2785 1703 2820 ipsius
1727 2792 1774 2819 po-

987 2835 1046 2864 tius
1063 2835 1150 2864 vicem
1166 2835 1269 2868 dolere,
1289 2842 1322 2862 ac
1334 2839 1396 2862 vota
1412 2830 1510 2869 proco
1523 2831 1557 2858 ad
1576 2830 1659 2858 Deum
1678 2829 1780 2863 facere,

989 2884 1119 2917 metuque
1135 2885 1163 2910 et
1180 2888 1280 2916 pavore
1292 2880 1374 2916 allici,
1395 2886 1545 2915 secumque
1565 2881 1703 2913 reputare,
1718 2875 1777 2904 ﬁeri
