2056 3113
286 151 299 184 1
305 154 356 186 535

874 151 904 181 S.
918 151 1078 183 JOANNIS
1099 153 1313 186 DAMASCENI

1851 156 1922 191 1536

284 215 366 244 posse
380 211 409 235 ut
424 207 469 236 ille
488 207 536 243 qui
564 206 689 243 deiectus
719 207 904 243 subactusque
919 208 1001 244 509
1020 213 1074 242 est,

1134 210 1346 244 ὃποσκελισθεὶς,
1373 211 1573 246 τροπαιοφόρος
1603 211 1760 247 ἀναδειχθῇ,
1790 213 1805 239 6
1833 211 1922 239 δὲνο-

284 256 375 283 victor
392 254 501 281 tandem
522 253 632 286 evadat.
648 253 672 281 is
700 261 766 281 vero
781 254 827 289 qui
854 258 930 282 stare
956 255 1076 289 videtur,

285 304 384 336 praeter
400 299 634 336 exspectationem
649 307 728 327 suam
759 300 923 336 gravissime
953 305 1076 334 corruat,

282 350 310 374 et
322 346 350 374 in
364 345 500 381 ejusmodi
518 345 597 381 lapsu
611 345 740 374 intereat.
758 345 943 378 Quamobrem
958 346 1078 375 inimicis

283 392 397 420 omnino
416 399 466 419 nos
483 398 597 426 parcere
618 395 737 426 oportet,
765 398 828 419 cum
846 391 875 420 in
893 397 1016 421 nostram
1029 399 1079 428 po-

285 442 413 466 lestatcm
427 445 538 465 venere.
796 458 813 472 _.

321 483 351 511 Si
363 483 519 519 quempiam
534 490 599 511 raro
613 491 628 510 a
644 483 756 511 virtutis
767 484 907 512 curriculo
920 484 1078 519 deﬂectere,

287 535 315 559 et
329 530 356 558 in
375 530 479 557 diaboli
502 531 626 557 fraudem
647 531 790 566 contingat
806 531 874 564 labi,
891 538 958 559 cave
973 531 1007 559 de
1019 532 1079 566 ipso

287 577 337 605 tibi
357 576 496 604 calculum
518 584 623 609 sumas,
652 583 772 612 eumque
799 577 978 606 condemnes.
1004 577 1078 611 Quin

287 621 355 650 lime
368 622 460 657 potius
476 629 510 649 ne
526 627 554 649 tu
572 629 683 657 quoque
696 622 776 650 simul
794 622 889 650 cadas.

324 668 449 695 Aliorum
473 667 560 695 laetari
582 668 752 701 calamitate.
773 669 827 696 etsi
851 669 1020 705 quandoque
1033 669 1079 705 ju-

289 718 362 742 stum
379 718 432 746 est,
447 717 537 740 tamen
554 713 588 741 ab
604 713 777 742 humanitate
789 713 922 742 alienum.

289 768 357 796 ΤΙΤ.
380 768 438 796 XV.
452 783 486 788 —
500 768 539 796 De
559 769 740 803 beneﬁcentia,
763 775 789 797 et
814 770 947 798 oblatione
970 778 1004 798 ea;
1027 771 1081 799 ini-

549 805 608 839 quis
626 804 718 838 opibus
735 805 819 839 facta.

325 848 446 877 IParal.
474 857 540 882 ut,
562 850 607 881 22,
624 849 670 876 25.
692 863 727 869 -
745 859 754 876 ι
775 849 850 878 Dixit
870 850 957 878 David
973 850 1078 879 Ornat:

289 895 329 923 Da
353 895 421 923 mihi
441 896 531 923 locum
563 902 643 928 areae,
670 899 698 923 et
722 895 866 923 aediﬁcabo
890 896 918 923 in
944 904 976 924 ea
992 897 1079 925 altare

289 941 405 969 Domino
420 949 428 968 :
447 949 497 976 pro
513 941 631 976 pecunia
648 941 731 976 digna
747 941 782 969 da
801 949 861 970 eam
881 942 1005 976 mihi,-et
1017 950 1080 971 ces-

290 987 366 1014 sabit
382 987 462 1022 plaga
489 994 505 1014 a
525 987 638 1022 populo.
655 987 690 1014 Et
716 986 789 1015 dixit
812 986 889 1015 Orna
911 988 944 1015 ad
968 988 1077 1018 David:

289 1032 392 1066 Accipe
409 1032 472 1065 tibi,
496 1035 524 1060 et
552 1032 638 1060 faciat
666 1032 796 1060 dominus
826 1041 905 1062 meus
928 1041 976 1061 rex
1005 1034 1080 1069 quod

290 1078 394 1105 bonum
413 1081 456 1105 est
469 1077 498 1105 in
525 1082 680 1113 conspectu
707 1086 768 1106 suo.
787 1078 821 1106 Et
840 1078 912 1107 dixit
928 1087 976 1107 rex
993 1088 999 1107 :
1025 1079 1080 1108 Ne-

291 1130 443 1159 quaquam,
470 1131 559 1151 emam
586 1128 699 1160 argento
728 1125 827 1160 quanti
851 1125 990 1154 valuerit:
1014 1127 1081 1162 quia

291 1178 346 1198 non
362 1178 469 1199 sumam
485 1175 532 1197 tua
553 1170 682 1204 Domino,
708 1175 739 1198 ut
753 1170 867 1198 oll’eram
887 1171 1081 1200 holocaustum

292 1217 380 1252 gratis
398 1215 515 1244 Domino
543 1216 609 1244 Deo.
641 1215 674 1244 Et
703 1216 781 1245 dedit
809 1216 894 1245 David
922 1217 1004 1246 Orne
1032 1225 1083 1253 pro

292 1263 354 1290 loco
368 1262 422 1290 isto
443 1262 529 1290 siclos
545 1262 620 1295 auri,
634 1262 768 1297 ponderis
787 1262 951 1298 iustissimi,
966 1270 1083 1292 sexcen-

292 1313 347 1337 tos.
367 1319 377 1336 ι

328 1355 413 1382 Eccli.
437 1363 531 1389 xxxiv,
554 1355 610 1388 21,
627 1355 672 1387 26,
693 1355 739 1383 28.
762 1371 798 1377 -
816 1365 826 1382 ι
852 1355 1024 1385 immolantis
1049 1365 1083 1386 ex

293 1400 390 1435 iniquo
405 1399 496 1427 hostia
517 1403 676 1433 contempta
693 1403 746 1432 est,
762 1407 815 1428 nec
831 1401 1002 1435 beneplacita
1015 1406 1084 1429 sunt

293 1453 409 1473 munera
430 1445 604 1480 iniquorum.
622 1444 673 1477 Qui
691 1445 771 1473 oﬂ'ert
787 1446 956 1474 sacriﬁcium
968 1455 1002 1474 ex
1019 1447 1085 1476 sub-

294 1491 398 1519 stantia
427 1498 589 1526 pauperum,
615 1491 694 1526 quasi
722 1491 768 1526 qui
797 1491 923 1519 victimat
950 1492 1084 1521 ﬁliumin

1129 257 1211 292 μίσας
1228 257 1364 289 ἵστασθαι,
1380 257 1498 289 ἑξαίσιον
1508 256 1622 293 ὕστερον
1639 257 1739 292 πτῶμα
1755 257 1921 292 καταρραγῇ

1128 303 1205 340 παρά
1217 303 1266 338 τὴν
1278 303 1455 340 προσδοκίαν,
1472 302 1521 330 καὶ
1542 302 1696 338 ὲναποθάνῃ
1712 302 1750 338 τῷ
1778 302 1919 337 πτώματι.

1128 350 1178 377 Διά
1192 349 1271 376 τοῦτο
1288 348 1351 376 τότε
1368 349 1486 385 μάλιστα
1499 349 1540 375 δεῖ
1564 348 1705 383 φείδεσθαι
1729 348 1784 375 τῶν
1801 348 1920 384 ἐχθρῶν,

1128 396 1191 423 ὅταν
1205 395 1295 423 αὐτῶν
1304 395 1448 431 γενώμεθα
1465 394 1566 430 κύριοι.

1164 484 1223 511 Κᾶν
1237 482 1289 510 πού
1303 490 1365 510 τινα
1379 481 1500 513 σπανίως
1515 481 1606 517 συμϐῇ
1631 480 1775 508 ἀποκλῖναι
1787 480 1837 516 τῆς
1854 481 1920 516 ἀρε-

1128 528 1189 563 τῆς,
1212 528 1260 554 καὶ
1287 527 1327 562 τῷ
1351 526 1468 561 διαϐόλῳ
1489 527 1678 562 παραπεσεῖν,
1697 525 1734 561 μὴ
1750 525 1810 552 θέλε
1823 526 1921 552 τοῦτον

1129 573 1260 606 δικάζειν,
1277 573 1323 600 καὶ
1338 572 1523 608 κατακρίνειν.
1535 571 1620 599 Φοϐοῦ
1634 571 1663 599 δὲ
1686 572 1797 608 μᾶλλον,
1816 571 1853 607 μὴ
1871 571 1924 599 καὶ

1130 627 1163 645 συ
1167 619 1368 654 μπτωματισθῇ
1372 627 1395 650 ς.

1162 665 1276 699 Χαίρειν
1286 664 1333 691 ἐπὶ
1343 665 1403 696 ταῖς
1412 663 1467 691 τῶν
1487 664 1592 700 ἐχθρῶν
1607 664 1742 700 ἀτυχίαις,
1765 665 1790 690 εί
1814 664 1861 691 καὶ
1878 664 1923 690 δί-

1129 711 1207 738 καιόν
1220 719 1297 745 ποτε,
1310 710 1369 738 ἀλλ’
1383 711 1432 738 οὐκ
1444 710 1622 746 ἀνθρώπινον.

1130 768 1220 797 ΤΙΤΛ.
1230 767 1279 797 lE’.
1291 784 1325 790 -—
1335 768 1404 803 Περὶ
1411 769 1620 803 εὐεργεσίας,ἢ
1629 768 1803 803 προσφορᾶς
1813 768 1847 801 ἑξ
1861 768 1925 796 ἀδί-

1397 812 1459 831 κων
1472 803 1643 838 γινομένης,
1873 835 1875 838 γ

1168 861 1178 878 ι
1196 848 1282 878 Εἶπεν
1291 850 1374 878 Δαδὶδ
1394 850 1433 886 τῷ
1451 851 1544 887 Ὁριᾷτ
1569 850 1619 881 Δός
1631 858 1676 884 μοι
1690 850 1774 877 τόπον
1788 851 1838 886 τῆς
1852 850 1922 883 ἅλω,

1130 897 1177 924 καὶ
1203 897 1374 932 οἰκοδομήσω
1402 897 1432 923 ὲν
1459 896 1530 931 αὐτῇ
1545 894 1737 931 θυσιαστήριον
1751 896 1791 931 τῷ
1813 897 1922 931 Κυρίῳ·

1129 942 1262 978 ἀργυρίου
1272 942 1316 973 δός
1328 950 1372 977 μοι
1383 941 1474 975 αὑτὸν,
1491 942 1538 968 καὶ¹
1554 940 1690 968 παύσεται
1698 942 1715 976 ἡ
1727 941 1816 977 πληγὴ
1832 943 1864 968 ὲκ
1874 943 1925 969 τοῦ

1129 988 1206 1016 λαοῦ.
1218 988 1274 1015 Καὶ
1286 985 1363 1015 εἶπεν
1381 987 1464 1023 Ὀρνᾶ
1479 986 1548 1023 πρὸς
1559 986 1650 1013 Δαὸίδ·
1663 986 1737 1013 Λάσε
1749 986 1866 1021 σεαυτῷ,
1875 988 1926 1014 καὶ

1131 1034 1272 1069 ποιησάτω
1287 1034 1300 1060 6
1311 1033 1406 1069 κύριός
1420 1041 1470 1068 μου
1483 1033 1497 1060 6
1508 1031 1636 1067 βασιλεὺς
1651 1031 1682 1058 τὸ
1691 1031 1792 1066 ἀγαθὸν
1807 1031 1928 1060 ινώπιον

1131 1080 1224 1109 αὐτοῦ.
1241 1080 1295 1107 Καὶ
1312 1078 1388 1106 εἶπεν
1402 1079 1417 1106 ὁ
1427 1078 1552 1114 βασιλεύς
1563 1086 1570 1093 ·
1586 1078 1671 1114 Οὐχί·
1684 1077 1741 1105 ἀλλ’
1756 1077 1773 1113 ἢ
1795 1078 1928 1114 ἀγοράσω

1131 1126 1264 1163 ἀργυρίου
1289 1125 1378 1158 ἀξίου,
1396 1125 1478 1152 ὅτιού
1507 1124 1545 1160 μὴ
1571 1124 1648 1151 λάϐω
1662 1124 1695 1151 τὰ
1719 1124 1754 1151 σὰ
1768 1123 1809 1159 τῷ
1828 1125 1928 1160 Κυρίῳ

1132 1172 1290 1206 ἀνενεγκεῖν
1308 1171 1490 1198 ὁλοκαύτωσιν
1503 1170 1607 1206 δωρεὰν
1622 1169 1719 1205 Κυρίῳ
1734 1169 1773 1205 τῷ
1787 1169 1858 1205 Θεῷ.
1869 1170 1927 1196 Καὶ

1132 1217 1218 1245 ἔδωκε
1243 1217 1325 1245 Δασὶδ
1340 1216 1380 1252 τῷ
1407 1216 1492 1253 Ὀρνᾷ
1512 1216 1578 1252 περὶ
1592 1215 1676 1244 τόπου
1704 1215 1787 1243 αὐτοῦ
1814 1216 1928 1248 σίκλους

1133 1263 1245 1299 χρυσίου
1263 1262 1347 1298 ὁλκῆς
1362 1261 1529 1294 ἑξακοσίους.
1548 1270 1558 1288 ι

1172 1364 1183 1381 ι
1196 1353 1374 1386 Θυσιάζοντος
1386 1350 1525 1388 ἒξλάδίκων
1543 1350 1624 1378 θυσία
1643 1349 1846 1386 μεμωκημένη,
1877 1350 1930 1378 καὶ

1134 1401 1185 1428 οὐκ
1207 1401 1248 1431 εἰς
1272 1397 1396 1426 εὐδοκίαν
1425 1397 1577 1433 δωρήματα
1617 1397 1736 1432 ἀνόμων.
1762 1396 1842 1424 Θὺων
1868 1397 1932 1424 υίδν

1136 1445 1226 1472 ἔναντι
1241 1443 1344 1480 πατρὸς
1363 1442 1459 1476 αὑτοῦ,
1475 1442 1562 1473 οὕτως
1586 1442 1600 1468 6
1616 1442 1762 1477 προσάγων
1779 1441 1876 1469 θυσίαν
1896 1443 1932 1469 ὲκ

1136 1490 1287 1527 χρημάτων
1301 1489 1435 1524 πενήτων.
1464 1485 1512 1519 Εἷς
1522 1487 1682 1523 οἰκοδομῶν,
1698 1487 1746 1514 καὶ
1771 1486 1811 1519 εἷς
1827 1487 1930 1515 καθαι-

294 1540 445 1572 conspectu
459 1537 547 1572 patris
559 1536 615 1564 sui.
632 1536 709 1564 Unus
722 1537 878 1570 aediilcons,
895 1541 924 1565 ct
946 1545 1019 1567 unus
1034 1539 1081 1567 de-

1137 1536 1202 1573 ρῶν’
1215 1536 1257 1568 τίς
1265 1535 1385 1570 ὠφέλεια
1401 1534 1491 1561 πλέων
1506 1533 1523 1569 ἢ
1538 1534 1640 1567 κόπος;
1656 1532 1697 1566 εἷς
1711 1534 1871 1570 εὐχόμενος,
1880 1535 1930 1561 καὶ

294 1588 422 1618 struens;
436 1583 500 1619 quid
517 1583 632 1618 prodest
645 1583 699 1611 illis
714 1583 766 1611 nisi
784 1583 885 1611 labor?
897 1583 975 1612 Unus
988 1592 1084 1619 orans,

293 1632 322 1656 et
335 1636 408 1657 unus
425 1630 613 1663 maledicens;
631 1629 779 1665 cuiusnam
804 1627 900 1658 vocem
917 1629 1011 1659 audiet
1032 1630 1086 1660 Do-

295 1673 405 1701 minus?
422 1682 433 1700 ι

329 1717 362 1746 S.
382 1717 519 1753 Chrysost.
540 1733 575 1739 --
588 1718 641 1752 Qui
661 1725 705 1747 res
729 1719 846 1748 alterius
871 1726 998 1757 usurpat,
1024 1729 1086 1750 eas-

294 1771 348 1798 que
357 1763 435 1792 alteri
457 1765 566 1798 tribuit,
581 1773 637 1793 non
653 1765 737 1794 modo
750 1766 952 1795 misericordiae
968 1776 1084 1797 monere

294 1817 348 1837 non
367 1810 503 1846 fungitur,
519 1811 567 1839 sed
587 1815 614 1839 et
630 1811 796 1847 gravissimo
811 1813 916 1841 scelere
935 1821 965 1841 se
980 1815 1083 1842 astrin-

294 1855 343 1890 git.
359 1855 427 1884 Nam
443 1857 466 1885 si
479 1864 512 1885 ex
531 1857 565 1885 iis
585 1865 646 1893 qua:
662 1861 762 1893 praeter
773 1858 819 1892 jus
834 1859 986 1895 collegisti,
1000 1861 1085 1890 mise-

293 1901 377 1934 reris,
396 1905 423 1930 te
437 1902 531 1937 potius
546 1910 642 1930 cerum
655 1903 795 1937 misereat,
814 1905 918 1939 quibus
934 1906 1021 1935 infers
1043 1907 1085 1935 in-

293 1947 406 1981 iuriam.
425 1948 532 1976 Etenim
550 1949 575 1977 is
589 1949 699 1977 demum
717 1950 782 1985 pius
800 1950 944 1980 habendus
959 1956 1012 1985 est,
1027 1961 1082 1981 non

1136 1581 1176 1615 εἷς
1191 1580 1396 1618 καταρώμενοςι
1410 1580 1483 1613 τίνος
1492 1580 1583 1615 φωνῆς
1592 1580 1782 1608 είσακούσεται
1798 1582 1811 1608 6
1823 1581 1931 1608 Δεσπό-

1135 1638 1224 1666 τηςςι

1178 1719 1208 1747 Ὀ
1220 1718 1255 1746 τὰ
1268 1718 1361 1755 ἑτέρου
1377 1716 1537 1753 λαμϐάνων,
1562 1716 1610 1744 καὶ
1622 1717 1708 1752 ἑτέρῳ
1725 1716 1814 1748 διδοὺς
1835 1715 1888 1743 οὐκ
1900 1716 1932 1751 ἠ-

1136 1765 1243 1802 λέησεν,
1260 1764 1328 1792 ἀλλὰ
1341 1763 1389 1792 καὶ
1402 1763 1532 1799 ἠδίκησεν
1554 1762 1663 1790 ἀδικίαν
1677 1763 1728 1799 τὴν
1741 1762 1872 1798 ἐσχάτην.
1900 1763 1932 1789 El

1138 1813 1188 1848 μὲν
1202 1811 1257 1848 γὰρ
1271 1812 1355 1843 ἐλεεῖς
1370 1810 1401 1843 ἐξ
1422 1806 1459 1837 ὧν
1473 1810 1586 1844 ἀδικεῖς,
1613 1809 1723 1844 ἐλέησον
1748 1808 1796 1840 οὓς
1812 1809 1932 1840 ἀδικεῖς.

1137 1858 1260 1895 Εὐσεϐὴς
1282 1858 1336 1893 γὰρ
1351 1857 1465 1890 ἐκεῖνος,
1484 1856 1534 1892 οὐχ
1560 1856 1575 1882 6
1592 1855 1706 1887 πολλοὺς
1722 1854 1817 1888 ἐλεῶν,
1841 1854 1903 1882 ἀλλ’
1920 1855 1934 1882 6
1984 1863 1991 1869 ‘

1139 1904 1222 1941 μηδὲν
1232 1902 1409 1931 ἀδικῶν.Ἔτι
1421 1901 1453 1937 [Γ.
1462 1900 1534 1937 εἴτι]
1547 1900 1577 1927 δὲ
1590 1901 1638 1928 καὶ
1646 1899 1726 1927 πάλιν
1737 1899 1823 1926 ὲλεεῖν
1836 1899 1933 1935 βούλῃ,

1142 1952 1254 1987 ἐλέησον
1273 1949 1327 1977 ἀπὸ
1340 1948 1395 1975 σῶν
1411 1946 1526 1984 καρπῶν
1540 1946 1725 1982 δικαιοσύνης.

293 1996 340 2030 qui
354 1996 504 2024 multorum
520 1998 697 2031 misereatur,
714 1999 764 2027 sed
785 1999 832 2035 qui
859 2000 999 2029 neminem
1028 2002 1131 2038 iniuria
1160 2000 1274 2029 alliciat.
1294 1996 1374 2031 Quod
1400 1996 1424 2024 si
1453 1994 1674 2024 misericordiam
1707 1994 1851 2030 impertire
1872 1994 1935 2032 vis,

295 2043 328 2071 dc
344 2043 460 2079 iustitiae
480 2045 619 2074 fructibus
641 2047 666 2073 id
690 2047 784 2076 facito.

332 2089 360 2116 Si
376 2090 542 2125 pauperibus
560 2091 692 2125 seminas,
715 2100 776 2128 quae
801 2097 847 2121 tua
865 2099 931 2122 sunt
949 2095 1082 2124 semines.

295 2135 392 2163 Aliena
419 2136 557 2171 siquidem
587 2137 734 2165 acerbiora
761 2139 877 2168 zizaniis
907 2144 983 2168 sunt.
1016 2140 1083 2168 Nam

295 2188 393 2216 agrum
412 2182 480 2210 colis
495 2190 576 2219 quem
591 2187 696 2212 metere
712 2192 766 2212 non
780 2186 883 2221 possis.

1170 2091 1203 2119 Et
1220 2089 1343 2124 σπείρεις
1357 2086 1485 2122 πτωχοῖς,
1500 2085 1535 2112 τὰ
1552 2084 1666 2112 σεαυτοῦ
1682 2085 1803 2121 σπεῖρον.
1821 2087 1863 2113 Τὰ
1879 2088 1936 2124 γὰρ

1135 2136 1265 2172 ἀλλότρια
1278 2133 1406 2166 ζιζανίων
1432 2131 1592 2167 πικρότερα·
1607 2131 1743 2166 γεωργεῖς
1756 2131 1812 2168 γὰρ
1835 2133 1936 2169 ἀγρὺν,

1137 2183 1167 2210 ὃν
1183 2182 1290 2218 θερίσαι
1301 2180 1331 2207 οὺ
1344 2178 1468 2206 δύνασαι.

297 2235 365 2264 ΤΙΤ.
379 2231 450 2264 XVI.
466 2254 502 2276 —_
515 2237 565 2276 De
575 2239 798 2276 redemptoribus,
816 2244 845 2276 et
855 2241 1081 2276 procuratoribus,

1137 2236 1428 2276 ΤΙΤΛηΙςἏ-ς-Πςρὶ
1445 2234 1622 2276 ἐρηολαόᾧν,
1711 2235 1875 2276 ξιξτρλέωνῖ,
1893 2239 1938 2272 εις

454 2273 499 2308 qui
515 2271 542 2300 se
556 2273 582 2300 in
594 2271 696 2301 alienos
710 2274 770 2302 lites
789 2271 925 2310 inﬁciunt.

331 2316 411 2345 Prov.
446 2325 528 2350 nrt,
560 2318 602 2345 17.
619 2334 656 2339 -—
684 2320 702 2345 ι’
724 2318 802 2347 Sicut
825 2320 874 2354 qui
903 2322 1085 2357 apprehendit

296 2363 411 2391 caudam
427 2363 516 2396 canis,
535 2363 576 2392 sic
590 2363 638 2399 qui
659 2369 760 2400 praeest
776 2365 818 2393 liti
836 2366 941 2395 alienae.
968 2377 977 2393 I

332 2407 387 2435 Im.
410 2416 534 2443 xxxvm,
568 2408 642 2435 7.-—-
666 2418 676 2434 ι
705 2408 859 2438 Consilium
895 2411 1083 2447 improborum

297 2454 395 2490 iniqua
409 2455 491 2482 vult:
512 2455 605 2483 delere
624 2455 744 2484 humiles
766 2457 943 2486 sermonibus
959 2458 1083 2494 iniustis,

296 2504 324 2529 et
337 2500 473 2536 dissipare
483 2508 626 2530 sermones
640 2509 790 2537 pauperum
806 2502 833 2530 in
847 2502 965 2538 iudicio.
984 2513 994 2531 ι

331 2546 417 2574 Eccli.
432 2554 510 2579 uix,
525 2547 571 2575 26.
591 2562 626 2567 —
640 2556 650 2574 ι
667 2547 722 2581 Qui
745 2553 863 2577 conatur
885 2550 972 2578 multa
992 2558 1084 2587 agere,

295 2592 400 2621 incidet
412 2592 441 2620 in
456 2592 599 2628 iudicium.
620 2603 630 2620 ι

332 2637 418 2666 Ecclt'.
431 2645 472 2670 xi,
486 2638 512 2666 9.
528 2655 564 2660 —
580 2648 590 2666 ι
610 2638 649 2667 De
662 2640 773 2675 negotio
784 2641 859 2676 quod
882 2641 932 2670 tibi
955 2648 1085 2670 necessa-

297 2684 369 2712 rium
384 2692 441 2712 non
459 2689 514 2720 est,
534 2692 569 2713 ne
589 2685 718 2714 certeris.
734 2695 743 2711 ι

298 2737 366 2766 Tl'l‘.
387 2738 470 2767 XVII.
483 2755 518 2761 ——
532 2740 568 2769 De
585 2740 676 2776 probis
689 2741 829 2776 episcopis,
851 2747 876 2769 et
892 2742 1022 2770 ntandata
1036 2742 1085 2770 Dei

604 2777 779 2804 servantibus.

335 2815 417 2844 Leuit.
436 2826 492 2851 xxi,
503 2819 546 2852 l7,
555 2820 602 2853 23,
616 2820 710 2848 M.—r
722 2819 818 2850 Omnis
829 2822 912 2851 homo
921 2823 948 2851 in
958 2831 1014 2858 quo
1029 2822 1087 2852 fuc-

301 2862 337 2889 rit
349 2863 465 2896 macula,
481 2872 536 2893 non
547 2866 659 2895 accedet
674 2870 703 2895 ut
715 2867 820 2896 oil‘crat.
831 2869 919 2898 llomo
929 2877 1031 2904 caecus,
1044 2870 1085 2898 vel

1204 2269 1368 2308 ἁλλότρίας
1386 2269 1474 2304 δίκαζε
1487 2269 1615 2302 ἑαυτοὺς
1630 2269 1862 2304 ἐμϐαλλόντων.

1172 2331 1183 2349 ι
1190 2321 1296 2356 Ὠσπερ
1311 2319 1325 2347 6
1332 2317 1445 2354 κρατῶν
1455 2316 1556 2352 κέρκου
1567 2315 1661 2348 κυνὸς,
1669 2315 1756 2348 οὕτως
1764 2317 1779 2343 6
1791 2325 1861 2353 προε
1866 2318 1938 2351 πὼ,

1135 2366 1280 2403 ἀλλοτρίας
1291 2365 1421 2401 κρίσεως.
1434 2372 1444 2390 ›

1173 2423 1182 2440 ι
1197 2411 1285 2447 Βουλὴ
1300 2410 1356 2438 τῶν
1369 2408 1497 2444 πονηρῶν
1520 2408 1608 2443 ἄνομα
1624 2407 1760 2443 βούλεται,
1780 2411 1939 2444 καταφθεῖ-

1136 2469 1182 2496 ραι
1195 2458 1340 2489 ταπεινοὺς
1354 2457 1384 2483 ὲν
1394 2455 1485 2490 λόγοις
1503 2454 1618 2488 ἀδίκοις,
1634 2454 1682 2481 καὶ
1696 2455 1883 2484 διασκεδάσαι
1896 2457 1942 2484 λό-

1134 2513 1201 2540 γους
1214 2503 1338 2534 πενήτων
1351 2503 1380 2529 ὲν
1392 2500 1493 2536 κρίσει.
1511 2509 1521 2527 ι

1177 2551 1207 2577 '0
1221 2549 1327 2577 διώκων
1343 2546 1533 2584 ἑργολάδειαν,
1549 2545 1713 2581 ἐμπεσεῖται
1729 2546 1772 2578 εἰς
1784 2547 1894 2583 κρίσιν.
1909 2558 1919 2575 ι

1173 2647 1183 2665 ι
1198 2637 1268 2673 Περὶ
1281 2636 1444 2672 πράγματος
1462 2633 1493 2663 οὗ
1511 2636 1562 2663 οὐκ
1574 2635 1631 2663 ἔστι
1642 2644 1684 2662 σοι
1704 2635 1799 2672 χρεία,
1823 2637 1864 2675 μὴ
1881 2638 1943 2675 ἐρέ-

1136 2684 1204 2717 θιζε.
1224 2694 1233 2710 ο

1136 2741 1227 2770 ΤΙΤΛ.
1244 2740 1583 2777 122-Περὶέπισξιόπῳιζ
1591 2739 1806 2777 χρηστῶν-,μαι
1822 2743 1947 2777 φυλατ-

1285 2777 1398 2803 τόντων
1412 2775 1465 2809 τᾲς
1478 2775 1604 2808 ἐντολὰς
1615 2774 1669 2802 τοῦ
1684 2774 1774 2803 Θεοῦ.

1175 2831 1184 2848 ι
1197 2823 1253 2854 Πᾶς
1269 2817 1454 2857 ἀνθρωπος,ᾦ
1466 2819 1526 2857 ἂνῇ
1543 2820 1639 2856 μῶμος
1654 2821 1684 2847 ἐν
1698 2821 1789 2857 αὐτῷ,
1805 2823 1840 2850 οὖ
1857 2833 1950 2860 πρω-

1138 2868 1277 2910 ε).εύσεται
1293 2867 1468 2904 προσφέρειν.
1487 2866 1650 2910 Ἄνθρωπος
1669 2867 1787 2903 τυφλὸς,
1807 2869 1827 2905 ἢ
1845 2870 1952 2910 χωλρς,
