2056 3113
150 116 217 162 ιδδτ

752 127 870 158 SACRA
890 126 1123 158 PARALLELA.

1719 127 1788 162 1538

147 184 164 219 ἢ
181 182 333 219 κολοδόριν,
361 182 381 218 ’ἢ
400 181 572 218 ἁπότμητος,
601 182 617 218 ἢ
693 183 727 210 ἂν
782 183 941 219 σύντριμμα

1000 183 1126 216 claudus,
1147 182 1189 210 vel
1208 189 1275 211 naso
1301 183 1439 216 mutilato,
1457 184 1500 212 vel
1523 184 1636 212 auribus
1661 190 1789 220 amputa-

148 228 240 265 χειρὸς
250 228 267 263 ἢ
281 228 372 259 ποδὸς,
387 227 404 263 ἢ
418 228 528 263 κυρτὸς,
546 228 563 263 ἦ
579 227 678 264 ἐφηλος
690 228 754 260 τοὺς
768 228 944 263 ὀφθαλμοὺς,

147 274 166 310 ἦ
178 273 300 307 πτιλλός,
313 274 330 310 ἢ
347 270 370 307 ᾧ
384 274 419 303 ἂν
469 274 498 300 ἐν
513 274 589 309 αὐτῷ
604 273 684 309 ψώρα
699 274 796 309 ἀγρία,
810 275 827 310 ἢ
843 274 947 311 λειχὴν,

122 314 129 322 “
148 319 165 355 ἢ
182 319 320 355 μονόρχις,
341 319 372 345 οὺ
395 319 556 354 προσεγγιεί
577 318 624 345 τοῦ
641 319 837 354 προσενεγκεῖν
851 318 949 350 θυσίας

149 365 255 401 Κυρίῳ,
283 365 324 391 ὅτι
341 363 438 399 μῶμος
455 364 485 391 ὲν
506 363 591 398 αὐτῷ.
610 363 678 390 Ἀπὸ
705 363 761 390 τῶν
783 362 878 399 δώρων
894 363 948 390 τῶν

150 411 236 445 ἁγίων
250 410 378 446 φάγεται,
392 409 462 446 πλὴν
474 409 542 446 πρὸς
558 409 589 436 τὸ
602 409 803 445 καταπέτασμα
814 409 845 436 οὐ
861 417 948 444 προσ-

150 456 301 489 ελεύσεται,
317 456 364 483 καὶ
380 456 448 492 πρὸς
470 455 500 482 τὸ
524 455 721 491 θυσιαστήριόν
737 464 787 490 μου
802 455 853 482 οὐκ
873 455 950 490 ὲγγί-

151 503 203 535 ζει.
214 501 334 528 Γυναῖκα
349 501 453 538 πόρνην
474 501 522 528 καὶ
539 500 734 537 βεδηλωμένην
753 501 785 528 οὺ
801 500 946 536 λήψονται,

150 549 192 576 ὃτι
205 548 278 584 amt
289 547 369 575 είσίν.
388 557 398 574 ι

192 647 202 664 ι
222 637 253 664 οι
271 637 355 673 ἱερεῖς
385 645 432 664 σου
449 636 604 664 ὲνδὺσονται
631 636 824 673 δικαιοσύνην,
853 637 902 664 καὶ
922 635 948 663 οῑ

154 683 222 711 δοιοί
239 691 287 710 σου
302 683 460 718 ἀγαλλιάσει
471 683 694 718 ἀγαλλιάσονται.
708 692 718 709 ι

193 740 203 756 ι
217 729 347 762 Γνωστῶς
363 729 504 766 ἐπιγνώσῃ
515 729 605 765 ψυχὰς
619 729 744 765 ποιμνίου
762 737 822 763 σου,
835 728 883 757 καὶ
893 729 950 756 ἔπι-

157 777 266 813 στήσεις
280 775 395 812 καρδίαν
413 785 460 803 σου
470 777 531 807 σαῖς
544 775 667 810 ἀγέλαις.
687 785 696 802 ι

1000 227 1048 260 tis.
1066 227 1109 255 vel
1126 227 1283 262 cuicunque
1309 227 1393 263 510
1421 228 1505 256 fuerit
1531 229 1662 257 contritio
1690 237 1790 258 manus

999 276 1048 300 aut
1070 272 1159 307 pedis,
1177 272 1221 300 vel
1248 273 1394 307 gibhosus,
1419 273 1461 301 vel
1487 273 1603 308 ephelus
1629 275 1730 306 oculis.
1746 275 1790 302 vel

998 318 1180 351 maculosus;
1195 318 1237 346 vel
1256 318 1338 346 homo
1355 318 1382 345 in
1405 326 1461 354 quo
1486 318 1570 347 fuerit
1586 319 1695 348 scabies
1711 327 1794 356 agre-

999 363 1062 396 stis,
1078 364 1122 391 vel
1140 363 1281 399 impetigo,
1300 363 1344 391 vel
1359 364 1443 392 unius
1462 365 1597 398 testiculi,
1616 373 1671 393 non
1687 374 1790 402 appro-

999 410 1146 445 pinquabit
1164 410 1197 437 ad
1223 409 1392 437 ollerendnm
1421 410 1558 438 sacrillcia
1580 409 1708 445 Domino,
1724 413 1789 448 quia

999 456 1107 483 macula
1121 459 1163 483 est
1179 455 1206 483 in
1223 462 1266 483 eo.
1289 456 1328 483 Ex
1348 455 1430 483 donis
1446 456 1554 484 sanctis
1568 457 1695 484 comedet
1713 467 1720 485 :
1742 466 1790 486 ve-

999 506 1156 530 rumtamen
1170 501 1205 528 ad
1219 501 1310 529 velum
1324 509 1379 529 non
1394 501 1522 535 accedet,
1543 506 1570 530 et
1583 502 1616 530 ad
1633 503 1721 531 altare
1735 511 1790 531 non

999 548 1244 584 appropinquabit.
1259 546 1401 576 Mulierem
1413 549 1586 576 meretricem
1601 552 1628 577 et
1643 549 1789 584 profanam

999 600 1055 620 non
1066 593 1216 628 accipient,
1236 593 1367 628 quoniam
1388 594 1478 621 sancti
1493 599 1570 622 sunt.
1586 604 1596 621 ι

1034 637 1110 666 Paul.
1135 646 1236 671 exui,
1261 638 1287 666 9.
1307 653 1342 659 ——
1366 648 1375 664 ι
1394 637 1560 668 Sacerdotes
1575 640 1613 668 tui
1641 641 1792 668 induantur

997 683 1148 719 justitiam,
1161 688 1189 712 et
1207 684 1295 712 sancti
1309 684 1349 712 tui
1364 684 1551 712 exsultatione
1565 686 1754 714 exsultabunt.
1778 696 1788 713 ι

1036 729 1118 757 Prov.
1143 737 1239 762 uvu,
1263 730 1359 758 25.—
1376 739 1385 756 ι
1414 729 1489 758 Scite
1507 737 1660 766 cognosces
1685 733 1791 759 animas

999 775 1109 810 pecoris
1139 774 1190 808 tui,
1219 778 1247 803 et
1270 782 1358 810 pones
1387 782 1437 803 cor
1468 778 1548 802 tuum
1579 783 1663 812 super
1695 784 1792 813 greges

1001 825 1075 849 tuos.
1098 830 1108 847 ι

193 876 202 892 ι
212 866 375 902 Ποιμαινετε
396 866 432 893 τὰ
447 866 573 902 πρόϐατα
594 866 645 902 τῆς
674 865 794 901 σφαγῆς,
810 865 828 893 ἃ
841 865 866 892 οε
881 874 948 901 κτη-

1037 867 1121 894 Zach.
1144 875 1189 900 xl,
1205 867 1233 894 4.
1248 881 1282 889 —-
1301 877 1311 894 ι
1329 867 1438 896 Pascite
1454 875 1521 897 oves
1539 868 1705 901 occisionis,
1720 876 1791 904 quas

158 912 269 947 σάμενοι
289 911 472 946 κατέσφαζον,
497 912 544 939 καὶ
565 911 596 938 οὐ
627 910 836 946 μετεμελοΰντο,
861 911 910 938 καὶ
923 912 948 938 ot

155 958 310 990 πωλοῦντες
320 958 389 985 αὐτὰ
401 957 493 992 ἔλεγον
506 966 512 973 ·
529 957 683 993 Εὐλογητὸς
698 957 812 993 Κύριος.
835 957 883 984 καὶ
897 966 948 984 πε-

156 1005 362 1041 πλουτήκαμεν,
391 1005 440 1032 καὶ
454 1005 479 1031 οἱ
501 1004 632 1040 ποιμένες
647 1003 738 1031 αὐτῶν
754 1004 805 1031 οὐκ
829 1003 948 1040 ἔπασχον

155 1049 232 1076 οὐδὲν
248 1049 292 1076 ἐπ’
307 1049 412 1081 αὐτοῖς.

194 1104 204 1121 ι
214 1095 262 1121 Υἱὲ
285 1095 442 1130 ἀνθρώπου,
470 1094 574 1122 σκοπὸν
588 1094 694 1122 δέδωκά
707 1103 737 1122 σε
754 1094 793 1130 τῷ
808 1093 875 1130 οἴκῳ
896 1094 949 1121 Ἰσ-

158 1141 237 1177 ραὴλ,
255 1141 302 1168 καὶ
313 1141 429 1168 ἀκοῦσαι
444 1141 477 1167 ὲκ
491 1141 539 1168 τοῦ
564 1141 698 1176 στόματός
715 1149 766 1177 μου
781 1140 871 1175 λόγον,
901 1140 949 1167 καὶ

156 1187 305 1214 διαστεῖλαι
334 1186 426 1219 αὐτοῖς
450 1187 517 1223 παρ’
533 1187 611 1222 ἐμοῦ.
634 1187 678 1213 Ἐν
693 1187 732 1222 τῷ
756 1187 846 1221 λέγειν
863 1195 897 1222 με
909 1186 949 1222 τῷ

155 1233 260 1269 ἀνόμῳ,
273 1233 443 1268 ἀποστρέψαι
460 1233 514 1260 ἀπὸ
526 1232 580 1259 τῶν
594 1233 663 1260 ὁδῶν
676 1232 759 1260 αὑτοῦ
773 1232 822 1259 τοῦ
838 1233 888 1268 ζῇν
900 1233 949 1259 αὺ-

156 1279 211 1306 τόν·
228 1279 277 1306 ἐὰν
293 1280 307 1306 ὁ
320 1279 423 1314 ἄνομος
437 1279 540 1310 ἐκεῖνος
556 1280 589 1315 τῇ
602 1278 694 1315 ἀδικίᾳ
711 1278 794 1306 αὐτοῦ
811 1278 949 1313 ἀποθάνη-

156 1333 212 1358 ται,
228 1325 259 1351 τὸ
271 1322 340 1360 αἷμα
354 1324 436 1351 αὑτοῦ
449 1326 481 1352 ὲκ
496 1325 547 1360 τῆς
563 1324 654 1361 χειρός
665 1333 712 1352 σου
726 1324 879 1360 ὲκζητὴσω.
893 1323 950 1350 Καὶ

159 1369 191 1396 σὺ
206 1369 254 1396 ἐὰν
263 1369 401 1405 διαστείλῃ
421 1369 461 1405 τῷ
474 1369 578 1405 ἀνόμῳ,
593 1369 641 1396 καὶ
658 1370 696 1405 μὴ
709 1369 870 1404 ἀποστρέψῃ
895 1368 949 1396 ἁπδ

157 1416 207 1452 τῆς
221 1415 335 1452 ἀνομίας
349 1415 443 1448 αὑτοῦ,
471 1416 500 1442 ὲν
515 1417 549 1451 τῇ
578 1415 672 1451 ἀδικίᾳ
696 1414 779 1442 αὑτοῦ
805 1414 949 1442 ἀποθανεῖ-

157 1470 213 1494 ται,
224 1462 272 1488 καὶ
284 1461 316 1488 σὺ
331 1461 380 1497 τὴν
391 1461 482 1497 ψυχήν
495 1470 543 1488 σου
560 1461 640 1497 ῥύσῃ.
660 1461 714 1488 Καὶ
722 1461 752 1487 ὲν
764 1459 804 1495 τῷ
820 1459 950 1495 ἀποστρέ-

159 1515 218 1542 φειν
234 1507 348 1540 δίκαιον,
360 1508 407 1534 καὶ
418 1507 526 1543 ποιήσει
539 1508 728 1543 παράπτωμα,
747 1506 776 1532 ὲν
785 1506 846 1537 ταῖς
861 1505 951 1540 ἀμαρ-
963 1519 986 1551 c

158 1553 230 1584 Ιτίαις
244 1552 327 1579 αὐτοῦ
341 1553 526 1585 ἀποθανεῖται,
551 1552 617 1579 διότι
635 1552 664 1579 οὐ
682 1551 719 1587 μὴ
744 1551 903 1587 μνησθῶσιν
921 1551 950 1577 αι

159 1599 328 1626 δικαιοσύναι
341 1599 435 1630 αὐτοῦ,
448 1599 495 1625 καὶ
507 1598 537 1625 τὸ
549 1595 620 1634 αἷμα
637 1598 669 1624 ἐκ
680 1598 731 1633 τῆς
742 1597 833 1633 χειρός
850 1605 898 1624 σου
906 1597 951 1624 ὲκ-

160 1644 279 1679 ζητήσω.
301 1643 364 1671 Ἐὰν
377 1643 405 1670 δὲ
419 1643 557 1678 διαστείλῃ
568 1642 606 1678 τῷ
625 1642 721 1679 δικαίῳ
734 1641 782 1669 τοῦ
800 1642 838 1678 μὴ
858 1642 951 1678 ἁμαρ-

160 1690 261 1722 τάνειν,
274 1690 306 1716 σὺ
321 1689 369 1726 τὴν
385 1689 499 1717 σεαυτοῦ
513 1689 600 1724 ψυχὴν
619 1689 699 1724 ῥύσῃ.
715 1697 724 1715 ι

197 1745 207 1762 ι
221 1733 300 1764 Οἶνον
311 1736 340 1763 οὐ
356 1736 394 1772 μὴ
416 1736 498 1762 πίωσι
514 1736 569 1767 πᾶς
581 1735 670 1770 ἱερεὺς
693 1735 722 1761 ἔν
737 1733 776 1770 τῷ
792 1733 952 1770 εἰσπορεύε-

162 1781 224 1808 σθαι
241 1781 323 1809 αὐτὸν
337 1781 377 1813 εἰς
388 1781 438 1816 τὴν
452 1780 536 1815 αὐλὴν
550 1781 699 1816 ἐσωτέραν.
719 1780 766 1807 Ἐκ
779 1780 888 1807 πάντων
897 1779 952 1806 τῶν

160 1827 295 1863 ἀπαρχῶν
306 1826 384 1862 ὑμῶν
397 1828 454 1858 τοῖς
463 1826 580 1861 ἱερεῦσιν
600 1825 686 1853 ἔσται.
707 1835 716 1852 ι

199 1883 208 1899 ι
221 1873 253 1900 Οἱ
268 1871 434 1908 φυλάξαντες
449 1871 530 1903 ὁσίως
549 1871 584 1899 τὰ
600 1872 670 1905 ὅσια,
682 1871 888 1908 όσιωθήσονται,
905 1871 952 1899 καὶ

161 1919 186 1946 oi
200 1918 371 1954 διδαχθέντες
381 1917 463 1950 αὐτὰ,
479 1917 640 1952 εὑρήσουσιν
653 1917 811 1951 ἀπολογίαν.
825 1925 834 1943 ι

998 914 1046 949 qui
1063 914 1260 949 possederunt,
1290 915 1508 948 interﬁciebant,
1535 919 1563 943 et
1589 922 1644 942 non
1673 915 1792 949 agebant

999 960 1214 996 pmnitentiam;
1239 965 1267 988 et
1293 961 1343 996 qui
1374 961 1530 989 vendebant
1554 968 1612 994 eas,
1639 961 1790 989 dicebant:

999 1007 1164 1035 Benedictus
1189 1007 1333 1040 Dominus,
1362 1011 1389 1035 et
1408 1007 1511 1035 divites
1540 1006 1606 1034 facti
1629 1014 1739 1039 sumus,
1763 1010 1792 1034 ct

999 1057 1126 1089 pastores
1143 1061 1240 1081 earnm
1255 1053 1324 1080 nihil
1339 1052 1515 1088 patiebantur
1535 1060 1619 1088 super
1634 1053 1685 1080 eis.
1708 1061 1718 1079 ι

1034 1098 1132 1127 Each.
1152 1106 1203 1130 Ill,
1219 1098 1314 1127 17-21,
1331 1112 1365 1117 --
1384 1107 1394 1123 ι
1413 1097 1467 1125 Fili
1484 1097 1616 1129 hominis,
1636 1097 1788 1132 speculato-

999 1153 1057 1174 rem
1073 1145 1136 1173 dedi
1168 1148 1195 1172 te
1210 1144 1303 1171 domui
1323 1143 1425 1176 Israel,
1452 1147 1479 1172 et
1505 1148 1535 1171 ut
1559 1143 1655 1171 audias
1680 1152 1716 1171 ex
1742 1151 1792 1171 ore

999 1193 1060 1218 meo
1073 1189 1198 1221 verbum,
1213 1192 1241 1216 et
1263 1188 1409 1224 praecipias
1429 1188 1471 1216 eis
1491 1195 1525 1215 ex
1547 1195 1600 1215 me.
1626 1187 1655 1215 Si
1682 1187 1792 1215 dicente

997 1243 1042 1263 me
1058 1236 1092 1263 ad
1108 1235 1247 1270 iniquum,
1265 1239 1294 1262 ut
1313 1238 1456 1261 avertatur
1471 1241 1486 1261 a
1502 1234 1555 1261 viis
1569 1234 1639 1266 suis,
1655 1237 1683 1261 ut
1698 1234 1790 1265 vivat;

999 1282 1023 1308 si
1043 1281 1158 1316 iniquus
1173 1281 1218 1308 ille
1234 1281 1262 1308 in
1287 1280 1432 1316 iniquitate
1456 1287 1507 1307 sua
1535 1284 1665 1307 mortuus
1695 1279 1791 1310 fuerit,

999 1325 1162 1360 sanguinem
1185 1325 1246 1360 ejus
1273 1325 1307 1352 de
1333 1332 1417 1352 manu
1441 1329 1488 1352 tua
1515 1325 1668 1360 requiram.
1694 1324 1743 1352 Sin
1762 1327 1792 1351 tu

999 1370 1163 1405 praeceperis
1180 1371 1291 1405 iniquo,
1310 1377 1360 1397 nec
1377 1377 1529 1397 conversus
1546 1369 1627 1397 fuerit
1642 1377 1675 1397 ex
1691 1369 1794 1405 iniqui-

999 1419 1054 1443 tate
1069 1423 1131 1448 sua,
1152 1415 1178 1442 in
1198 1415 1334 1450 injustitia
1352 1423 1403 1443 sua
1421 1415 1563 1448 morietur,
1581 1419 1609 1443 et
1622 1420 1650 1442 tu
1669 1416 1792 1442 animam

1000 1466 1075 1488 luam
1095 1460 1240 1488 liberabis.
1262 1459 1296 1487 Et
1312 1467 1376 1488 cum
1393 1460 1524 1488 averterit
1542 1467 1572 1488 se
1585 1461 1690 1495 justus,
1704 1464 1732 1488 et
1750 1459 1793 1488 fe-

1001 1506 1071 1533 cerit
1087 1505 1229 1538 delictum,
1245 1506 1272 1532 in
1290 1505 1412 1540 peccatis
1435 1506 1494 1532 suis
1512 1506 1658 1538 morietur,
1674 1512 1707 1532 eo
1720 1505 1794 1540 quod

1003 1559 1059 1579 non
1081 1556 1162 1578 erunt
1179 1551 1206 1578 in
1226 1551 1358 1578 memoria
1374 1551 1490 1584 justitize
1515 1551 1611 1584 illius;
1635 1555 1662 1578 et
1681 1552 1794 1587 sangui-

1002 1604 1064 1624 nem
1085 1596 1145 1632 ejus
1160 1596 1194 1624 de
1214 1603 1297 1623 manu
1318 1600 1366 1622 tua
1384 1596 1535 1630 requiram.
1560 1595 1591 1623 Si
1615 1602 1706 1624 autem
1725 1605 1795 1632 praa~

1002 1642 1110 1677 ceperis
1133 1642 1210 1677 iusto
1238 1645 1267 1669 ut
1291 1649 1347 1669 non
1375 1646 1482 1677 peccet,
1514 1646 1544 1669 tu
1572 1642 1692 1670 animam
1719 1647 1795 1671 tuam

1003 1688 1147 1716 liberabis.
1170 1698 1179 1714 ι

1038 1733 1134 1761 Ezerh.
1150 1741 1224 1766 xuv,
1240 1734 1287 1768 2i,
1303 1734 1386 1762 30.—
1403 1743 1412 1760 ι
1430 1733 1531 1762 Vinum
1546 1741 1600 1761 non
1613 1733 1689 1762 bibet
1704 1735 1795 1763 omnis

1003 1780 1146 1813 sacerdos,
1164 1780 1277 1816 quando
1290 1780 1462 1816 ingredietur
1483 1779 1511 1806 in
1541 1779 1643 1806 atrium
1666 1779 1794 1807 interius.

1003 1827 1042 1855 Ex
1054 1828 1183 1856 omnibus
1203 1827 1335 1863 primitiis
1352 1826 1467 1860 vestris,
1484 1825 1679 1854 sacerdotibus
1696 1826 1759 1853 erit.
1781 1835 1790 1852 ι

1037 1873 1101 1908 Sap.
1117 1881 1163 1906 vt,
1183 1874 1224 1901 ll.
1239 1887 1275 1892 —
1293 1881 1302 1898 ι
1323 1871 1375 1905 Qui
1403 1871 1479 1906 justa
1502 1870 1699 1904 custodierint,
1725 1877 1793 1898 san-

1002 1919 1224 1947 ctiﬁcabuntur:
1252 1922 1280 1946 et
1312 1919 1360 1953 qui
1383 1916 1534 1945 didicerint
1561 1916 1627 1951 ista,
1653 1915 1794 1944 invenient

1001 1964 1069 2001 quid
1085 1964 1280 2000 respondeant.
1300 1973 1310 1990 ι

200 2018 210 2036 ι
227 2009 273 2045 Μὴ
285 2009 362 2045 ζήτει
376 2009 450 2044 παρὰ
465 2008 561 2043 κυρίου
588 2007 762 2043 κηδεμονίαν,
781 2007 850 2044 μηδὲ
876 2007 951 2044 παρὰ

1040 2009 1123 2037 Eccti.
1141 2018 1191 2042 vn,
1212 2010 1240 2043 4,
1256 2009 1300 2036 5|.
1315 2023 1349 2029 —
1364 2019 1374 2034 ι
1392 2007 1455 2036 Noli
1475 2015 1601 2043 quaerere
1629 2007 1664 2036 ab
1682 2007 1794 2036 homine

162 2055 295 2091 βασιλέως
318 2056 454 2092 καθέδραν
472 2055 561 2091 δόξης.
578 2055 622 2081 Ἐν
646 2055 694 2090 ὅλῃ
713 2055 787 2090 ψυχῇ
806 2062 853 2081 σου
871 2054 952 2081 εὐλα-

161 2101 210 2128 ϐοὖ
222 2102 267 2128 τὸν
280 2101 393 2137 Κύριον,
411 2102 459 2128 καὶ
471 2101 534 2132 τοὺς
549 2101 632 2136 ἱερεῖς
648 2099 732 2127 αὐτοῦ
748 2099 872 2135 θαύμαζε
885 2118 893 2127 .
907 2099 953 2126 ‘Ev

161 2147 211 2183 ὅλῃ
221 2148 334 2183 δυνάμει
355 2156 401 2174 σου
411 2145 507 2181 δόξαζε
530 2146 576 2173 τὸν
589 2146 743 2183 ποιήσαντά
754 2154 795 2178 σε,
816 2146 864 2173 καὶ
888 2145 953 2178 τοὺς

1003 2056 1146 2087 ducatum,
1173 2062 1263 2090 neque
1293 2062 1387 2090 arege
1415 2054 1576 2082 cathedram
1607 2054 1731 2082 honoris.
1764 2054 1792 2081 lu

1003 2105 1060 2129 tota
1085 2102 1174 2128 anima
1187 2105 1231 2128 tua
1249 2108 1343 2136 quaere
1360 2099 1518 2132 Dominum,
1535 2104 1562 2127 et
1582 2099 1743 2127 sacerdolrs
1759 2100 1791 2126 il-

1003 2149 1058 2175 lius
1078 2147 1198 2182 suscipe.
1219 2146 1247 2174 lu
1262 2147 1339 2174 omni
1366 2146 1468 2174 virtute
1493 2143 1538 2173 tua
1571 2145 1692 2181 gloriﬂca
1713 2145 1790 2172 illum

161 2193 334 2229 λειτουργοὺς
351 2193 434 2221 αὐτοῦ
459 2193 497 2229 μὴ
512 2192 710 2229 ἑγκαταλίπῃς.
727 2192 813 2220 Φοὸοὖ
826 2192 873 2220 τὸν
892 2191 950 2219 Κύ-

1003 2194 1050 2229 qui
1065 2192 1129 2221 fecit
1143 2197 1180 2225 te,
1198 2197 1224 2220 el
1239 2192 1382 2220 ministros
1394 2191 1455 2226 ejus
1471 2199 1507 2219 ne
1515 2191 1700 2225 derelinquas.
1716 2190 1792 2218 Time

164 2248 233 2276 ριον,
256 2241 304 2267 καὶ
311 2240 422 2273 δόξασον
446 2239 532 2275 ἱερέα,
547 2239 595 2266 καὶ
609 2238 654 2270 δὸς
666 2239 717 2273 τὴν
737 2238 836 2274 μερίδα
848 2237 950 2271 αὐτῶν,

162 2285 255 2318 καθὼς
275 2286 428 2313 ἐνετείλατό
439 2294 490 2312 σοι.
512 2294 522 2311 ι

203 2340 213 2357 ι
226 2329 396 2366 Ὶίγούμενόν
403 2339 432 2358 σε
446 2330 617 2366 κατέστησαν
627 2338 634 2363 ;
646 2329 683 2365 μὴ
699 2329 824 2365 ἔπαίρου.
835 2329 914 2356 Γίνου
924 2329 953 2357 ὲν

163 2378 255 2410 αὐτοῖς
276 2378 314 2410 ὡς
329 2375 369 2410 εἷς
385 2377 415 2410 ἐξ
442 2376 543 2404 αὐτῶν.
556 2377 702 2413 Φρόπισον
719 2376 826 2408 αὐτῶν,
845 2376 892 2403 καὶ
907 2375 954 2402 οὗ-

162 2433 217 2457 1w;
244 2424 371 2457 κάθισον,
401 2424 450 2452 καὶ
477 2424 567 2451 πᾶσαν
594 2423 644 2459 τὴν
657 2422 754 2459 χρείαν
771 2431 818 2449 σου
837 2423 953 2458 ποιήσας

163 2470 311 2503 ἁνάπεσον,
328 2470 373 2498 ἵνα
398 2469 554 2505 εὐφρανθῇς
571 2469 605 2496 δι’
625 2468 742 2502 αὐτοὺς,
761 2469 809 2494 καὶ
829 2467 954 2499 εὐδοκίας

164 2517 244 2552 χάριν
259 2516 344 2552 λάϐῃς
356 2515 402 2544 τὸν
418 2515 561 2550 στέφανον.
571 2524 581 2540 ι

202 2571 213 2588 ι
236 2561 337 2588 Ἐλθὼν
355 2562 371 2588 ό
401 2560 503 2596 Ἰησοῦς
517 2561 558 2592 εἰς
580 2559 616 2587 τὰ
633 2559 704 2596 μέρη
717 2558 886 2595 Καισαρείας
903 2557 954 2594 τῆς

161 2607 308 2640 Φιλίππου,
321 2615 331 2633 ο
348 2606 396 2634 καὶ
405 2606 440 2634 τὰ
449 2606 540 2633 λοιπά.
567 2612 570 2615 ·

201 2663 211 2680 ι
226 2652 310 2681 Εἶπεν
327 2653 342 2680 δ
364 2653 466 2689 Κύριος
479 2652 517 2688 τῷ
534 2651 640 2688 Πέτρῳο
655 2651 748 2686 Σίμων
767 2650 854 2683 Ἰωνᾶ,
883 2649 954 2684 ἀγα-

164 2699 219 2736 πᾷς
234 2708 283 2735 με;
304 2709 314 2725 ι

203 2755 215 2773 ι
240 2745 364 2780 Ἐγένιτο
381 2744 545 2780 φιλονιίκεια
565 2744 594 2770 ἐν
607 2743 664 2774 τοῖς
687 2741 836 2778 μαθηταῖς,
850 2740 892 2773 τίς
903 2740 953 2767 αὑ-

164 2792 220 2822 τῶν
233 2792 306 2819 δοκεῖ
323 2789 392 2818 εἶναι
417 2789 527 2826 μείζων.
547 2789 577 2816 '0
590 2789 620 2816 δὲ
637 2787 742 2824 Ἰησοῦς
762 2785 838 2814 εἶπεν
850 2786 954 2818 αὐτοῖς⁹

168 2838 201 2866 Οἱ
221 2837 341 2876 βασιλεῖς
360 2836 415 2865 τῶν
432 2836 517 2865 ἔθνῶν
532 2833 778 2870 κατακυριεύουσιν
791 2833 892 2867 αὐτῶν,
908 2833 955 2860 καὶ

1005 2239 1160 2271 Dominum,
1177 2242 1205 2266 et
1221 2238 1327 2266 honora
1344 2238 1528 2270 sacerdotem,
1553 2241 1580 2264 et
1600 2236 1635 2264 da
1660 2236 1716 2264 illis
1730 2243 1794 2271 par-

1003 2288 1058 2312 tem
1074 2291 1152 2311 suam
1165 2283 1239 2311 sicut
1255 2282 1401 2311 mandavit
1416 2282 1479 2310 tibi.
1497 2291 1507 2308 ι

1039 2329 1124 2356 Eccti.
1144 2336 1237 2362 um.
1256 2329 1358 2356 l-5.—
1375 2337 1385 2355 ι
1408 2327 1555 2356 Rectorem
1574 2331 1602 2355 te
1617 2327 1794 2363 posuerunt?

1003 2374 1062 2402 noli
1078 2373 1176 2401 extolli
1194 2377 1275 2403 :esto
1294 2375 1323 2402 in
1345 2374 1400 2403 illis
1420 2373 1493 2402 sicut
1511 2381 1584 2401 unus
1596 2381 1630 2401 ex
1644 2373 1723 2408 ipsis.
1738 2371 1794 2400 Cu-

1004 2427 1063 2447 ram
1078 2419 1189 2446 iilorum
1205 2418 1287 2451 habe,
1304 2423 1330 2447 et
1342 2419 1384 2447 sic
1393 2419 1518 2453 conside,
1537 2424 1564 2447 et
1574 2419 1649 2446 omni
1664 2426 1732 2446 cura
1745 2422 1794 2445 tua

1003 2465 1131 2500 explicita
1148 2464 1289 2497 recumbc,
1306 2468 1337 2491 ut
1355 2464 1456 2492 laeteris
1476 2467 1590 2499 propter
1607 2463 1680 2496 illos,
1701 2466 1729 2490 et
1746 2462 1794 2490 be-

1004 2508 1169 2537 nevolentia:
1187 2508 1303 2544 gratiam
1321 2507 1441 2542 accipias
1460 2514 1602 2535 coronam.
1621 2516 1631 2533 ι
1811 2509 1815 2515 “

1040 2555 1138 2583 Matth.
1157 2563 1200 2582 va
1212 2575 1219 2587 ,
1237 2554 1282 2581 15.
1297 2568 1332 2575 --
1348 2562 1357 2580 ι
1378 2553 1459 2580 Venit
1479 2551 1561 2580 τιθείης
1579 2552 1608 2579 in
1623 2554 1716 2587 partes
1734 2549 1794 2578 Ca!-

1004 2609 1090 2631 sarea
1103 2601 1232 2636 Philippi,
1252 2609 1262 2626 ι
1279 2603 1306 2627 et
1318 2607 1379 2635 qua:
1393 2604 1560 2634 sequuntur.

1039 2648 1122 2676 Joan.
1139 2655 1204 2679 nl,
1226 2646 1270 2674 l6.
1286 2660 1322 2667 —
1341 2654 1350 2671 ι
1371 2644 1445 2672 Dixit
1465 2644 1548 2673 Iesus
1567 2643 1672 2671 Petro:
1697 2641 1793 2670 Simon

1004 2693 1085 2727 Jona,
1110 2693 1203 2728 diligis
1218 2699 1262 2720 me
1278 2691 1339 2727 plus
1360 2690 1425 2718 his?
1445 2699 1456 2716 ι
1473 2694 1529 2718 etc.
1795 2726 1798 2730 Ι

1041 2740 1104 2767 Luc.
1120 2746 1177 2766 xm
1188 2759 1195 2772 ,
1212 2737 1246 2765 24
1268 2745 1338 2772 seqq.
1355 2751 1390 2756 —
1407 2746 1417 2762 ι
1434 2734 1518 2764 Facta
1539 2738 1581 2763 est
1592 2733 1735 2763 contentio
1751 2734 1795 2761 in-

1006 2790 1049 2814 ter
1063 2784 1232 2820 discipulos,
1253 2783 1318 2818 quis
1333 2789 1429 2810 eorum
1447 2776 1588 2809 videretur
1609 2787 1672 2808 esse
1693 2778 1792 2814 major.

1006 2832 1088 2862 Jesus
1103 2835 1196 2861 autem
1211 2829 1281 2858 dixit
1295 2828 1356 2858 eis:
1373 2827 1461 2864 Reges
1474 2827 1597 2865 gentium
1613 2825 1793 2855 dominantur
