2073 3112
289 113 357 148 1539

898 118 928 148 S.
948 116 1107 148 JOANNIS
1126 115 1342 147 DAMASCENI

1852 118 1921 151 1540

285 180 391 205 eorum,
410 176 438 200 et
453 171 500 206 qui
516 176 680 208 potestatem
697 173 799 201 habent
811 181 895 209 super
907 182 967 206 cos,
986 175 1063 202 benc-

1122 173 1146 198 οἱ
1158 173 1361 205 ἐξουσιάζοντες
1376 173 1466 201 αὐτῶν
1483 173 1626 209 εὒεργέται
1644 174 1800 202 καλοῦνται.
1823 175 1922 211 Ὑμεῖς

287 217 332 245 ﬁci
346 222 491 246 vocantur.
513 218 566 246 Vos
585 222 675 246 autem
697 225 751 245 non
773 219 814 246 sic
829 228 838 245 :
858 219 905 247 sed
923 219 970 254 qui
986 219 1074 255 major

287 265 371 292 estin
386 265 476 296 vobis,
504 264 549 291 ﬁat
577 265 650 292 sicut
667 265 775 298 minor;
796 270 823 293 et
847 266 894 300 qui
921 273 1074 301 praecessor

285 314 338 343 est,
359 311 434 339 sicut
459 311 642 338 ministrator.
663 310 731 337 Nam
756 311 818 345 quis
842 312 930 346 major
951 315 1002 344 est,
1025 311 1073 346 qui

284 356 432 388 recumbit,
456 364 489 383 an
508 356 554 391 qui
570 356 731 384 ministrat?
753 364 845 384 nonne
866 357 944 392 511
962 357 1009 393 qui
1030 365 1073 385 re-

282 402 411 430 cumbit?
428 402 484 437 Ego
498 408 589 430 autem
603 403 630 430 in
647 403 738 431 medio
752 407 874 430 vestrum
894 411 956 431 sum
969 426 976 437 ,
996 404 1072 432 sicut

282 449 330 484 qui
345 449 497 477 ministrat.
527 459 536 476 ι

318 495 383 522 Luc.
399 504 455 528 xu,
471 495 567 523 37-42.
584 510 619 516 -
635 504 645 522 ι
662 495 738 523 Beati
755 495 827 523 servi
849 496 890 523 illi
911 503 994 531 quos,
1009 503 1072 523 cum

281 543 393 569 venerit
410 542 554 575 Dominus,
576 543 716 570 invenerit
731 542 889 578 vigilantes.
907 543 994 570 Amen
1010 544 1072 571 dico

280 586 373 618 vobis,
391 587 466 622 quod
488 588 636 623 prwcinget
660 595 701 621 se,
720 591 747 615 et
769 588 851 615 faciet
867 588 930 617 illos
950 589 1072 616 discum-

281 632 357 664 bere,
383 637 411 660 et
427 634 566 661 transiens
592 634 764 662 ministrabit
786 634 852 662 illis.
884 635 959 662 Dixit
981 636 1071 663 autem

282 678 416 707 Dominus
433 688 440 707 :
459 679 538 712 Quis,
559 684 653 715 putas,
669 684 712 708 est
734 679 824 708 ﬁdelis
849 680 1026 716 dispensator
1046 684 1073 708 et

280 724 415 759 prudens,
431 733 513 760 quem
532 726 682 754 constituet
698 725 832 753 dominus
842 734 924 762 super
940 726 1071 754 familiam

281 777 370 803 suam,
390 775 421 798 ut
439 771 487 799 det
504 771 561 799 illis
587 771 614 799 in
639 775 764 807 tempore
787 771 874 798 tritici
894 771 1072 799 mensuram!

281 814 381 843 Beatus
401 815 448 844 ille
473 823 571 844 servus
600 823 694 852 quem,
718 823 782 844 cum
800 816 908 843 venerit
927 815 1068 849 dominus,

1124 218 1152 245 δὲ
1163 219 1211 253 οὐχ
1224 218 1321 250 οὕτως·
1336 218 1407 246 ἆλλά
1420 220 1435 246 ό
1456 219 1558 254 μείζων
1579 220 1626 247 ὲν*
1634 221 1699 256 ὑμῖν
1720 221 1889 255 γενέσθωὼς
1903 223 1920 250 6

1124 265 1266 300 νεώτερος,
1278 265 1325 291 καὶ
1341 265 1356 291 6
1366 264 1519 300 ἡγούμενος
1541 265 1580 297 ὡς
1604 267 1620 292 6
1634 265 1777 295 διακονῶν.
1792 267 1842 299 Τίς
1863 268 1920 304 γὰρ

1125 309 1236 344 μείζων,
1253 310 1267 336 ὁ
1291 309 1483 344 ἀνακείμενος,
1498 310 1515 346 ἦ
1533 310 1548 336 6
1563 310 1711 344 διακονῶνς
1734 311 1795 347 οὐχὶ
1820 313 1836 339 6
1849 313 1919 340 ἁνα-

1123 354 1266 389 κείμενοςς
1288 355 1360 389 Ἐγὼ
1373 354 1403 382 δέ
1416 356 1475 390 είμι
1500 356 1530 382 ὲν
1551 355 1626 391 μέσῳ
1643 356 1721 392 ὑμῶν
1736 357 1774 390 ὡς
1796 358 1811 384 6
1824 357 1919 385 διακο-

1123 410 1186 427 νων.
1207 411 1217 426 ι

1162 497 1173 514 ι
1194 489 1333 524 Μακάριοι
1351 489 1376 516 οἱ
1396 489 1485 516 δοῦλοι
1500 490 1612 524 ἐκεῖνοι,
1630 490 1678 522 οὓς
1692 490 1779 518 ἐλθὼν
1790 491 1806 518 6
1819 491 1916 528 κύριος

1124 528 1236 571 εὑρήσει
1256 536 1476 571 γρηγοροῦντας.
1506 537 1594 572 Ἀμὴν
1614 538 1687 572 λέγω
1710 539 1788 574 ὑμῖν,
1801 539 1843 566 ὃτι
1864 547 1916 566 m-

1125 581 1279 616 ριζώσεται,
1297 583 1344 610 καὶ
1361 583 1501 610 ἀνακλινεῖ
1516 583 1627 616 αὐτοὺς,
1640 585 1688 611 καὶ
1699 582 1843 620 παρελθὼν
1854 585 1915 613 δια-

1123 628 1233 662 κονήσει
1256 628 1358 660 αὐτοῖς.
1382 627 1450 655 Εῐπε
1470 629 1500 655 δὲ
1522 629 1642 664 Κύριον
1668 630 1718 662 Τίς
1736 631 1792 666 ἄρα
1814 631 1915 658 tumo

1123 673 1219 705 πιστὸς
1241 674 1383 710 οἰκονόμος
1412 674 1459 702 καὶ
1489 675 1629 711 φρόνιμος,
1653 675 1684 702 δν
1707 677 1875 712 καταστήσει
1899 678 1915 704 6

1123 721 1220 757 κύριος
1237 722 1283 749 ἐπὶ
1295 722 1345 758 τῆς
1357 722 1507 758 Θεραπειας
1516 723 1599 751 αὑτοῦ
1613 723 1662 750 τοῦ
1676 722 1769 751 δοῦναι
1783 724 1814 751 ὲν
1824 724 1913 760 καιρῷ

1121 767 1152 794 τὸ
1163 769 1351 804 σιτομέτριον;
1368 770 1513 804 Μακάριος
1527 770 1542 796 ὸ
1556 769 1650 802 δοῦλος
1667 771 1772 803 ἐκεῖνος
1781 771 1811 798 ὃν
1827 770 1913 798 ἐλθὼν

1122 814 1136 840 ὁ
1152 813 1256 850 κύριος,
1273 814 1355 842 αὑτὸν
1378 815 1491 851 εὑρήσει
1515 815 1647 843 ποιοῦνται
1661 815 1758 848 οὕτως.
1791 816 1912 852 Ἀληθῶς

278 867 342 887 eum
370 861 508 888 inVenerit
534 861 574 889 sic
605 847 761 889 facientem.
786 861 857 888 Vere
885 860 950 888 dico
979 861 1063 893 vobis,

1122 847 1193 894 λέγώ
1211 860 1287 896 ὑμῖν,
1300 860 1342 887 ὃτι
1357 847 1486 889 ἐπὶ-πάσι
1497 862 1554 894 τοῖς
1575 847 1744 898 ὑπάρχουσιν
1757 847 1911 889 αὐτοῦ’καί-

279 906 411 940 quoniam
439 913 523 942 super
551 906 646 934 omnia
678 913 739 942 quae
767 905 892 942 possidet
917 906 1069 933 constituet

277 957 352 978 eum.
368 959 378 976 ι

313 997 375 1024 Act.
391 1005 438 1029 xx,
454 983 549 1036 2649.
567 1012 602 1018 -—
614 1005 624 1023 ι
639 995 790 1025 Contestor
799 1004 848 1025 vos
859 997 996 1025 hodierna
1011 997 1066 1030 die,

277 1044 342 1078 quia
361 1043 481 1070 mundus
504 1050 566 1070 sum
589 1051 604 1070 a
622 1043 759 1079 sanguine
781 1043 905 1070 omnium
930 1047 1067 1071 vestrum.

277 1089 337 1117 Non
368 1089 442 1116 cnim
478 1089 655 1124 subterfugi,
690 1088 842 1124 quominus
873 1089 1068 1116 annuntiarem

277 1134 357 1162 vobis
379 1142 462 1162 omne
483 1134 634 1162 consilium
653 1133 711 1162 Dei.
730 1135 873 1162 Attendite
889 1142 957 1170 ergo
978 1134 1067 1168 vobis,

276 1184 304 1208 et
319 1181 453 1209 universo
468 1181 555 1216 gregi,
569 1181 596 1208 in
614 1189 669 1216 quo
684 1189 732 1209 vos
748 1181 870 1216 Spiritus
888 1185 1003 1209 sanctus
1020 1180 1069 1217 po-

276 1228 334 1254 suit
351 1227 497 1261 episcopos
517 1234 617 1262 regere
632 1226 784 1254 Ecrlesiam
803 1226 861 1259 Dei,
873 1234 956 1262 quam
973 1227 1069 1262 acqui-

276 1273 342 1300 sivit
357 1273 491 1308 sauguine
514 1279 575 1300 suo.
595 1273 675 1300 Nunc
690 1272 856 1300 commendo
871 1280 931 1305 vos,
955 1272 1066 1306 fratres,

276 1318 343 1351 Deo,
357 1324 384 1346 ct
404 1318 488 1346 verbo
502 1320 598 1354 gratiae
613 1318 712 1354 ipsius,
733 1318 780 1354 qui
806 1323 903 1353 potens
917 1323 960 1347 est
982 1318 1067 1346 {editi-

275 1372 353 1398 care,
370 1368 398 1392 et
416 1365 483 1393 dare
497 1365 689 1392 hereditatem
709 1365 738 1392 in
754 1365 946 1393 sanctiﬁcatis.
966 1373 975 1391 ι

318 1476 329 1505 l
344 1476 466 1505 Thessal.
483 1484 521 1509 ιι,
536 1476 594 1504 4-6.
613 1492 649 1497 —
663 1485 672 1503 ι
691 1476 732 1504 ita
746 1476 898 1512 loquimur,
917 1483 973 1504 non
987 1476 1066 1512 quasi

1119 906 1249 942 τσστήσει
1266 906 1357 934 αὐτόν.
1378 916 1388 934 ι

1157 1007 1167 1024 ι
1191 998 1419 1035 Διαμαρτύρομαι
1444 999 1510 1034 ὑμῖν
1527 1000 1557 1026 ὲν
1574 1000 1606 1036 τῇ
1622 1000 1743 1036 σήμερον
1752 1000 1855 1037 ἡμέρᾳ,
1868 1001 1911 1028 ὅτι

1120 1043 1241 1079 καθαρός
1255 1045 1313 1079 είμι
1323 1045 1378 1071 ἀπὸ
1391 1045 1438 1072 τοῦ
1452 1046 1571 1080 αἵματος
1582 1046 1693 1073 πάντων
1706 1047 1794 1082 ὑμῶν.
1806 1047 1844 1074 οὐ
1855 1047 1912 1083 γὰρ

1118 1090 1323 1126 ὑπεστειλάμην
1350 1091 1399 1118 τοῦ
1416 1092 1453 1127 μὴ
1476 1092 1637 1127 ἀναγγεῖλαι
1662 1093 1728 1128 ὑμῖν
1745 1094 1837 1120 πᾶσαν
1859 1094 1911 1129 τὴν

1120 1135 1218 1172 βουλὴν
1235 1136 1282 1163 τοῦ
1297 1137 1376 1164 Θεοῦ.
1394 1138 1546 1173 Προσέχετε
1562 1136 1608 1165 οὖν
1625 1140 1744 1171 ἑαυτοῖς,
1764 1139 1812 1166 καὶ
1827 1140 1910 1166 παντὶ

1118 1182 1158 1217 τῷ
1174 1184 1303 1219 ποιμνίῳ,
1321 1184 1349 1210 ὲν
1375 1180 1397 1218 ᾧ
1417 1184 1490 1219 ὑμᾶς
1507 1185 1537 1211 τὸ
1560 1185 1674 1221 Πνεῦμα
1693 1185 1725 1212 τὸ
1739 1185 1818 1220 ἆγιον
1832 1185 1911 1212 ἔθετο

1119 1230 1286 1262 ἐπισκόπους
1301 1231 1459 1266 ποιμαίνειν
1473 1232 1523 1267 τὴν
1541 1232 1705 1267 Ἐκκλησίαν
1720 1232 1767 1259 τοῦ
1782 1232 1862 1265 Θεοῦ,
1875 1233 1911 1268 ἣν

1119 1277 1334 1313 περιεποιήσατο
1345 1277 1389 1304 διὰ
1403 1277 1450 1306 τοῦ
1466 1277 1530 1304 ἰδίου
1542 1278 1669 1314 αἵματος.
1686 1279 1741 1306 Καὶ
1754 1277 1838 1306 τανῦν
1853 1287 1908 1305 πα-

1121 1323 1250 1359 ρατίθημι
1267 1323 1351 1359 ὑμᾶς,
1374 1323 1496 1359 ἀδελφοὶ,
1512 1324 1551 1360 τῷ
1569 1324 1639 1360 Θεῷ,
1656 1325 1702 1351 καὶ
1716 1323 1755 1360 τῷ
1769 1324 1839 1360 λόγῳ
1857 1324 1910 1360 τῆς

1118 1369 1231 1404 χάριτος
1244 1369 1339 1402 αὐτοῦ,
1351 1369 1391 1405 τῷ
1403 1370 1546 1406 δυναμένῳ
1559 1371 1608 1398 καὶ
1622 1371 1714 1398 δοῦναι
1728 1371 1794 1406 ὑμῖν
1807 1370 1909 1406 κληρο·

1118 1415 1215 1450 νομίαν
1231 1416 1262 1442 ὲν
1277 1417 1336 1448 τοῖς
1348 1417 1540 1453 ἡγιασμένοις.
1559 1427 1569 1444 r

1156 1483 1165 1498 ι
1184 1473 1277 1505 Οὕτως
1290 1473 1438 1509 λαλοῦμεν,
1453 1474 1502 1510 οὐχ
1511 1475 1549 1506 ὡς
1565 1474 1721 1510 ἀνθρώποις
1733 1474 1908 1510 ἀρέσκοντες,

274 1523 436 1551 hominibus
461 1522 615 1558 placentes,
632 1522 681 1550 sed
701 1522 768 1555 Deo,
792 1523 838 1557 qui
857 1523 956 1558 probat
981 1522 1063 1549 corda

1117 1518 1186 1545 ἀλλά
1209 1519 1248 1555 τῷ
1265 1519 1325 1554 Θεῷ
1352 1520 1391 1556 τῷ
1414 1521 1589 1556 δοκιμάζοντι
1605 1520 1654 1552 τὰς
1681 1520 1795 1556 καρδίας
1817 1520 1907 1556 ἡμῶν.

274 1574 380 1598 nostra.
397 1570 494 1605 Neque
509 1570 583 1597 enim
598 1570 749 1605 aliquando
767 1569 872 1598 fuimus
889 1571 916 1597 in
937 1577 1065 1598 sermone

274 1617 455 1650 adulationis,
481 1616 555 1643 sicut
571 1616 661 1649 scitis,
684 1623 775 1651 neque
794 1616 821 1643 in
835 1616 984 1643 occasione
999 1623 1065 1643 ava-

272 1663 344 1690 ritia:
358 1661 444 1696 (Deus
465 1661 548 1689 testis
565 1661 630 1696 est),
651 1669 702 1689 nec
718 1665 872 1696 quaerentes
891 1662 924 1688 ab
942 1661 1063 1688 homini-

271 1708 324 1736 bus
342 1707 469 1742 gloriam,
486 1716 576 1743 neque
593 1715 608 1735 a
631 1708 721 1741 vobis,
746 1716 834 1743 neque
849 1708 884 1735 ab
900 1708 980 1741 aliis;
1000 1715 1062 1736 cum

272 1761 419 1790 possemus
434 1754 513 1783 vobis
529 1755 608 1782 oneri
621 1762 695 1787 esse,
719 1757 852 1789 tanquam
868 1753 974 1781 Christi
997 1761 1063 1789 apo-

271 1802 356 1830 stoli:
374 1802 422 1829 sed
439 1801 507 1829 facti
529 1809 627 1830 sumus
648 1801 677 1828 in
699 1800 790 1829 medio
813 1800 912 1834 vestri,
929 1804 1060 1836 tanquam

270 1847 294 1875 si
313 1849 408 1875 nutrix
425 1847 515 1876 foveat
535 1847 608 1876 ﬁlios
627 1855 703 1876 suos.
723 1856 733 1874 ι

315 1903 409 1933 lTim.
431 1913 480 1938 ιιι,
505 1905 518 1931 1
547 1912 618 1940 seqq.
636 1913 694 1930 -ι
724 1903 753 1932 Si
780 1904 844 1939 quis
869 1903 1059 1938 episcopatum

269 1951 420 1984 desiderat,
451 1951 556 1978 bonum
583 1958 654 1986 opus
679 1950 831 1979 desiderat.
863 1949 1060 1985 Opertetelgo

269 2000 430 2035 episcopum
452 1998 725 2035 irreprehensibilem
750 2005 823 2032 esse,
850 1998 936 2025 unius
960 1998 1059 2025 uxoris

267 2047 370 2079 virum,
387 2046 525 2078 sobrium,
547 2051 688 2078 ornatum,
702 2044 881 2080 hospitalem,
900 2044 1058 2077 doctorem,

268 2100 323 2120 non
339 2092 521 2124 vinolentum,
541 2099 596 2118 non
612 2097 818 2126 percussorem,
835 2089 883 2117 sed
897 2090 985 2125 magis
997 2097 1059 2117 mo.

266 2138 387 2171 destum,
405 2144 461 2165 non
479 2136 623 2172 Cupidum.
644 2143 701 2164 sua:
720 2135 815 2164 domui
837 2135 907 2163 bene
923 2135 1057 2170 praeposi-

1117 1566 1185 1593 Οὔτε
1204 1567 1259 1603 γάρ
1274 1576 1339 1594 ποτε
1354 1569 1384 1595 ὲν
1398 1568 1470 1604 λόγῳ
1485 1568 1633 1600 κολακείας
1657 1568 1840 1604 ἐγενήθημεν,
1858 1577 1908 1594 κα-

1115 1611 1169 1643 οὼς
1184 1612 1282 1645 οἴδατε,
1297 1613 1358 1639 οὔτε
1373 1614 1402 1640 ὲν
1417 1615 1553 1650 προφάσει
1566 1614 1735 1647 πλεονεξίας,
1751 1614 1818 1646 Θεὸς
1834 1614 1907 1649 μάρ-

1113 1667 1172 1691 τυς,
1193 1658 1255 1685 οὔτε
1282 1658 1427 1694 ζητοῦντες
1440 1660 1469 1694 ἐξ
1496 1660 1649 1696 ἀνθρώπων
1666 1659 1756 1693 δόξαν,
1774 1660 1836 1687 οὕτε
1857 1660 1907 1696 ἀφ’

1114 1705 1200 1740 ὑμῶν,
1212 1705 1273 1732 οὒτε
1288 1705 1343 1732 ἀπὸ
1353 1705 1451 1739 ἄλλων,
1466 1706 1609 1741 δυνάμενοι
1627 1707 1656 1734 ἐν
1676 1706 1756 1742 βάρει
1769 1704 1850 1739 εἶναι,
1867 1705 1906 1738 ὡς

1113 1752 1233 1786 Χριστοῦ
1249 1752 1392 1779 ἀπόστολοι
1403 1760 1410 1767 °
1427 1752 1485 1779 ἀλλ’
1502 1753 1672 1789 ἐγενήθημεν
1686 1754 1715 1780 ἐν
1735 1753 1811 1789 μέσῳ
1828 1753 1906 1788 ὑμῶν

1112 1797 1149 1829 ὡς
1161 1798 1208 1825 ἐὰν
1221 1798 1319 1833 τροφὸς
1341 1798 1430 1835 Θάλπῃ
1444 1799 1477 1827 τά
1492 1799 1592 1835 ἑαυτῆς
1603 1799 1696 1826 τέκνα.
1712 1809 1723 1826 ι

1149 1909 1159 1925 ι
1180 1899 1214 1926 Et
1230 1908 1273 1932 τις
1287 1900 1442 1937 ἐπισκοπῆς
1453 1901 1591 1938 ὀρέγεται,
1605 1902 1690 1930 καλοῦ
1704 1902 1786 1938 ἔργου
1806 1903 1905 1930 ἐπιθυ-

1111 1947 1168 1981 μεῖ.
1183 1947 1230 1972 Δεῖ
1248 1946 1295 1973 οὖν
1305 1947 1351 1974 τὸν
1365 1947 1517 1975 ἐπίσκοπον
1533 1949 1720 1985 ἀνεπίληπτον
1735 1947 1816 1984 εἶναι,
1837 1951 1906 1986 μιᾶς

1109 1992 1240 2026 γυναικὸς
1265 1993 1361 2029 ἄνδρα,
1378 1993 1520 2030 νηφάλιον,
1544 1995 1678 2031 κόσμιον,
1699 1995 1847 2030 φιλόξενον,
1862 1996 1904 2023 δι-

1108 2038 1247 2072 δακτικὸν,
1277 2039 1315 2074 μὴ
1335 2040 1476 2076 πάροινον,
1494 2041 1532 2077 μὴ
1550 2041 1687 2078 πλήκτην,
1706 2042 1766 2070 ἀλλ’
1789 2043 1901 2079 ὶπιεικῆ

1110 2083 1221 2118 μᾶλλον,
1234 2085 1433 2122 ἀφιλάργυρον,
1444 2086 1493 2113 τοῦ
1506 2086 1573 2115 ἰδίου
1581 2088 1656 2115 οἴκου
1667 2088 1759 2121 καλῶς
1771 2089 1904 2124 «petati-

1109 2138 1202 2165 μενον,
1215 2130 1299 2157 τέκνα
1314 2130 1411 2166 ἔχοντα
1429 2131 1459 2159 ἐν
1474 2132 1598 2169 ὑποταγῇ
1615 2133 1701 2170 πολλῇ
1723 2135 1795 2170 μετά
1809 2135 1902 2168 πάσης

266 2189 336 2217 tum,
365 2183 439 2211 ﬁlios
467 2182 615 2210 habentem
642 2181 771 2210 subditos
793 2181 822 2208 in
847 2181 936 2208 multa
963 2180 1057 2216 subje-

1115 2175 1283 2226 τεμνότητος.
1299 2177 1332 2204 Εἰ
1347 2177 1378 2204 δέ
1389 2186 1431 2210 τις
1445 2178 1492 2205 τοῦ
1506 2179 1572 2206 ἰδίου
1587 2179 1664 2207 οῐκου
1679 2180 1832 2216 προστῆναι
1849 2181 1902 2208 οὐκ

265 2231 358 2258 ctione
375 2237 440 2257 cum
457 2228 534 2257 omni
552 2228 692 2256 castitate.
713 2228 742 2255 Si
764 2227 829 2262 quis
846 2232 937 2254 autem
960 2226 1055 2255 domui

1115 2219 1200 2256 ιῐδεν,
1219 2223 1278 2255 πῶς
1314 2223 1478 2260 Ἐκκλησίας
1514 2225 1583 2252 Θεοῦ
1609 2226 1830 2262 toruaque-rat;
1860 2227 1900 2254 Οὐ

264 2283 322 2304 suae
337 2281 457 2310 praeesse
472 2274 580 2308 nequit,
602 2273 744 2308 quomodo
766 2272 895 2301 Ecclesiae
916 2272 963 2300 Dei
990 2273 1054 2301 dili-

264 2320 385 2357 gentiam
402 2319 540 2347 habebit?
560 2318 622 2347 Non
637 2319 820 2354 neophytum,
835 2325 870 2346 ne
899 2319 927 2346 in
953 2325 1054 2353 super-

263 2366 337 2395 biam
356 2366 458 2398 elatus,
481 2365 509 2393 in
524 2365 659 2401 judicium
679 2364 785 2393 incidat
806 2365 921 2393 diaboli.
938 2364 1054 2401 Oportet

262 2418 354 2443 autem
369 2418 397 2441 et
411 2413 488 2440 illum
503 2412 695 2440 testimbnium
717 2411 822 2439 habere
841 2412 944 2440 bonum
968 2412 1003 2441 ab
1018 2412 1053 2440 iis

261 2461 310 2496 qui
325 2460 394 2488 foris
411 2463 487 2493 sunt,
517 2467 552 2487 ne
579 2459 608 2487 in
632 2458 814 2495 opprobrium
838 2459 951 2492 incidat,
975 2464 1003 2488 et
1024 2460 1051 2487 in

261 2508 390 2544 laqueum
407 2507 522 2535 diaboli.
546 2515 557 2534 ι

301 2587 393 2618 lTim.
409 2595 436 2621 v,
450 2587 497 2614 ιε,
517 2600 552 2606 --
567 2595 577 2612 ι
593 2586 691 2614 Manus
711 2586 768 2614 cito
785 2586 890 2614 uemiui
909 2587 1049 2623 imposue-

257 2635 309 2668 ris,
319 2641 409 2669 neque
427 2633 679 2662 communicaveris
699 2633 822 2668 peccatis
835 2633 946 2662 alienis.
964 2633 1049 2670 Teip-

258 2689 320 2710 sum
334 2686 442 2710 castum
457 2680 578 2709 custodi.
598 2689 608 2706 ι

294 2739 349 2768 Tit.
369 2747 378 2765 ι
392 2759 399 2771 ,
416 2739 443 2766 7.
458 2754 493 2760 —
515 2747 524 2765 ι
543 2738 658 2775 Oportet
675 2738 838 2776 episcopum
855 2740 915 2768 sine
930 2740 1048 2768 crimine

256 2795 329 2821 esse,
355 2786 428 2815 sicut
451 2786 555 2814 Christi
578 2786 734 2823 apostolum
761 2791 788 2815 et
814 2786 1045 2822 dispensatorem,

252 2840 307 2861 nou
333 2835 495 2870 superbum,
517 2842 570 2863 non
594 2834 770 2864 iracundum.
790 2842 846 2863 non
862 2835 1044 2869 vinolentum,

421 2903 448 2911 ...κ

1108 2269 1246 2304 νεόφυτον,
1266 2270 1309 2298 ἵνα
1327 2270 1366 2307 μὴ
1379 2271 1526 2306 τυφωθεὶς,
1549 2272 1591 2304 εἰς
1615 2273 1704 2308 κρίμα
1718 2274 1826 2309 ἐμπέσῃ
1850 2273 1900 2300 τοῦ

1092 2315 1244 2342 διαϐόλου.
1261 2317 1308 2343 Δεῖ
1321 2316 1350 2344 δὲ
1371 2317 1418 2344 καὶ
1442 2318 1598 2353 μαρτυρίαν
1619 2319 1706 2355 καλὴν
1723 2319 1796 2355 ἔχειν
1815 2319 1901 2346 αὐτὸν

1107 2361 1160 2388 ἀπὸ
1176 2362 1230 2390 τῶν
1243 2362 1353 2396 ἔξωθεν,
1373 2363 1416 2390 ἵνα
1436 2363 1474 2400 μὴ
1487 2365 1527 2396 εἰς
1541 2365 1695 2402 ὀνειδισμὸν
1709 2366 1820 2402 ἐμπέσῃ
1848 2365 1900 2393 καὶ

1106 2408 1210 2443 παγίδα
1224 2409 1273 2436 τοῦ
1285 2409 1421 2437 διαϐόλου.
1438 2420 1448 2437 ι

1143 2595 1152 2612 ι
1167 2587 1270 2622 Χεῖρας
1283 2587 1390 2621 ταχέως
1406 2587 1503 2623 μηδενὶ
1528 2588 1655 2621 ἐπιτίθει,
1679 2588 1747 2624 μηδὲ
1770 2587 1896 2616 κοινώνει

1105 2631 1253 2666 ἁμαρτίαις
1266 2631 1432 2668 ἀλλοτρίαις.
1459 2632 1571 2660 Ἑαυτὸν
1589 2633 1671 2666 ἁγνὸν
1684 2634 1774 2669 τήρει.
1792 2643 1803 2660 ι

1139 2754 1149 2770 ι
1170 2745 1216 2771 Δεί
1226 2744 1273 2772 τὸν
1286 2744 1434 2771 ἐπίσκοπον
1448 2743 1616 2780 ἀνέγκλητον
1629 2740 1711 2776 εἶναι,
1722 2743 1760 2774 ὡς
1769 2742 1894 2778 Χριστοῦ

1101 2791 1252 2818 ἀπόστολον
1269 2791 1316 2818 καὶ
1335 2791 1479 2827 οίκονόμον
1493 2799 1499 2806 ·
1518 2790 1556 2826 μὴ
1585 2790 1701 2826 αὐθάδη,
1722 2789 1759 2825 μὴ
1770 2789 1890 2825 ὀργίλον.

1102 2837 1140 2873 μὴ
1156 2837 1294 2874 πάροινον,
1324 2837 1360 2864 μὴ
1386 2837 1520 2882 πλήκτην,
1548 2837 1585 2873 μὴ
1607 2835 1800 2873 αἰσχροκερδῆ,
1821 2835 1891 2864 ἀλλὰ
