2056 3113
290 108 360 143 1543

888 103 918 133 S.
937 101 1096 134 JOANNIS
1113 100 1328 134 DAMASCENI

1851 101 1928 134 1544

289 170 372 200 sunt;
387 165 436 202 qui
457 171 522 193 vero
540 162 645 199 spiritu
661 160 723 197 plus
742 166 824 195 quam
847 166 898 195 par
915 158 952 187 sit
975 157 1078 186 incale-

1129 156 1267 192 πνεύματι
1290 156 1337 183 κάὶ
1364 155 1547 202 δυσκάθεκτοι
1566 157 1627 189 ταῖς
1652 155 1764 192 ὁρμαῖς,
1791 156 1921 194 καθάπερ

289 219 383 247 scunt,
401 217 428 242 et
442 211 576 248 principiti
594 211 700 245 impetu
721 208 859 240 feruntur,
874 207 950 235 velut
965 204 1077 241 equulei

288 260 416 296 generosi
442 258 539 294 procul
566 264 582 283 a
604 259 678 283 meta
701 254 885 286 cursitantos,
911 252 963 279 hos
979 252 1078 286 utique

288 305 425 335 orationis
453 304 533 331 freno
559 308 688 330 coercere
721 299 893 336 praestiterit.
919 297 992 325 Aliis
1016 297 1078 324 laus

288 351 414 387 prodest,
440 349 503 377 aliis
518 346 712 383 reprehensio,
736 343 818 372 modo
833 348 950 378 utraque
972 345 1078 376 tempe-

288 382 360 423 stive
386 382 594 428 prudenterque
619 388 795 416 adhibeatur.
817 386 894 413 Alios
917 382 1078 412 adhortatio

288 439 413 475 corrigit,
427 437 497 465 alios
511 433 687 470 objurgatio;
702 436 788 467 atque
802 431 861 458 haec
875 436 972 457 rursus
990 434 1077 463 quos-

287 472 402 518 dam,vsi
418 483 509 518 palam
524 483 691 516 arguantur;
709 478 790 510 alios,
819 475 844 503 si
865 473 981 502 remotis
1003 472 1079 500 arbi-

288 532 341 560 tris
360 517 549 564 incrcpeiitur.
574 526 646 553 Sunt
667 524 741 552 enim
756 522 805 558 qui
824 521 893 549 nihil
908 523 1007 548 curent
1023 517 1079 553 pri-

288 579 368 604 vatas
389 573 608 604 admonitiones,
628 568 740 605 publica
765 574 832 596 vero
858 564 1079 601 reprehensione

288 620 488 653 emendentur;
510 620 575 646 sunt
590 622 687 642 rursus
706 613 765 649 qui,
779 619 843 639 cum
857 610 971 638 liberius
984 608 1079 636 redar-

288 671 420 704 guantur,
439 663 572 700 pudorem
595 667 706 689 omnem
733 659 902 693 abstergant,
926 659 1079 689 contraque

287 702 404 749 privatis
429 708 658 744 castigationibus
679 705 809 733 meliores
829 703 885 730 illis
913 702 991 733 ﬁant,
1008 707 1078 735 quos

286 748 376 790 vicem
393 764 473 785 suam
490 755 583 783 dolere
596 752 769 789 perspiciunt
782 760 788 778 :
803 750 855 777 hoc
870 748 995 776 vicissim
1011 753 1075 774 mu-

288 806 364 834 neris
380 802 572 839 rependentes,
598 803 628 826 ut
650 804 746 826 eorum
762 795 875 823 monitis
900 799 1007 821 morem
1031 797 1078 826 ge-

1127 202 1215 229 πῶλοι
1234 202 1355 237 γενναῖοι
1381 201 1434 234 ἐξω
1447 201 1498 237 τῆς
1519 202 1622 237 νύσσης
1643 202 1763 234 θέοντες.
1781 202 1852 234 Τοὺς
1870 203 1925 237 μὲν

1128 248 1240 280 ἔπαινος
1249 247 1365 283 ὤνησεν,
1379 247 1443 279 τοὺς
1456 247 1484 273 δὲ
1506 246 1592 282 ψόγος
1601 255 1608 262 ·
1626 246 1771 283 ἀμφότερα
1788 248 1859 283 μετὰ
1873 247 1922 273 τοῦ

1127 293 1226 328 καιροῦ
1241 293 1287 320 καὶ
1302 292 1351 320 τοῦ
1366 292 1457 332 λόγου.
1474 292 1545 325 Τοὺς
1561 292 1612 328 μὲν
1627 293 1802 328 παράκλησις
1820 301 1924 329 κατορ-

1128 339 1180 372 θοῖ,
1191 339 1255 371 τοὺς
1271 339 1300 366 δὲ
1320 339 1480 374 ἐπιτίμησις
1493 346 1500 354 '
1515 339 1564 366 καὶ
1582 337 1672 371 αὖθις,
1690 339 1754 370 τοὺς
1774 339 1825 374 μὲν
1836 339 1866 365 ὲν
1882 339 1925 374 τῷ

1127 383 1210 419 κοινῷ
1225 384 1459 420 διελεγχομένους,
1477 383 1541 416 τοὺς
1555 384 1584 411 δὲ
1596 384 1728 420 κρύϐδην.
1742 384 1851 411 Φιλοῦσι
1867 384 1924 419 γὰρ

1128 428 1154 455 οἱ
1171 428 1220 464 μὲν
1235 430 1417 465 καταφρονεῖν
1436 429 1493 456 τῶν
1518 429 1592 456 ίδίων
1606 429 1830 465 νουθετημάτων,
1848 430 1924 465 πλή-

1128 473 1192 507 θους
1206 475 1378 510 καταγνώσει
1396 475 1628 511 σωφρονιζόμενοι
1639 484 1648 492 ⁸
1661 476 1686 503 oi
1708 476 1738 503 δὲ
1754 477 1823 512 πρὸς
1838 476 1923 502 ἐλευ-

1128 519 1224 555 θερίαν
1237 521 1293 548 τῶν
1306 521 1425 557 ἐλέγχων
1439 522 1640 557 ἀναισχυντεῖν,
1657 522 1696 557 τῷ
1715 522 1766 558 τῆς
1786 523 1922 558 ἐπιτιμή-

1129 572 1198 597 σεως
1225 566 1367 602 μυστηρίῳ
1393 567 1660 603 παιδαγωγούμενοι,
1677 568 1725 594 καὶ
1740 568 1923 600 ἀντιδιδόντες

1127 610 1178 645 τῆς
1190 611 1364 646 συμπαθείας
1376 611 1426 648 τὴν
1437 613 1596 640 εὐπάθειαν.
1610 613 1671 640 Τῶν
1683 613 1733 649 μὲν
1747 615 1923 650 παρατηρεῖν

1127 657 1267 691 ἐπιμελῶς
1283 658 1444 692 ἀναγκαῖον,
1469 658 1550 694 μέχρι
1568 659 1616 686 καὶ
1636 659 1691 686 τῶν
1713 660 1920 695 σμικροτάτων,

1128 702 1190 729 ὅσον
1202 702 1233 728 τὸ
1242 702 1345 729 οῐεσθαι
1355 703 1508 731 λανθάνειν·
1521 704 1576 731 τῶν
1584 704 1612 730 δὲ
1623 704 1697 731 ἐστιν
1705 704 1723 732 ἀ
1734 705 1782 731 καὶ
1793 706 1924 741 παρορᾷν

1128 746 1251 782 ἄμεινον,
1267 747 1337 775 ὥστε
1354 749 1477 784 ὁρῶντας
1493 749 1532 785 μὴ
1548 749 1626 785 ὁρᾷν,
1642 750 1691 776 καὶ
1710 750 1861 782 ἀκούοντας
1881 751 1923 786 μὴ

1128 792 1239 820 ἀκούειν
1252 801 1260 808 ·
1272 793 1342 829 μήτε
1353 795 1387 829 τῇ
1402 795 1568 830 χρηστότητι
1579 794 1750 830 μαλακίζειν,
1768 795 1838 831 μήτε
1853 803 1923 830 τρα-

287 855 360 879 rant.
379 832 495 883 Quidam
512 847 549 873 ita
571 844 693 873 sollicite
713 840 882 869 observandi
898 841 974 870 sunt,
995 841 1026 863 ut
1044 843 1079 863 ne

1131 835 1223 871 χύνειν
1233 837 1267 872 τῇ
1282 836 1458 874 χαλεπότητι.

287 898 403 927 minima
433 894 545 932 quidem
583 897 679 920 eorum
707 892 799 917 errata
828 885 1070 932 dissimulentur:
1095 887 1194 911 contra
1230 883 1259 911 in
1285 884 1348 913 aliis
1369 886 1503 914 nonnulla
1526 886 1670 922 praeterire
1701 887 1790 916 satius
1822 887 1905 916 fuerit

288 910 403 927 uttlmua
433 910 545 932 qun-un
583 910 679 920 unum
707 910 799 917 v-----
829 910 1019 915 ------~~—~-~~
1102 910 1123 911 η
1304 910 1347 913 w-
1369 910 1503 914 --ν--ν---η-
1546 910 1670 915 -.ν-...ν
1701 910 1774 915 μη-..

288 947 326 974 ita
347 948 378 972 ut
400 942 527 971 videntes
548 945 604 966 non
634 936 799 967 videamus,
825 937 852 961 et
876 931 1021 959 audientes
1043 936 1098 957 non
1135 929 1292 958 audiamus.
1327 930 1424 967 Neque
1452 910 1566 960 rursdm
1603 910 1790 969 benignitate-

287 994 395 1029 oportet
409 988 548 1019 emollire,
564 989 657 1018 neque
670 980 819 1009 severitate
833 983 1011 1012 exasperare.

323 1040 392 1069 Ibid.
411 1051 447 1058 -—
468 1035 520 1063 llic
543 1033 654 1060 demum
680 1027 835 1065 spiritualis
864 1024 955 1052 omnis
979 1021 1077 1058 praefe-

287 1067 374 1116 cturae
388 1085 452 1113 ﬁnis
472 1089 534 1110 esse
553 1080 644 1111 debet,
659 1081 689 1105 ut
707 1075 754 1112 qui
777 1075 878 1110 praeest
892 1071 999 1106 privata
1016 1067 1078 1096 ubi-

287 1139 342 1168 que
360 1127 503 1158 commoda
521 1132 573 1155 sua
585 1123 717 1160 negligat,
730 1125 813 1156 atque
833 1118 950 1145 aliorum
965 1113 1076 1142 utilitati

288 1176 429 1206 consulat.

323 1223 403 1260 513
427 1219 524 1252 Eiusd.
548 1220 617 1244 orat.
639 1215 667 1242 in
691 1212 789 1241 Pasch.
805 1225 840 1232 —
856 1209 935 1237 Filiis
961 1211 1076 1243 parcere

287 1274 400 1306 paterna
414 1268 457 1294 lex
472 1270 526 1293 est.

324 1313 421 1350 Ejusd.
439 1327 475 1332 -—
489 1308 596 1338 Alentis
612 1306 696 1335 etiam
722 1301 854 1331 alimonia
880 1297 1008 1327 doctrina
1022 1299 1075 1324 est.

323 1343 548 1394 hianda—Animi
566 1352 740 1382 serenitatem
755 1349 784 1376 in
798 1343 981 1381 objurgando,
993 1345 1021 1370 et
1033 1348 1077 1369 se-

289 1389 431 1434 veritatem
448 1403 477 1430 in
490 1399 627 1428 laudando
644 1395 772 1424 adhibere
790 1389 932 1422 convenit,
952 1394 985 1414 ac
1012 1392 1078 1413 neu-

289 1458 360 1480 trum
374 1456 422 1485 per
435 1443 691 1475 immoderationem
714 1437 896 1468 labefactare;
912 1439 1007 1462 verum
1026 1431 1079 1458 hoc

290 1477 429 1533 praestare,
445 1497 475 1520 ut
489 1496 516 1520 et
538 1494 652 1526 paterna
671 1483 826 1521 objurgatio
851 1481 898 1514 sit,
913 1484 941 1508 et
957 1477 1080 1528 laudatio

289 1522 402 1578 gravis:
423 1522 464 1568 sic
479 1522 576 1570 nem-pe
593 1538 689 1562 utnec
715 1528 845 1558 mollities
871 1525 1007 1554 dissoluta
1032 1522 1079 1556 sit,

688 1576 695 1578 ς
739 1575 745 1578 .
832 1571 838 1578 .
992 1567 1076 1578 ,ηιμ

289 1567 341 1614 nec
359 1584 456 1613 acerba
475 1567 618 1611 severitas,
648 1576 698 1605 sed
722 1575 809 1602 altera
832 1570 966 1601 lenitatis,
991 1567 1079 1595 altera

289 1631 440 1668 prudentia:
465 1634 566 1656 nomen
599 1624 734 1655 retineat;
762 1623 879 1654 utraque
906 1619 999 1644 autem
1016 1621 1078 1643 cum

290 1675 464 1713 philosophia
479 1672 627 1706 conjuncta
643 1669 689 1696 sit.

326 1709 468 1756 Ejusd.-—
493 1718 602 1750 Quanta
630 1711 789 1742 sublimitas
817 1709 994 1745 dignitasque
1024 1709 1077 1738 est,

290 1773 366 1796 tanto
377 1773 459 1802 grave
473 1769 515 1793 cst
533 1760 696 1798 periculum.

324 1800 421 1849 Ejusd.
435 1827 470 1833 —
483 1809 656 1841 Sacerdotes,
679 1805 784 1833 induite
796 1802 942 1839 justitiam.
966 1800 1080 1828 Pascuae

289 1868 356 1889 Oves
376 1866 430 1887 non
443 1858 643 1893 dispergamus,
659 1860 710 1881 nec
730 1850 899 1882 occidamus,
916 1855 965 1883 pro
980 1846 1079 1882 quibus

289 1908 409 1935 animam
424 1911 501 1933 suam
514 1903 603 1931 bonus
619 1900 665 1928 ille
682 1903 776 1934 pastor
789 1896 894 1932 posuit,
909 1894 957 1931 qui
975 1901 1079 1927 cogno-

290 1952 343 1980 scit
357 1957 433 1982 suas,
449 1954 476 1977 et
490 1955 506 1976 a
520 1947 579 1976 suis
600 1943 796 1981 cognoscitur;
812 1942 858 1977 qui
875 1945 955 1968 vocat
968 1946 1016 1967 cas
1030 1945 1080 1966 no-

290 1997 423 2029 minatim,
438 2000 466 2023 et
482 1993 634 2022 introducit
657 1998 705 2019 eas
721 1989 814 2026 (Joan.
835 1996 863 2021 κ,
880 1988 919 2024 5),
939 1991 967 2015 et
989 1985 1080 2013 educit

291 2043 326 2070 ab
340 2041 501 2070 inﬁdelitate
515 2039 549 2066 ad
561 2038 651 2070 iidem,
668 2040 696 2064 et
707 2035 742 2063 ab
754 2034 838 2062 haece
848 2033 905 2060 vita
921 2032 956 2059 ad
968 2030 1080 2058 alterius

291 2091 351 2117 vita:
375 2088 507 2123 requiem.
522 2085 676 2113 Metuamus
692 2090 738 2114 ne,
755 2081 826 2118 quod
845 2080 988 2115 Scriptura
1005 2086 1082 2106 com-

291 2136 421 2166 minatur,
435 2132 569 2169 judicium
585 2137 601 2158 a
620 2130 700 2157 nobis
714 2127 828 2162 incipiat
839 2125 865 2162 (1
879 2125 953 2152 Petr.
965 2133 1001 2158 IV,
1018 2124 1080 2163 l7);

292 2190 325 2209 ne
337 2179 458 2215 duplicia
475 2181 590 2214 peccata
603 2177 637 2204 de
654 2183 736 2203 manu
754 2173 862 2202 Domini
885 2172 1080 2214 suscipiamus,

291 2232 393 2255 etcum
421 2225 474 2260 ipsi
502 2231 558 2251 non
587 2221 784 2258 ingrediamur,
802 2218 872 2246 alios
893 2217 940 2252 qui
971 2215 1078 2253 ingredi
1093 2229 1116 2257 υ

291 2275 406 2307 possunt
420 2269 617 2305 prohibeamus
629 2265 704 2303 (Luc.
722 2273 761 2297 ιι,
777 2263 834 2298 5‘2).

328 2316 409 2350 Oves,
425 2319 531 2343 vestros
546 2317 671 2349 pastores
692 2316 867 2346 nequaquam
885 2307 1000 2344 pascite,
1027 2313 1078 2334 nec

294 2364 365 2392 ultra
382 2361 514 2390 terminos
533 2362 642 2388 vestros
667 2356 814 2392 assurgite.
842 2354 934 2383 Satius
947 2353 1027 2381 vobis
1043 2353 1081 2381 sit

293 2416 324 2439 ut
339 2414 413 2438 recte
438 2406 602 2444 pascamini.
617 2404 770 2433 Censuram
787 2403 814 2432 in
832 2401 939 2438 iudices
951 2408 986 2428 ne
1001 2399 1079 2428 vobis

292 2455 439 2492 arrogctis,
466 2461 518 2483 nec
540 2454 631 2487 legum
662 2450 796 2478 latoribus
821 2449 894 2485 leges
918 2445 1077 2482 imponatis.

292 2503 352 2532 Non
370 2502 444 2531 enim
459 2499 640 2529 dissensionis
652 2502 679 2527 et
693 2497 866 2526 confusionis
883 2496 954 2524 Deus
964 2497 1018 2528 est,
1029 2492 1078 2522 sed

293 2549 369 2586 pacis
382 2547 408 2581 (ι
426 2546 489 2574 Cor.
503 2554 560 2578 ιιν,
580 2545 636 2580 55).

326 2592 507 2628 Praeceptoris
520 2591 618 2620 oculus
631 2590 715 2618 tacita
728 2589 854 2618 doctrina
869 2592 921 2616 est.

327 2639 357 2667 S.
375 2637 451 2673 Greg.
465 2637 549 2673 Nysa.
563 2650 599 2656 —
614 2635 751 2669 Quantum
771 2633 882 2669 corpori
896 2635 1009 2669 praestat
1020 2632 1080 2660 ani-

293 2694 365 2718 mus,
387 2687 494 2712 tantum
523 2689 632 2718 queque
647 2682 671 2710 is
694 2681 741 2717 qui
768 2681 867 2709 animis
881 2680 1016 2711 medetur,
1031 2685 1080 2707 eos

290 2731 428 2760 antecellit
442 2730 491 2765 qui
505 2736 620 2765 corpora
636 2728 768 2757 duntaxat
779 2731 886 2756 curant.

328 2775 360 2804 S.
375 2776 511 2811 Cltrysou.
521 2776 569 2803 lib.
580 2784 609 2803 ιιι
622 2775 662 2802 De
674 2773 916 2802 sacerd.—Tanlo
932 2772 1079 2801 sublimius

292 2822 364 2849 caelo
380 2823 563 2851 sacerdotium
584 2826 642 2853 cst,
659 2825 762 2856 quanto
781 2820 895 2856 spiritus
911 2826 994 2847 carne
1010 2826 1079 2854 prae-

291 2868 418 2897 stantior.

1165 1017 1254 1071 Οὗτος.
1264 1021 1335 1071 ὄροςΔ
1342 1021 1432 1071 πάσης
1446 1024 1633 1059 πνευματικῆς
1655 1025 1834 1060 προστασίας,
1849 1034 1922 1054 παν-

1129 1066 1221 1139 ταχοῦέ
1229 1066 1261 1093 τὸ
1273 1067 1335 1094 καθ’
1356 1068 1451 1096 ἑαυτὸν
1470 1071 1595 1106 παρορᾷν
1610 1070 1680 1105 πρὸς
1703 1071 1734 1098 τὸ
1749 1071 1804 1098 τῶν
1829 1071 1922 1100 ἄλλων

1129 1120 1206 1148 συμφ
1225 1121 1281 1148 ρον.
1732 1121 1736 1124 “

1163 1203 1272 1232 Παίδων
1284 1204 1424 1241 φείδεσθαι
1437 1207 1572 1243 πατρικὸς
1586 1207 1680 1242 νόμος.

1159 1292 1261 1329 ,Τροφὴ
1275 1293 1381 1321 καὶτοῦ
1395 1294 1542 1330 τρέφοντάς
1556 1296 1630 1323 ἐστιν
1648 1297 1665 1332 ἡ
1682 1297 1793 1330 δίδαξις.

1171 1339 1349 1375 Ἐπιτιμῆσαι
1360 1341 1496 1377 γαληνῶς,
1509 1342 1651 1369 ἐπαινέσαι
1662 1343 1856 1377 παιδευτικῶς,
1871 1345 1920 1371 καὶ

1133 1385 1281 1420 μηδέτερον
1295 1387 1328 1421 τῇ
1346 1386 1466 1422 ἀμετρίᾳ
1492 1386 1684 1422 λυμαίνεσθαι,
1707 1387 1776 1416 ἀλλά
1802 1389 1919 1425 ποιῆσαι

1131 1431 1181 1457 καὶ
1205 1431 1256 1466 τὴν
1287 1432 1446 1467 ἐπιτίμησιν
1477 1434 1630 1468 πατρικὴν,
1658 1435 1705 1461 καὶ
1732 1434 1780 1461 τδν
1807 1435 1919 1462 ἔπαινον

1132 1477 1245 1512 ἀρχικόν
1256 1485 1263 1493 ·
1281 1478 1351 1513 μήτε
1372 1478 1522 1514 τὸάπαλδν
1535 1479 1658 1514 ἔκλυτον,
1681 1481 1750 1516 μήτε
1767 1481 1870 1515 στῦφον
1890 1482 1921 1508 τὸ

1132 1522 1269 1557 αὐστηρόν
1280 1531 1287 1539 ·
1301 1523 1372 1551 ἀλλὰ
1386 1524 1417 1550 τὸ
1434 1525 1484 1560 μὲν
1501 1525 1664 1561 ἐπιείκειαν,
1681 1526 1712 1554 τὸ
1727 1527 1757 1554 δὲ
1772 1528 1917 1562 φρόνησιν,

1093 1559 1114 1589 α
1131 1569 1179 1595 καὶ
1190 1568 1350 1603 φιλοσοφίαν
1367 1570 1520 1606 ἀμφότερα.

1128 1746 1143 1773 δ
1164 1699 1247 1727 Ὀσον
1261 1699 1292 1727 τὸ
1309 1699 1376 1735 ὕψος
1390 1700 1437 1727 κα.)⁸
1450 1699 1481 1728 τὸ
1493 1700 1615 1736 ἀξίωμα,
1626 1701 1754 1730 τοσοῦτον
1766 1704 1840 1730 καὶὸ
1859 1705 1918 1732 xiv-

1144 1753 1215 1773 υνοε.

1144 1753 1215 1778 υνος.

1165 1794 1196 1820 0t
1213 1794 1305 1829 ἱερεῖς,
1321 1793 1468 1820 ἐνδύσασθε
1485 1793 1669 1829 δικαιοσύνην.
1691 1795 1737 1830 Μὴ
1750 1795 1918 1831 διασπείρω-

1131 1845 1182 1874 μεν
1203 1840 1239 1866 τὰ
1260 1839 1383 1876 πρόδατα
1405 1840 1455 1876 τῆς
1478 1840 1607 1876 νομικῆς,
1631 1841 1679 1868 καὶ
1701 1841 1917 1878 διαφθείρωμεν,

1130 1886 1199 1921 ὑπὲρ
1216 1881 1253 1912 ὥν
1280 1886 1362 1920 ἔθηκε
1377 1887 1427 1922 τὴν
1452 1886 1541 1922 ψυχὴν
1556 1887 1570 1913 ό
1587 1886 1691 1922 ποιμὴν
1701 1886 1715 1912 ὁ
1730 1888 1826 1920 καλὸς,
1839 1889 1854 1914 ὸ
1873 1897 1918 1922 γι-

1130 1931 1242 1959 νώσκων
1259 1932 1295 1959 τὰ
1309 1932 1373 1965 ῐδια,
1390 1932 1438 1959 καὶ
1458 1932 1663 1968 γινωσκόμενος
1679 1933 1731 1960 ὑπὸ
1753 1933 1809 1960 τῶν
1832 1934 1918 1966 ἰδίων,

1131 1977 1178 2004 καὶ
1195 1977 1285 2005 καλῶν
1300 1979 1359 2005 κατ’
1371 1978 1468 2014 ὅνομα,
1491 1979 1539 2005 καὶ
1562 1980 1683 2013 εἰσάγων
1696 1979 1785 2013 αὐτὰ,
1800 1980 1850 2007 καὶ
1875 1980 1919 2012 ἑξ-

1133 2024 1206 2058 ἁγων
1220 2025 1273 2051 ἀπὸ
1284 2033 1314 2050 τε
1325 2025 1455 2056 ἀπιστίας
1467 2025 1506 2057 είς
1520 2026 1623 2060 πίστιν,
1639 2025 1687 2052 καὶ
1707 2026 1761 2052 ἀπὸ
1778 2026 1828 2061 τῆς
1843 2025 1919 2061 ζωῆς

1131 2072 1233 2106 ταύτης
1249 2072 1290 2103 είς
1310 2071 1360 2107 τὴν
1387 2071 1495 2098 ἐκεῖθεν
1507 2071 1679 2098 ἀνάπαυσιν·
1697 2071 1862 2106 φοϐηθῶμεν
1882 2073 1920 2107 μὴ

1131 2117 1178 2152 ἀφ’
1193 2118 1274 2153 ἡμῶν
1297 2118 1414 2154 ἄρξηται
1428 2119 1459 2145 τὸ
1480 2119 1567 2154 κρίμα
1591 2119 1639 2145 καὶ
1662 2118 1712 2153 τὴν
1728 2117 1860 2153 ἀπειλήν·
1881 2119 1922 2154 μὴ

1131 2162 1257 2199 λάὃωμεν
1272 2164 1304 2190 ὲκ
1318 2164 1410 2199 χειρὸς
1425 2164 1529 2200 Κυρίου
1551 2164 1634 2191 διπλᾶ
1656 2165 1691 2191 τὰ
1714 2164 1920 2200 ἁμαρτήματα,

1131 2209 1207 2236 αὺτοί
1225 2218 1255 2236 τε
1275 2210 1326 2237 οὐκ
1343 2210 1484 2242 εἰσιόντες,
1508 2211 1555 2238 καὶ
1571 2210 1634 2242 τοὺς
1649 2209 1781 2237 εἰσελθεῖν
1799 2210 1921 2245 δυναμέ-

1129 2266 1192 2290 νους
1205 2257 1365 2289 κωλύοντες.

1164 2303 1206 2331 Τά
1219 2303 1354 2340 πρόῦατα,
1371 2303 1410 2340 μὴ
1428 2303 1588 2340 ποιμαίνετε
1604 2304 1667 2335 τοὺς
1688 2303 1834 2338 ποιμένας,
1850 2303 1921 2338 μηδὲ

1129 2351 1200 2387 ὑπὲρ
1209 2352 1272 2384 τοὺς
1284 2351 1386 2379 ἑαυτῶν
1398 2352 1478 2387 ὄρους
1490 2350 1648 2387 ἐπαίρεσθε.
1666 2351 1759 2386 ’Δρκεζ
1773 2350 1830 2385 γὰρ
1852 2350 1921 2385 ὑμῖν

1130 2399 1163 2426 ἂν
1180 2398 1272 2431 καλῶς
1298 2398 1493 2433 ποιμαίνησθε.
1514 2398 1562 2433 Μὴ
1587 2397 1694 2433 κρίνετε
1715 2396 1778 2427 τοὺς
1804 2397 1922 2430 κριτὰς,

1131 2444 1200 2480 μηδὲ
1224 2444 1388 2480 νομοθετῆτε
1404 2445 1460 2476 τοῖς
1478 2444 1648 2480 νομοθέταις.
1672 2442 1709 2469 Οὐ
1732 2442 1788 2478 γάρ
1810 2443 1890 2469 ἐστιν
1908 2443 1922 2468 6

1129 2492 1196 2524 Θεὸς
1218 2490 1424 2523 ἀκαταστασίας
1445 2491 1493 2518 καὶ
1513 2489 1640 2524 ἀταξίας,
1655 2489 1714 2517 ἀλλ’
1737 2489 1853 2525 εἰρήνης
1873 2490 1923 2516 καὶ

1129 2538 1242 2572 τάξεως.

1166 2587 1222 2614 Καὶ
1234 2586 1374 2622 ὀφθαλμὸς
1389 2585 1533 2614 παιδευτοῦ
1546 2584 1678 2612 σιωπῶσσ.
1691 2584 1868 2612 διδασκαλία.

1166 2633 1249 2660 Ὅσον
1272 2633 1437 2668 κρείττωνὴ
1459 2632 1532 2668 ψυχὴ
1551 2631 1599 2658 τοῦ
1631 2631 1768 2668 sima-ccc,
1795 2631 1923 2667 τοσούτῳ

1129 2679 1295 2715 τιμιώτερος
1323 2678 1377 2706 τῶν
1402 2678 1437 2705 τὰ
1457 2678 1573 2714 σώματα
1598 2677 1808 2714 θερῐπευόντων
1827 2678 1843 2705 ὀ
1870 2679 1923 2710 τὰς

1128 2725 1218 2762 ψυχὰς
1231 2725 1389 2761 ἐξιώμενος.

1165 2772 1300 2800 Τοσοῦτον
1317 2772 1453 2808 ἀνώτερον
1474 2770 1613 2807 βασιλείας
1631 2770 1747 2805 ἕστηκεν
1767 2769 1922 2807 ἱερωσύνη,

1129 2819 1191 2845 ὅσον
1209 2818 1364 2854 πνεύματος
1376 2818 1424 2844 καὶ
1439 2816 1540 2852 σαρκὸς
1554 2816 1585 2844 τδ
1601 2816 1693 2852 μέσον.
