2056 3113
133 116 201 150 15-25

165 175 202 200 Οὐ
220 174 273 208 γὰρ
287 174 344 200 ἔστι
365 174 397 200 τὰ
411 174 467 200 τῶν
483 174 578 210 ίερέων
600 174 771 210 κρύπτεσθαι
799 175 918 201 ἑλαττώ-
935 174 956 201 Α

129 227 213 253 ματα,
230 219 298 246 ἀλλὰ
316 221 360 247 καὶ
375 220 409 246 τὰ
423 221 594 256 σμικρότατα.
605 221 712 255 ταχέως
729 221 867 256 κατάδηλα
884 221 923 255 γί-

121 265 210 285 νεται,

166 323 204 349 Οὐ
218 324 271 358 χρὴ
286 323 337 359 τὴν
354 322 462 350 σύνεσιν
475 323 569 359 ἡλικίᾳ
592 324 705 359 κρίνειν,
721 324 782 350 οὐδὲ
797 324 842 350 τὸν
855 332 907 357 πρε
918 339 924 344 π

133 368 233 403 ειϐύτην
247 369 301 395 ἀπὸ
323 369 373 404 τῆς
396 369 492 401 πολιᾶς
512 369 681 405 δοκιμάζειν,
704 370 765 396 οὐδὲ
789 370 835 396 τὸν
863 370 923 396 νέον

131 414 240 445 πάντως
257 414 402 449 ἀπείργειν
416 415 464 449 τῆς
476 414 606 449 τοιαύτης
624 415 775 447 διακονίας,
791 415 860 442 ἀλλὰ
878 415 924 442 τὸν

130 459 269 492 νεόφυτον.
286 459 356 486 Πολὺ
367 459 395 486 δὲ
410 460 574 495 ἀμφοτέρων
587 460 617 486 τὸ
634 460 727 495 μέσον.

165 559 197 584 Ol
214 558 307 584 πολλοὶ
330 559 395 585 ὅταν
420 559 481 586 τινὰ
507 559 582 586 ἴδωσι
598 560 748 595 χρημάτων
765 561 922 596 κρείττονα,

130 604 231 636 εὐθέως
244 604 326 631 αὑτὸν
339 605 494 640 ἐπιτήδειον
507 604 578 632 εἷναι
596 606 665 640 πρὸς
682 606 786 641 ταύτην
804 607 924 641 ἀποφαί-

131 659 220 677 νονται
242 651 410 686 οἰκονομίαν.
435 651 466 678 '0
485 651 607 682 τοιοῦτος
622 652 731 688 λυμεὼν
746 654 779 680 ἆν
796 653 839 687 εἴη
856 663 923 689 προ-

131 696 242 731 στάτης,
258 697 304 723 καὶ
318 696 400 727 λύκος
412 697 473 723 ἀντὶ
495 697 635 731 ποιμένος.

164 794 268 829 Μηδεὶς
282 793 351 828 μήτε
367 793 426 820 νέον
447 794 588 831 διαϐάλλῃ,
606 796 674 831 μήτε
699 796 814 832 γέροντα
832 798 922 832 ἐγκω-

762 119 881 149 8ᾹΕΒΑ
901 118 942 147 ΡΑ
949 117 997 146 RA
1003 117 1132 146 LLEIA.

1705 116 1771 148 Ῑῑιίῦ

1008 170 1079 197 Ibid.
1098 184 1131 190 --
1148 169 1219 198 Fieri
1244 178 1298 197 non
1327 173 1417 205 potest
1444 175 1473 197 ut
1501 170 1677 199 sacerdotum
1706 174 1771 200 vitia

975 217 1094 243 obscura
1109 216 1179 247 sint;
1195 222 1290 243 verum
1304 220 1330 243 et
1346 215 1486 243 levissima
1503 223 1612 250 quoque
1627 217 1720 244 statim
1743 226 1771 245 ιιι

975 265 1099 296 apertum
1113 260 1305 296 proteruntur.

1011 316 1106 351 Ejusd.
1119 332 1155 337 ——
1169 317 1264 352 Neque
1281 317 1454 352 prudentiam
1471 321 1551 345 aetate
1566 317 1668 349 metiri,
1682 326 1773 354 neque

975 371 1067 390 senem
1083 371 1116 391 ex
1131 363 1233 391 canitie
1254 364 1373 398 probare
1390 364 1532 397 convenit,
1548 372 1600 392 nec
1616 373 1715 392 rursus
1726 365 1773 398 ju-

975 416 1070 436 venem
1090 410 1124 436 ab
1140 409 1333 437 ecclesiastico
1350 409 1506 437 ministerio
1534 410 1709 442 submovere,
1724 411 1773 437 scd

975 454 1154 490 ncophytum.
1186 453 1260 482 Inter
1291 461 1439 490 utrumque
1472 463 1555 490 porro
1584 457 1701 483 multum
1731 462 1773 483 est.

975 500 1156 527 discriminis.

1011 556 1109 590 Ejusd.
1123 572 1157 577 —
1169 556 1246 584 Mulli
1264 561 1329 584 sunt
1342 558 1388 592 qui
1404 559 1487 585 simul
1503 562 1585 593 atque
1603 559 1724 594 aliquem
1738 561 1771 586 ab

976 603 1074 637 opibus
1087 602 1280 630 abhorrentem
1294 604 1423 636 viderint,
1438 605 1565 639 protinus
1585 615 1646 633 eum
1660 607 1694 633 ad
1721 607 1773 634 hu-

974 649 1094 683 jusmodi
1112 657 1214 676 munus
1232 649 1390 677 obeundum
1404 650 1532 686 idoneum
1546 658 1671 680 censent.
1690 653 1772 688 Atqui

976 695 1033 722 ﬁeri
1062 699 1151 730 potest
1169 700 1197 722 ιιι
1221 696 1244 723 is
1269 696 1404 731 pestilens
1422 697 1541 724 antistes
1561 697 1608 730 sil,
1626 705 1657 725 ac
1680 699 1771 733 lupus,

975 746 1029 766 non
1050 743 1154 774 pastor.

1012 796 1151 831 Ejusdem,
1178 803 1247 825 orat.
1274 799 1286 825 1
1313 799 1339 825 in
1366 799 1442 826 Psal.
1460 808 1484 826 L.
1506 799 1610 827 ——Nec
1640 801 1770 835 juvenem

132 839 227 875 μιάζῃ.
246 839 314 865 Οὔτε
327 839 382 874 γὰρ
400 840 511 875 ἡπολιὲι
528 841 624 877 ἀρετὴ,
641 841 704 868 οὔτε
721 843 737 878 ἡ
756 843 850 878 νεότης
872 853 921 870 κοι-

975 843 1122 878 quisquam
1139 844 1314 876 criminetur,
1342 851 1393 872 nec
1413 852 1505 872 senem
1523 845 1650 873 laudibus
1667 845 1770 873 cll'erat.

131 885 187 911 κία.
201 885 297 912 Πολλοὶ
313 887 360 913 καὶ
376 887 403 914 ὲν
416 887 523 922 νεότητι
545 888 704 922 φιλοσοφίαν
722 889 900 921 ὑπεδείξαντο
915 899 921 906 '

130 930 223 957 πολλοὶ
237 932 284 958 καὶ
302 932 356 967 γὰρ
374 933 402 959 ἐν
416 934 501 968 γήρευ
519 933 770 969 ὑπεσκελίσοησαν.
788 936 844 962 Καὶ
868 936 922 972 γὰρ

130 977 154 1002 οἱ
171 977 244 1011 τρεῖς
258 977 351 1008 παῖδες
371 978 399 1003 ἐν
415 979 448 1013 τῇ
466 978 572 1013 καμίνῳ
598 976 679 1014 ἦσαν,
706 980 753 1006 καὶ
769 979 818 1015 τὴν
835 981 923 1015 φλόγα

131 1023 225 1058 δρόσον
245 1025 424 1059 εἰργάσαντο·
449 1026 496 1052 καὶ
510 1026 611 1062 Δανιὴλ
636 1027 807 1063 δωδεκαέτης
824 1028 872 1061 ὢν,
885 1029 923 1065 τῷ

131 1071 210 1106 δήμῳ
224 1071 262 1106 τῷ
281 1071 418 1107 Ἐϐραῖκῷ
435 1072 581 1106 διελέγετο,
599 1073 646 1099 καὶ
660 1074 723 1105 τοὺς
738 1073 849 1107 λέοντας
860 1076 925 1110 πρό-

132 1116 201 1142 6ιτα
215 1116 344 1153 ἐποίησεν
355 1126 361 1133 ·
379 1118 409 1144 οὑ
423 1118 473 1153 τὴν
487 1119 567 1152 φύσιν
588 1119 761 1154 μεταϐαλὼν,
783 1119 852 1146 ἀλλὰ
874 1121 923 1156 τὴν

132 1163 277 1197 οηριωδίαν
291 1164 381 1190 αὐτῶν
402 1166 434 1201 τῇ
453 1166 544 1192 πίστει
561 1165 724 1201 χαλινώσας.
745 1167 799 1192 Καὶ
817 1166 923 1199 Παῦλος

131 1210 296 1245 γεγηρακὼς
322 1209 356 1246 ἦν
379 1212 425 1238 καὶ
452 1212 669 1246 πεπολιωμένος,
695 1212 742 1239 καὶ
773 1213 924 1247 σκυλευτὴς

131 1257 226 1290 γέγονε
250 1257 306 1284 τῶν
335 1257 517 1292 Ἐκκλησιῶν.
536 1258 591 1284 Καὶ
617 1259 687 1293 μετὰ
709 1259 795 1285 ταῦτα
812 1260 842 1286 τὸ
859 1261 923 1295 βρῖ-

131 1303 203 1329 ὂείον
217 1303 266 1338 τῆς
289 1303 408 1335 πίστεως
430 1304 567 1339 ἥρπασεν,
590 1304 636 1330 καὶ
659 1304 793 1339 πρόϐατον
811 1305 923 1339 γέγονεν

131 1347 311 1382 ἁγαοὸτητος,
330 1348 377 1375 καὶ
390 1348 488 1384 κήρυξ,
509 1349 556 1374 καὶ
573 1349 732 1380 ἀπόστολος.
753 1349 798 1385 Μὴ
814 1349 860 1376 οὖν
878 1351 923 1377 τὸν

132 1394 190 1420 νέον
205 1393 344 1425 διάϐαλλε,
359 1394 426 1429 μηδὲ
437 1394 482 1420 τὸν
493 1394 670 1430 γεγηρακότα.
686 1395 801 1421 ἐπαίνει.
818 1395 855 1421 Οὐ
870 1395 923 1431 γὰρ

131 1442 160 1466 ὲν
175 1441 208 1476 τῇ
222 1441 339 1476 διαφορᾷ
352 1442 401 1475 τῆς
417 1441 526 1476 ἡλικίας
541 1441 627 1476 ἀρετὴ
643 1441 689 1467 κοιλ¹
704 1442 799 1474 κακία,
815 1441 883 1468 ἀλλὰ
896 1443 923 1468 εν

131 1488 163 1522 τῇ
182 1487 297 1522 διαφορᾷ
311 1487 361 1521 τῆς
375 1487 499 1522 γνώμης.
516 1487 575 1513 Κᾶν
591 1485 624 1523 ᾖς
642 1487 783 1522 νηφάλιος,
799 1488 875 1515 οὐδέν
893 1497 921 1514 σε

975 888 1070 923 Neque
1091 889 1165 916 enim
1195 889 1312 916 canities
1329 889 1416 916 virtus
1432 893 1486 920 est,
1505 897 1556 916 nec
1579 890 1711 923 juventus
1732 891 1772 916 \‘i-

976 933 1054 960 tiutn.
1083 933 1159 960 Multi
1180 933 1263 960 etiam
1292 933 1319 960 in
1338 933 1454 968 juvenili
1479 938 1557 961 mtate
1588 935 1771 970 philosophiae

974 978 1140 1006 documenta
1157 980 1353 1015 prtebuerunt;
1385 980 1464 1006 multi
1492 980 1587 1007 itidem
1611 981 1639 1007 in
1659 986 1770 1008 senecta

975 1026 1095 1061 prolapsi
1126 1030 1202 1053 sunt.
1236 1026 1382 1053 Enimvero
1406 1031 1463 1053 tres
1495 1027 1571 1060 pueri
1601 1027 1628 1054 in
1659 1027 1771 1054 fornace

975 1077 1064 1103 erant,
1081 1076 1107 1099 et
1122 1072 1257 1098 ﬂaimnam
1281 1072 1308 1099 in
1332 1079 1420 1099 rorem
1444 1077 1649 1100 converterunt.
1670 1073 1702 1100 lit
1718 1073 1771 1100 Da-

976 1118 1029 1144 niel
1050 1118 1213 1146 duoderimo
1225 1119 1313 1146 a‘tatis
1330 1127 1403 1145 anno
1419 1119 1451 1145 ad
1471 1119 1601 1154 populum
1625 1119 1770 1147 Hebraeum

975 1162 1135 1188 concionem
1155 1163 1269 1190 habebat
1281 1171 1288 1195 ;
1301 1163 1366 1196 quin
1382 1170 1406 1190 et
1422 1171 1453 1190 ex
1467 1164 1593 1191 leonibus
1610 1172 1675 1191 ores
1691 1165 1772 1192 facie—

975 1207 1021 1234 bat
1040 1216 1046 1234 :
1065 1215 1119 1234 non
1136 1208 1245 1243 quidem
1265 1213 1363 1235 natura
1386 1217 1481 1236 eorum
1499 1214 1613 1242 mutata,
1640 1211 1687 1237 sed
1705 1211 1771 1237 teri-

976 1256 1030 1279 tate
1044 1251 1120 1280 freno
1132 1253 1193 1280 fidei
1206 1261 1375 1288 compressa.
1388 1253 1419 1280 Et
1435 1255 1537 1282 l’aulus
1550 1263 1634 1282 senex
1647 1259 1673 1282 et
1685 1263 1771 1283 canus

976 1305 1037 1325 cum
1072 1303 1161 1331 esset,
1193 1299 1332 1327 Ecclesias
1360 1300 1565 1335 populabatur;
1594 1302 1770 1336 postmodum

976 1351 1041 1370 vero
1054 1343 1115 1371 ﬁdei
1128 1344 1247 1378 palmam
1262 1345 1363 1379 rapuit,
1384 1350 1466 1380 atque
1481 1348 1540 1374 ovis
1559 1347 1641 1380 bona,
1656 1351 1683 1375 ct
1702 1354 1772 1382 prm-

975 1397 1018 1421 co,
1036 1393 1063 1417 et
1077 1391 1218 1425 apostolus
1235 1392 1350 1418 exstitit.
1365 1392 1430 1424 Qua:
1448 1400 1510 1420 eum
1526 1393 1561 1420 ita
1578 1393 1646 1427 sint,
1663 1402 1714 1422 nou
1730 1399 1772 1422 cst

976 1442 1025 1462 cur
1041 1437 1082 1463 vel
1104 1436 1232 1470 juvenem
1262 1438 1406 1472 suggillcs,
1436 1439 1477 1465 vel
1502 1446 1595 1466 senem
1626 1441 1769 1475 praedices.

975 1481 1070 1516 Neque
1084 1483 1157 1509 cnim
1174 1484 1200 1510 in
1217 1484 1304 1511 :elalis
1332 1484 1485 1512 dilfercntia
1503 1486 1592 1513 virtus
1616 1490 1641 1513 et
1662 1487 1770 1518 vitium,

131 1533 301 1566 καταϐλάῲει
313 1533 343 1558 τὸ
360 1532 447 1567 ἄωρον
464 1534 514 1567 τῆς
529 1533 655 1568 ἡλικίαις·
673 1533 724 1559 κᾶν
736 1531 768 1570 ᾗς
787 1534 919 1569 ῥᾴθυμος,

975 1527 1021 1553 sed
1038 1528 1065 1554 in
1078 1529 1178 1555 mentis
1189 1528 1270 1564 514.
1278 1533 1304 1556 et
1321 1537 1420 1557 sensus
1432 1530 1591 1558 discrimine
1605 1533 1770 1560 consistunt.
1806 1537 1811 1538 ’

131 1578 208 1605 οὐδέν
227 1587 256 1604 σε
271 1578 406 1613 ὠφελήσει
428 1578 458 1604 τὸ
476 1579 573 1613 γῆρας.
600 1578 685 1605 Πολιὰ
700 1579 754 1614 γὰρ
772 1580 802 1606 οὐ
831 1581 924 1614 τρίχες

131 1625 237 1658 λευκαὶ,
263 1625 331 1651 ἀλλὰ
356 1625 445 1660 ψυχῆς
472 1625 570 1660 ἀρετή.
596 1622 681 1656 Οὗτος
705 1625 794 1652 τοίνυν
816 1625 924 1652 ὁΔειδίδ

132 1672 190 1703 νέος
204 1671 252 1704 ὢν,
269 1671 372 1707 ὦριμον
392 1671 437 1698 τὸν
459 1671 563 1707 καρπὸν
578 1671 628 1705 τῆς
651 1672 754 1706 ἀρετῆς
781 1672 922 1707 ἐκέκτητο.

131 1715 234 1744 Ἦλθεν
250 1717 400 1752 ὁΣαμουὴλ
416 1717 485 1752 πρὸς
499 1716 545 1742 τὸν
567 1716 677 1749 Ἰεσσαὶ,
697 1716 766 1752 ἔχων
786 1717 816 1743 τὺ
827 1717 922 1752 κέρας,

132 1765 197 1792 ἔνθα
208 1765 238 1791 τδ
255 1764 344 1790 ἔλαιον
359 1761 392 1798 ἦν
410 1763 440 1789 τὸ
452 1763 539 1797 ἅγιον.
561 1764 615 1790 Καὶ
630 1763 656 1789 τί
677 1771 776 1797 φησινς
796 1763 923 1798 Ἔπεμψέ

134 1820 167 1846 με
187 1811 201 1836 ὁ
222 1810 288 1842 Θεὸς
307 1809 417 1844 ποιῆσαι
438 1808 550 1843 βασιλέα
572 1808 627 1835 τῶν
657 1809 723 1847 ulti»)
743 1817 789 1834 σου
813 1808 871 1835 ἕνα.
894 1808 923 1834 Ὀ

139 1857 238 1883 Ἰεσσαὶ
247 1857 368 1886 ἀκούσας
382 1855 505 1890 βασιλέα,
521 1855 636 1890 νομίσας
656 1855 754 1890 ἐκείνῳ
770 1855 923 1890 ἐπιτήδειον

132 1901 202 1930 εἶναι
222 1903 252 1929 τὸ
265 1902 384 1937 ἀξίωμα,
406 1901 467 1936 ἄγει
482 1902 526 1928 τὸν
545 1902 654 1936 πρῶτον
668 1902 735 1934 υἱδν,
749 1901 795 1928 καί
814 1909 895 1936 φησιν
909 1902 923 1927 ὁ

132 1950 289 1984 προφήτης·
315 1948 426 1983 Πάρειγε
449 1947 540 1977 αὐτὸν,
565 1947 614 1972 οὐκ
640 1946 793 1981 ηὐδόκησεν
816 1946 830 1972 ὁ
857 1946 923 1977 Θεὸς

132 1997 160 2021 ὲν
177 1993 262 2028 αὐτῷ.
286 1994 364 2027 Ἀγει
379 1993 424 2019 τὸν
437 1992 565 2028 δεύτερον
581 2001 587 2007 ·
609 1992 670 2018 οὐδὲ
690 1989 778 2023 οὗτος.
794 1993 846 2018 Τὸν
863 1992 923 2028 τρί-

130 2050 178 2068 τον
193 2049 199 2055 ·
216 2040 279 2067 οὺδὲ
291 2037 383 2070 οὗτος·
400 2039 445 2066 τὸν
466 2039 606 2074 τέταρτον,
633 2038 678 2064 τὸν
701 2038 836 2073 πέμπτον.
864 2038 922 2064 Ἀν-

133 2086 225 2122 ηλώοη
245 2086 259 2112 ὁ
274 2085 352 2121 χορὸς
374 2085 427 2112 τῶν
449 2084 563 2116 παίδων,
581 2084 627 2110 καὶ
650 2084 664 2109 ὁ
686 2083 852 2118 ζητούμενος
874 2085 922 2118 οὐχ

129 2132 289 2167 ηὑρίσκετο.
318 2131 400 2164 Λέγει
421 2130 513 2164 αὐτῷ’
537 2130 630 2164 Ἔχεις
653 2128 752 2162 ἅλλον;
770 2129 890 2164 ᾐσχύνθη
909 2130 922 2155 ὁ

131 2179 225 2213 πατὴρ
240 2186 246 2193 ·
266 2178 339 2213 Ἔχω
367 2177 426 2208 ἕνα,
453 2177 544 2211 φησὶν,
566 2175 674 2211 μικρῦν,
695 2175 808 2210 εὐτελῆ·
845 2175 922 2209 βασι-

129 2226 178 2252 λέα
198 2226 298 2259 ζητεῖς,
326 2223 434 2259 μικρὸν,
455 2222 561 2257 εὐτελῆ,
590 2221 717 2256 ποιμένι.
748 2220 919 2256 Ἀνθρωπος,

129 2271 278 2305 ὲξουϐενεῖ,
293 2269 350 2296 ἀλλ’
365 2271 379 2296 ὁ
394 2269 461 2300 Θεὸς
481 2269 616 2301 στεφανοῖ.
632 2267 672 2293 Οἱ]
687 2266 741 2301 γὰρ
758 2266 798 2299 ὡς
814 2266 919 2299 ὄψεται

129 2319 295 2351 ἄνθρωπος,
304 2315 408 2350 ὄψεται
421 2316 475 2342 Θεό
488 2325 501 2341 -.
514 2315 685 2347 ’Ἄνθρωπος
694 2314 737 2345 είς
747 2313 919 2346 πρόσωπον,

130 2364 204 2397 Θεὸς
218 2364 252 2390 δὲ
265 2365 309 2396 εΙς
325 2361 463 2396 καρδίαν.
477 2362 522 2392 Mn
537 2361 591 2395 γὰρ
612 2359 800 2395 πολυσαρκίαν
824 2358 921 2393 ζητοῦ-

131 2419 192 2446 μεν,
206 2409 294 2444 ψυχῆς
310 2408 450 2441 εὐγένειαν
467 2405 667 2440 ἐπιοομοῦμεν.

130 2458 183 2484 lem
209 2456 312 2488 habet),
341 2455 429 2489 inquit
459 2463 464 2480 :

975 1571 1013 1599 Ac
1029 1573 1154 1607 proinde,
1167 1581 1217 1600 nec
1237 1575 1259 1600 si
1276 1575 1386 1602 sobrius
1398 1580 1425 1602 ct
1437 1576 1557 1610 prudens
1575 1577 1670 1610 fueris,
1689 1577 1769 1611 quid-

975 1628 1058 1655 quam
1080 1620 1129 1647 tibi
1154 1620 1310 1648 detrimenti
1333 1627 1499 1656 praamatura
1526 1627 1593 1650 tetas
1623 1623 1768 1656 attulerit;

977 1673 1025 1694 nec
1041 1667 1062 1694 si
1079 1667 1171 1702 segnis
1184 1667 1356 1703 ignarusque
1374 1668 1424 1701 sis,
1437 1669 1585 1704 quidquam
1602 1674 1627 1697 te
1640 1675 1769 1697 senectus

973 1712 1090 1747 juvabit.
1109 1713 1245 1741 Senectus
1265 1714 1336 1740 enim
1351 1722 1405 1742 non
1422 1715 1447 1741 in
1468 1715 1584 1742 crinium
1601 1716 1768 1750 canitic,sed

976 1758 1002 1785 in
1021 1757 1104 1785 animi
1123 1758 1225 1785 virtute
1239 1758 1292 1785 sita
1314 1764 1365 1786 cst.
1385 1759 1431 1786 Sic
1450 1760 1581 1786 nimirum
1599 1760 1692 1793 David,
1705 1768 1768 1788 cum

976 1804 1066 1831 adhuc
1093 1804 1203 1839 juvenis
1234 1810 1321 1837 esset,
1357 1809 1494 1832 maturum
1521 1806 1631 1832 virtutis
1649 1805 1768 1834 fructum

976 1851 1142 1886 possidebat.
1164 1851 1244 1879 Venit
1265 1859 1347 1886 porro
1371 1851 1483 1879 Samuel
1509 1852 1543 1879 ad
1569 1851 1656 1884 Jcssc,
1681 1860 1768 1880 cornu

975 1902 1096 1933 gestans,
1113 1898 1139 1924 in
1154 1906 1210 1932 quo
1229 1903 1355 1926 sanetum
1370 1903 1444 1925 esset
1469 1898 1572 1925 oleum.
1587 1898 1619 1925 Et
1632 1899 1696 1934 quid
1712 1899 1770 1926 ait?

977 1944 1051 1971 Misit
1067 1952 1110 1971 me
1134 1945 1205 1972 Deus
1225 1949 1254 1970 ut
1273 1952 1357 1971 uninn
1374 1952 1388 1971 c
1406 1945 1461 1971 tuis
1480 1944 1543 1972 liliis
1563 1952 1653 1980 regem
1670 1945 1767 1972 faciam

955 2007 960 2013 η
976 1989 1037 2024 (clr.
1052 1989 1064 2016 1
1080 1989 1141 2024 Reg.
1156 1990 1221 2021 xu).
1239 1989 1340 2016 Audito
1351 1989 1428 2017 Jcsse
1444 1990 1515 2024 regis
1538 1990 1657 2023 nomine,
1677 1990 1761 2016 lilium

976 2041 1040 2062 natu
1057 2034 1204 2061 niaximum
1230 2034 1350 2064 adducit,
1375 2035 1525 2061 arbitratus
1541 2042 1604 2061 eum
1623 2035 1654 2061 ad
1674 2034 1768 2068 hujus-

976 2080 1048 2106 Inodi
1076 2079 1237 2114 dignitatem
1268 2078 1398 2106 idoneum
1416 2087 1488 2106 esse.
1521 2079 1659 2113 Propheta
1679 2087 1766 2106 vero:

977 2126 1080 2152 Amove
1108 2125 1199 2158 hunc;
1234 2134 1289 2153 non
1323 2132 1451 2162 acceptus
1483 2131 1525 2154 est
1559 2127 1684 2154 Domino.
1713 2126 1767 2153 Λά-

978 2171 1054 2198 ducit
1074 2171 1119 2198 ille
1145 2172 1317 2205 secundum;
1336 2177 1363 2199 at
1388 2181 1437 2200 nec
1455 2173 1506 2200 iste
1529 2173 1623 2200 etiam.
1645 2173 1767 2199 Tertium

976 2217 1097 2249 adducit,
1116 2225 1166 2245 nec
1182 2218 1204 2244 is
1220 2226 1328 2253 quoque
1348 2224 1424 2252 erat;
1450 2224 1507 2245 tum
1529 2224 1668 2253 quartmn,
1691 2219 1769 2253 quin-

975 2268 1046 2295 tum;
1059 2262 1170 2298 jamque
1188 2263 1306 2290 ﬁliorum
1324 2264 1424 2292 chorus
1441 2268 1624 2299 consumptus
1638 2269 1708 2297 erat,
1719 2272 1768 2291 nec

974 2313 1064 2335 tamen
1084 2309 1276 2337 inveniebatur
1292 2310 1338 2337 ille
1354 2311 1401 2346 qui
1424 2311 1609 2346 quaerebatur.
1628 2311 1699 2337 Dixit
1718 2311 1767 2337 ita-

974 2363 1026 2389 que
1056 2354 1166 2382 Samuel
1194 2364 1200 2382 :
1224 2355 1360 2383 Nullusne
1391 2360 1520 2390 pra-terea
1543 2356 1591 2382 tibi
1620 2355 1692 2382 ﬁlius
1709 2355 1769 2382 cst?

973 2400 1080 2428 Pudore
1111 2400 1233 2428 sulfusus
1261 2407 1336 2436 pater
1354 2411 1360 2429 :
1378 2401 1467 2428 Unum
1500 2401 1645 2436 parvulum
1676 2405 1704 2428 et.
1727 2401 1767 2426 \‘i-

492 2459 586 2480 verum
618 2459 708 2486 regem
738 2450 851 2485 (pueris,
879 2449 901 2476 is
929 2453 1019 2475 autem
1051 2448 1114 2475 vilis
1147 2453 1188 2475 est
1216 2449 1311 2483 opilio.
1340 2449 1427 2475 Homo
1452 2448 1606 2482 vilipendit,
1635 2451 1662 2474 at
1695 2447 1766 2474 Deus

130 2507 254 2529 coronat.
271 2501 333 2528 Νοιῖ
347 2503 416 2529 enim
430 2506 457 2527 ut
485 2499 552 2527 videt
582 2499 667 2530 homo,
683 2499 721 2525 sic
743 2498 811 2525 videt
834 2496 915 2523 Deus.
933 2495 1016 2522 Ιιοιιιο
1037 2495 1129 2529 quippe
1147 2494 1215 2522 videt
1235 2495 1262 2522 in
1291 2495 1409 2529 facient:
1431 2494 1500 2521 Deus
1535 2499 1622 2521 autem
1643 2495 1762 2520 intuetur

131 2558 177 2577 cur
195 2548 221 2583 (Ι
238 2549 301 2584 ltcg.
318 2557 373 2584 xvt,
389 2549 428 2583 '1).
451 2547 511 2574 Non
534 2545 607 2574 enim
641 2544 804 2572 obcsilatem
833 2542 992 2577 quaerimus,
1021 2542 1068 2570 scd
1083 2541 1167 2568 animi
1184 2541 1276 2576 potius
1289 2541 1473 2568 nobilitatem.

169 2607 262 2634 Βούλει
278 2608 383 2642 μαθεῖν,
411 2608 460 2642 ὅση
475 2606 529 2633 τῶν
548 2604 642 2640 ἱερέων
661 2603 763 2637 ἐστὶνή
781 2602 897 2636 δύναμις
912 2610 918 2634 ;

137 2654 278 2689 Ἐννόησον
309 2654 340 2680 τὸ
370 2653 522 2687 “metu,
549 2653 603 2679 τῶν
639 2649 848 2685 ἁμαρτημάτων
872 2648 921 2682 τὴν

130 2688 238 2735 ἄφεσιν,
251 2698 299 2733 τὴν
315 2698 461 2730 υἱοθεσίαν,
479 2698 514 2723 τὰ
537 2696 623 2732 μυρίοι
647 2695 748 2729 ἀγαθὰ,
768 2694 785 2721 ἂ
803 2694 846 2721 διὰ
870 2695 921 2730 τῆς

130 2745 278 2776 ἐπιθέσεως
294 2744 348 2770 τῶν
359 2744 460 2779 χειρῶν
475 2744 578 2770 τούτων
590 2752 632 2769 σοι
650 2741 846 2780 παραγίνεται,
873 2741 920 2768 καὶ

130 2793 174 2819 διὰ
190 2793 240 2826 τῆς
251 2791 421 2824 ἐπικλήσεως
438 2790 486 2824 τῆς
502 2789 554 2815 ὑπὸ
573 2789 677 2815 τούτων
694 2796 736 2813 σοι
760 2787 918 2822 γινομένης.

138 2839 206 2866 Ἀλλ’
234 2837 328 2872 ἐπειδὴ
351 2836 482 2872 ﬁgitﬁgit);
508 2836 598 2867 αὐτοῖς
630 2833 850 2870 προσερχόμεοκ,
874 2836 919 2861 καὶ

271 2889 405 2917 l‘A't‘tHJL.
423 2886 483 2915 Gtt.
494 2883 582 2915 XCV.

1012 2602 1110 2637 Ejusd.
1124 2618 1158 2622 —
1175 2601 1222 2629 Vis
1239 2601 1310 2629 scire
1329 2605 1433 2636 quanta
1451 2600 1628 2628 sacerdotum
1648 2599 1768 2633 potentia

975 2649 1028 2676 sit?
1043 2649 1211 2683 Baptismum
1232 2648 1347 2683 inspice,
1372 2652 1547 2682 peccatorum
1565 2645 1768 2675 remissionem,

975 2695 1162 2730 adoptionem,
1177 2698 1307 2722 sexcenta
1325 2693 1443 2728 denique
1457 2693 1528 2719 bona
1544 2699 1604 2726 quae
1616 2699 1662 2725 per
1680 2690 1768 2724 impo-

974 2743 1102 2769 sitioncm
1126 2748 1255 2767 manuum
1280 2740 1414 2775 ipsorum,
1440 2745 1467 2767 et
1490 2747 1538 2774 per
1568 2737 1769 2765 invocationem

974 2795 1056 2823 quam
1073 2791 1118 2814 tua
1137 2794 1220 2814 causa
1251 2786 1368 2818 faciunt,
1385 2786 1434 2813 tibi
1461 2787 1634 2820 contingunt.
1654 2784 1687 2811 At
1705 2783 1770 2818 quia

977 2834 1147 2869 negligenter
1164 2833 1197 2861 ad
1216 2826 1301 2868 ipsos,
1317 2833 1468 2868 ignaroque
1484 2838 1509 2859 ct
1531 2831 1658 2868 languido
1678 2829 1769 2857 animo

1499 2878 1531 2909 ιν
