2056 3113
302 108 368 142 1547

882 109 912 138 S.
933 109 1091 139 JOANNIS
1111 109 1327 139 DAMASCENI

1870 110 1941 142 ista

299 167 470 199 accedimus,
494 170 638 203 propterea
665 165 718 193 vita
740 169 832 193 nostra
857 164 981 193 l'umlitus
996 173 1080 193 evcrs:

1143 165 1310 201 ἡμελημένῳ
1330 165 1464 201 λογισμῷ,
1490 165 1533 193 διὰ
1552 166 1630 193 τοῦτο
1651 165 1724 196 ἅπας
1742 167 1756 192 ὁ
1769 166 1827 201 βίος
1855 167 1938 202 ήμῶν

298 217 350 240 cst.

336 259 430 294 Ejusd.
447 262 517 286 orat.
531 258 558 285 in
577 257 721 285 discessum
739 258 820 292 episc.
835 272 871 277 -—-
885 256 912 284 Si
932 257 1087 293 patriarcha

295 304 393 338 Jacob,
408 312 470 332 cum
483 304 610 340 gregibus
628 309 768 340 praeesset,
789 308 815 331 et
839 303 958 339 pecudes
972 304 1087 331 rationis

294 355 420 386 expertes
430 355 566 385 pasceret,
581 358 612 377 ac
626 351 726 378 rationi
740 350 885 378 reddendae
898 349 1004 378 homini
1017 350 1087 377 dun-

295 401 372 424 taxat
399 396 537 424 obnoxius
566 401 660 428 esset,
693 400 790 424 noctes
821 400 912 423 tamen
945 397 1087 424 insomnes

295 442 474 477 transigebat,
489 446 628 479 msmsqne
641 446 669 469 et
681 441 800 477 algores,
815 446 841 469 et
853 449 950 469 omnes
963 441 1024 469 cmli
1043 442 1085 468 in-

292 488 381 523 jttrias
396 487 511 522 ferebat,
524 496 558 517 ne
571 488 637 523 qttid
654 488 707 516 sibi
719 496 753 516 ex
769 487 824 516 illis
840 488 942 523 periret
956 497 962 515 :
982 492 1086 523 quanto

294 536 381 571 magis
397 543 456 569 nos,
468 535 513 570 qui
540 543 593 563 non
607 535 707 568 brutis,
724 534 771 562 sed
786 534 976 569 spiritualibus
987 534 1085 561 ovibus

294 582 467 615 praeﬁcimur,
485 589 535 609 nec
551 581 721 613 hominibus,
735 580 781 608 sed
799 579 853 608 Deo
874 580 1006 607 rationem
1021 579 1084 606 red-

292 628 409 655 dendam
427 628 574 659 habemus,
603 627 671 654 nihil
697 626 811 653 omnino
834 625 908 661 quod
935 626 969 652 ad
995 625 1084 661 gregis

292 674 438 702 utilitatem
454 673 589 704 conferat,
603 672 734 708 defugere
748 680 780 699 ac
791 679 921 699 recusare
930 671 1061 699 debemus
1075 680 1081 697 :

291 722 337 748 sed
365 728 420 756 quo
447 728 513 755 grex
540 720 591 747 iste
618 720 665 746 illo
690 719 789 746 melior
806 721 877 756 _est,
902 721 928 744 et
957 716 1083 744 homines

291 753 390 798 brutis,
408 753 528 794 ac_Deus
550 764 719 796 hominibus,
745 753 930 798 hoc'quoque
955 762 1043 795 majus
1057 766 1083 788 et

290 812 479 840 vehementius
509 811 629 839 studium
664 814 746 845 atque
772 809 942 836 alacritatem
973 810 1082 842 oportet

289 858 428 886 adhibere.

325 904 396 931 Ibid.
413 919 448 924 —
471 902 610 938 Ejusmodi
640 905 799 929 sanctorum
831 899 953 927 virorum
973 898 1082 926 viscera

275 955 364 982 bsunt,
382 949 522 985 animique
542 949 569 976 in
596 948 666 975 ﬁlios
692 946 852 983 propensio,
877 949 906 972 ttt
924 952 987 972 cum
1015 944 1082 980 ipsis

287 997 357 1022 mori
378 995 487 1022 dulcius
512 1001 576 1022 esse
606 993 735 1024 habeant,
756 999 837 1027 quam
866 991 925 1019 sine
955 989 1022 1025 ipsis
1043 990 1083 1016 vi-

287 1051 361 1070 ναι-θ.

324 1089 410 1124 Ignat.
425 1095 457 1115 ετ
470 1087 548 1122 epist.
567 1086 601 1113 ad
615 1085 724 1121 Smyrn.
738 1100 773 1105 —
792 1084 896 1112 Omnes
922 1083 1080 1118 episcopum

288 1135 447 1170 sequimini,
458 1138 486 1161 ut
499 1133 578 1161 Jcsus
587 1131 716 1160 Christus
727 1131 851 1163 Patrem;
865 1128 1078 1165 presbyterium,

288 1187 317 1209 ut
340 1180 501 1216 apostolos;
527 1179 661 1206 diaconos
687 1181 778 1204 autem
797 1176 960 1204 reveremiui
977 1179 1006 1202 ut
1035 1173 1080 1200 Dei

288 1227 447 1255 mandatum
466 1225 596 1253 ferentes.
621 1223 720 1250 Nullus
740 1223 800 1251 sine
819 1222 950 1257 episcopo
976 1219 1080 1255 aliquid

287 1277 417 1308 operetur
427 1279 523 1299 eorutn
539 1277 599 1305 qua:
617 1268 784 1297 conveniunt
797 1266 936 1294 Ecclesiae.
951 1265 987 1292 Ea
1003 1265 1080 1291 ﬁrma

288 1318 462 1346 Eueharistia
486 1321 633 1345 censeatur
657 1322 719 1350 quae
734 1314 769 1341 ab
799 1312 940 1348 episcopis
957 1311 996 1338 ﬁt.
1027 1309 1079 1337 Ubi

287 1365 433 1399 cpiscopus
449 1364 617 1397 apparuerit,
638 1361 696 1388 illic
712 1364 740 1387 et
757 1359 834 1394 plebs
846 1359 891 1391 sit,
902 1354 1080 1393 quemadmo~

287 1411 351 1437 dum
374 1409 420 1437 ubi
445 1409 575 1435 Christus
590 1411 642 1438 est,
667 1406 724 1433 illic
741 1408 769 1431 et
796 1403 916 1431 Ecclesia
933 1401 1078 1429 catholica.

288 1456 347 1482 Non
372 1459 415 1482 est
443 1453 548 1481 licitutn
573 1452 632 1480 sine
656 1451 789 1486 episcopo
807 1457 896 1484 neque
926 1447 1078 1482 baptizare,

288 1508 376 1536 neque
398 1507 500 1535 agapen
528 1499 619 1525 facere
637 1506 643 1524 :
663 1495 710 1524 sed
727 1495 799 1531 quod
824 1494 921 1529 utique
940 1494 999 1528 ipse
1015 1501 1078 1528 pro-

288 1547 411 1578 baverit,
432 1546 484 1573 hoc
498 1548 541 1572 est
557 1544 611 1570 Deo
638 1541 853 1576 bencplacitum.
883 1539 933 1572 Qui
962 1538 1078 1565 honorat.

287 1593 457 1628 episcopum,
470 1599 485 1618 a
498 1590 554 1618 Deo
567 1589 718 1617 honoratus
732 1591 774 1614 est
785 1595 792 1620 ;
805 1586 853 1622 qui
869 1586 940 1613 elam
949 1584 1078 1619 episcopo

287 1638 391 1674 aliquid
406 1637 481 1670 facit,
503 1635 612 1663 diabolo
628 1637 739 1669 praestat
750 1631 923 1667 obsequium.
945 1633 948 1635 ’

323 1684 403 1720 5ι5
425 1681 520 1716 Ejusd.
535 1681 613 1716 epist.
632 1681 667 1706 ad
683 1679 825 1714 Polycarp.
844 1676 952 1714 Smyrn.
966 1693 999 1697 —
1015 1678 1078 1704 0m-

288 1740 337 1760 nes
351 1734 482 1766 supporta
494 1749 501 1761 ,
514 1727 653 1764 quomodo
667 1732 693 1754 et
708 1731 734 1754 te
747 1726 891 1753 Dominus.
906 1726 1008 1752 Omnes
1021 1724 1078 1752 suf—

288 1779 329 1805 fer
343 1778 371 1805 in
388 1776 535 1804 dilectione
552 1784 559 1802 ι
577 1773 752 1802 orationibus
774 1771 894 1800 assiduis
910 1778 987 1798 vaca.
1012 1772 1077 1797 Am-

286 1825 401 1860 pliorem
414 1830 496 1858 quam
509 1821 612 1849 habeas
625 1818 834 1854 intelligentiam
846 1817 966 1852 postulo.
976 1815 1076 1851 Vigila,

287 1871 399 1899 oculum
416 1876 471 1897 non
487 1867 671 1895 dormientem
688 1863 846 1900 possidens.

323 1916 419 1952 Ejusd.
431 1930 465 1936 —
474 1913 602 1942 Omnium
615 1911 793 1948 aegritudines
807 1912 885 1945 porta
896 1929 903 1940 ,
916 1908 1000 1936 veluti
1018 1915 1077 1942 per—

289 1965 377 1991 fectus
394 1961 507 1989 athleta.
520 1959 573 1988 Ubi
591 1959 679 1993 major
693 1958 778 1985 fuerit
793 1956 882 1988 labor,
897 1955 934 1982 ibi
950 1959 977 1982 et
989 1955 1078 1989 majus

289 2010 395 2037 lucrum
412 2013 465 2036 est.
486 2007 578 2034 Bonos
594 2004 748 2040 discipulos
771 2004 794 2032 si
819 2003 935 2037 diligas,
963 2009 1018 2028 non
1036 2005 1078 2028 cst

287 2057 337 2084 tibi
355 2056 443 2090 gratia
457 2063 465 2088 ;
480 2053 568 2089 magis
585 2052 626 2079 fac
641 2056 671 2078 ut
684 2050 909 2078 contumaciores
922 2049 949 2075 iu
965 2048 1077 2075 lenitate

288 2103 433 2138 subjicias.
451 2100 508 2127 Non
527 2106 609 2127 omne
629 2098 727 2125 vulnus
743 2097 839 2124 eodem
860 2095 1011 2130 emplastro
1029 2101 1078 2122 cu-

284 2154 378 2177 ratur.
405 2146 560 2175 Aeredines
585 2144 796 2181 perfusionibus
823 2142 900 2171 seda.
927 2141 1077 2176 Propterea

1141 212 1352 248 ἀνατέτραπται.

1176 259 1205 284 El
1222 260 1236 285 ὁ
1251 258 1425 294 πατριάρχης
1457 257 1554 285 Ἰακὼὸ
1583 258 1752 294 θρεμμάτων
1778 258 1935 294 προεστὼς,

1140 305 1264 340 πρόϐατα
1278 305 1362 340 ἄλογα
1379 305 1495 340 βόσκων,
1515 305 1564 331 καὶ
1579 304 1717 340 ἀνθρώπῳ
1732 303 1837 339 μέλλων
1851 304 1934 331 εὐθύ-

1138 360 1186 384 νας
1199 351 1310 382 διδόναι,
1331 351 1379 378 καὶ
1395 350 1495 382 νύκτας
1507 351 1628 383 ἀΰπνους
1644 351 1779 386 διήνυσεν.
1800 350 1848 377 καὶ
1861 350 1933 377 καύ-

1140 407 1224 434 ματα,
1239 397 1286 424 καὶ
1302 397 1395 433 κρύος,
1414 398 1461 424 καὶ
1475 398 1568 424 πᾶσαν
1584 397 1673 433 ἀέρων
1694 397 1854 432 ἀνωμαλίαν
1868 397 1934 432 ἐφε-

1139 453 1196 480 ρεν,
1219 444 1288 471 ὥστε
1323 443 1405 479 μηδὲν
1437 443 1645 478 παραπολέσθαι
1675 443 1730 469 τῶν
1761 443 1934 479 θρεμμάτων

1138 490 1262 523 ἐκείνων,
1293 489 1383 525 πολλῷ
1398 489 1499 524 μᾶλλον
1517 489 1591 524 ἡμᾶς
1608 489 1671 521 τοὺς
1687 489 1738 515 οὐκ
1752 489 1862 522 ἀλόγοις
1882 491 1934 523 ἑφ-

1138 535 1270 567 εστῶτας,
1289 534 1358 562 ἀλλᾶ
1370 535 1567 569 πνευματικοῖς
1582 533 1741 569 προϐάτοις,
1755 534 1803 560 καὶ
1819 534 1869 560 οὐκ
1885 532 1949 560 ἁν-’

1138 583 1266 619 θρώποις,
1286 583 1354 610 ἀλλὰ
1369 583 1408 618 τῷ
1425 582 1485 617 Θεῷ
1504 582 1653 617 μέλλοντας
1670 581 1720 613 τὰς
1732 581 1845 613 εὐθύνας
1859 580 1934 607 διδό-

1137 640 1191 663 ναι,
1208 630 1276 666 πρὸς
1289 630 1366 657 οὐδὲν
1382 631 1471 656 ὀκνεῖν
1496 630 1544 656 καὶ
1560 628 1725 656 ἀναδύεσθαι
1736 628 1789 664 χρὴ
1813 627 1866 654 τῶν
1881 627 1932 653 δυ-

1137 677 1260 712 ναμένων
1286 676 1427 712 ὠφελῆσαι
1457 675 1491 702 τὰ
1509 675 1624 711 ποίμνια
1638 683 1644 688 ·
1662 674 1719 701 ἀλλ’
1740 674 1800 700 ὅσον
1814 672 1932 708 βελτίων

1136 724 1204 759 αὕτη
1220 724 1237 758 ὴ
1254 723 1355 758 ποίμνη
1383 721 1502 756 ἐκείνης,
1527 721 1574 747 καὶ
1589 720 1695 754 ἀλόγων
1710 719 1860 755 ἄνθρωποι,
1880 718 1932 744 καὶ

1136 768 1287 805 ἀνθρώπων
1304 767 1381 800 Θεὸς,
1395 767 1466 794 οὕτω
1477 768 1524 794 καὶ
1539 767 1614 802 ἡμᾶς
1625 765 1720 798 πλείω,
1738 765 1786 792 καὶ
1813 764 1931 799 σφοδρο-

1136 816 1217 850 τέραν
1245 814 1295 848 τὴν
1315 812 1433 848 σπουδὴν
1455 812 1503 839 καὶ⁴
1526 812 1575 848 τὴν
1603 810 1761 847 προθυμίαν
1772 809 1930 837 ἐπιδείκνυ-

1100 851 1120 878 B
1135 861 1197 888 σοαι
1213 861 1277 896 χρὴ.

1168 906 1286 933 Τοιαῦτα
1301 905 1356 933 τῶν
1369 905 1456 940 ἁγίων
1466 904 1501 931 τὰ
1516 903 1670 939 σπλάγχνα,
1686 901 1780 938 [ὥστε]
1795 902 1842 928 τὸν
1856 902 1930 937 μετά

1133 954 1187 981 τῶν
1200 953 1304 980 τέκνων
1315 953 1430 980 θάνατον
1445 952 1494 987 τῆς
1507 952 1592 987 χωρὶς
1615 949 1705 978 αὐτῶν
1726 949 1800 984 ζωῆς
1821 948 1929 982 γλυκύς

1130 1007 1210 1035 τερον
1227 999 1347 1034 νομίζειν

1169 1089 1272 1120 Πάντες
1286 1087 1324 1124 τῷ
1335 1088 1478 1122 ὲπισκόπῳ
1487 1086 1670 1118 ἀκολουθεῖτε,
1685 1086 1723 1117 ὡς
1741 1085 1844 1121 Ἰησοῦς
1857 1086 1929 1120 Χρι-

1134 1136 1194 1168 στὸς
1211 1135 1249 1171 τῷ
1276 1135 1373 1170 Πατρὶ,
1395 1134 1443 1161 καὶ
1466 1133 1505 1170 τῷ
1520 1131 1710 1170 πρεσόυτερίῳ
1727 1132 1764 1164 ὡς
1779 1133 1837 1164 τοῖς
1854 1133 1928 1158 ἀπο-

1133 1181 1253 1214 στόλοις·
1274 1181 1337 1212 τοὺς
1358 1180 1388 1207 δὲ
1419 1180 1559 1211 διακόνους
1584 1178 1762 1213 ἐντρέπεσοε,
1788 1178 1826 1209 ὡς
1854 1177 1927 1204 Θεοῦ

1132 1227 1241 1263 ἐντολὴν
1266 1226 1468 1258 διακονοῦντας.
1485 1225 1589 1260 Μηδεὶς
1611 1225 1696 1261 χωρὶς
1722 1224 1877 1251 ἐπισκόπου
1901 1233 1928 1250 τι

1132 1273 1279 1309 πρασσέτω
1305 1271 1358 1298 τῶν
1394 1271 1551 1307 ἀνηκόντων
1586 1271 1627 1302 εὶς
1660 1270 1709 1306 τὴν
1746 1269 1926 1305 Ἐκκλησίαν.

1138 1318 1243 1353 Ἐκείνη
1270 1317 1366 1353 βεϐαία
1393 1317 1554 1353 εὐχαριστία
1581 1316 1712 1352 ἡγείσῦω,
1743 1316 1761 1351 ἡ
1791 1315 1844 1342 ὑπὸ
1869 1315 1928 1341 τῶν

1131 1364 1288 1391 ἐπισκόπων
1309 1363 1386 1390 οὖσα.
1411 1364 1499 1390 Ὅπου
1521 1363 1553 1390 ἂν
1567 1363 1639 1398 φανῇ
1653 1362 1842 1394 όέπίσκοπος,
1864 1362 1929 1388 ἐκεῖ

1130 1409 1160 1436 τὸ
1174 1409 1277 1444 πλῆθος
1297 1409 1365 1444 ἤτω,
1383 1408 1479 1443 ὥσπερ
1505 1409 1572 1434 ὅπου
1596 1407 1630 1434 ἂν
1645 1409 1660 1434 ὁ
1678 1406 1807 1442 Χριστὸς,
1831 1407 1894 1433 ἐκεῖ
1911 1407 1927 1441 ὴ

1131 1455 1262 1491 καθολικὴ
1279 1454 1438 1490 Ἐκκλησία.
1456 1454 1513 1481 Οὐκ
1528 1452 1588 1486 ἐξόν
1601 1454 1659 1480 ἐστι
1684 1453 1768 1490 χωρὶς
1787 1452 1836 1480 τοῦ
1859 1453 1927 1480 ἑπι-

1133 1503 1236 1529 σκόπου
1253 1502 1316 1529 οὕτε
1345 1501 1498 1537 βαπτίζειν,
1514 1501 1576 1529 οὒτε
1600 1501 1712 1536 ἀγάπην
1733 1502 1835 1528 ποιεῖν·
1863 1501 1928 1527 ἀλλ’

1130 1549 1144 1575 ὃ
1163 1549 1196 1576 ἂν
1211 1550 1317 1581 ἐκεῖνος
1332 1549 1478 1584 δοκιμάσῃ,
1493 1548 1572 1575 τοῦτο
1582 1548 1622 1583 τῷ
1636 1547 1695 1583 Θεῷ
1713 1547 1875 1583 εὐάρεστον.
1896 1546 1926 1574 '0

1130 1595 1218 1630 τιμῶν
1244 1595 1407 1627 ἐπίσκοπον,
1429 1595 1482 1621 ὑπὸ
1509 1594 1578 1621 Θεοῦ
1603 1594 1770 1630 τετίμηται·
1791 1594 1805 1620 ό
1835 1593 1926 1629 λάθρα

1130 1641 1282 1668 ἐπισκόπου
1298 1641 1325 1667 τὶ
1342 1641 1483 1677 πράσσων,
1498 1640 1537 1676 τῷ
1551 1640 1668 1675 διαϐόλῳ
1683 1639 1821 1675 λατρεύει.

1166 1687 1274 1718 Πάντας
1300 1685 1421 1721 βάσταζε
1433 1707 1440 1719 ,
1458 1684 1494 1718 ὡς
1517 1686 1566 1713 καὶ
1584 1686 1613 1712 σὲ
1628 1687 1642 1712 ό
1661 1685 1774 1722 Κύριος.
1806 1685 1926 1712 Πάντων

1129 1732 1226 1767 ἀνέχου
1236 1732 1265 1758 ὲν
1276 1732 1389 1767 ἀγάπῃ·
1406 1733 1573 1767 προσευχαῖς
1588 1731 1705 1768 σχόλαζε
1722 1731 1924 1762 ἀδιαλείπτοις.

1129 1777 1210 1805 Alcm":
1244 1778 1352 1805 σύνεσιν
1377 1777 1538 1815 πλείοναῆς
1557 1779 1642 1814 ἔχεις.
1669 1777 1817 1814 Γρηγόρει,
1842 1778 1919 1805 ἀχοῑ·

1132 1834 1216 1861 μητον
1226 1825 1303 1861 ὄμμα
1321 1834 1403 1861 κεκτη
1409 1825 1499 1860 μένος.

1164 1915 1276 1942 Πάντων
1287 1915 1335 1946 τὰς
1349 1915 1442 1945 νόσους
1457 1912 1576 1949 βάσταζε
1591 1913 1629 1945 ὡς
1642 1912 1744 1944 τέλειος
1758 1913 1772 1940 ό
1786 1911 1923 1948 ἀθλητής.

1130 1961 1221 1988 Ὅπου
1235 1960 1338 1987 πλείων
1354 1960 1448 1992 κόπος,
1463 1960 1531 1986 πολὺ
1546 1959 1652 1995 κέρδος.
1668 1958 1777 1990 Καλοὺς
1793 1958 1927 1994 μαθητὰς

1130 2007 1177 2035 ἐὰν
1192 2007 1283 2042 φιλῇς,
1296 2006 1376 2042 χάρις
1389 2014 1430 2033 σοι
1448 2006 1499 2032 οὐκ
1524 2004 1602 2032 ἔσται
1622 2013 1629 2020 '
1643 2004 1744 2040 μᾶλλον
1761 2005 1826 2035 τοὺς
1843 2004 1926 2030 ἀπει-

1131 2053 1317 2090 Θεστέρουςὲν
1326 2051 1613 2088 πραότητιὺπότασσε.
1635 2051 1672 2077 Ού
1690 2051 1745 2078 πᾶν
1760 2049 1874 2085 τραῦμα
1890 2051 1925 2084 τῇ

1130 2101 1199 2136 αὐτῇ
1218 2099 1386 2135 ἑμπλάστρῳ
1409 2098 1606 2134 θεραπεύεται.
1628 2098 1697 2129 Τοὺς
1726 2096 1926 2131 παροξυσμοὺς

1130 2146 1279 2182 ὲμϐροχαῖς
1292 2145 1375 2171 παῦε.
1405 2144 1456 2171 Διὰ
1467 2143 1548 2171 τοῦτο
1568 2143 1702 2179 σαρκικδς
1717 2140 1752 2174 εἴ,
1766 2143 1814 2169 καὶ
1840 2149 1928 2168 πνευ-

288 2203 372 2224 carne
390 2194 473 2223 siuml
489 2197 517 2221 et
531 2192 632 2228 spiritu
648 2195 762 2219 constas
774 2211 781 2223 ,
797 2194 827 2217 ιιι
839 2196 901 2224 qua:
914 2188 1076 2224 conspectui

1133 2191 1257 2228 ματικὺς,
1269 2191 1315 2219 ἴνα
1330 2191 1365 2218 τὰ
1378 2190 1532 2226 φαινόμενά
1559 2199 1599 2216 σοι
1613 2190 1653 2221 εις
1675 2188 1823 2225 πρόσωπον
1839 2187 1927 2213 κολα-

288 2248 336 2270 ιιιο
362 2241 507 2268 manifesta
533 2244 617 2272 sunt,
634 2237 733 2266 blande
747 2237 894 2271 corrigas;
911 2242 972 2270 qute
986 2238 1078 2262 autem

288 2291 430 2322 aspectum
446 2291 522 2313 tuum
539 2285 661 2320 fugiunt,
677 2287 739 2318 pete
757 2286 787 2309 ut
801 2281 851 2309 tibi
865 2284 1035 2316 retegantur,
1051 2283 1080 2308 ut

288 2335 315 2361 in
330 2333 407 2361 nullo
423 2331 547 2360 deﬁcias.

321 2379 470 2408 Praesulem
493 2381 603 2413 oportet
624 2377 658 2404 ab
677 2375 752 2403 omni
775 2373 991 2409 reprehensione
1011 2372 1080 2400 alie-

286 2434 351 2453 muu
369 2433 432 2454 esse
443 2445 451 2457 ,
468 2429 495 2452 et
511 2425 594 2452 vitam
607 2421 855 2451 exercitationibus
868 2420 996 2448 excolere
1006 2439 1014 2452 ,
1028 2426 1079 2446 nec

286 2473 369 2500 ullius
388 2472 425 2499 rei
444 2479 504 2506 quae
525 2470 580 2497 Deo
598 2472 677 2505 grata
693 2468 749 2499 sit.
769 2467 891 2496 studium
911 2465 1076 2501 praetermit—

286 2527 311 2548 te
315 2527 352 2548 I‘C.

322 2567 352 2594 S.
370 2566 502 2594 Allienus.
518 2580 551 2585 σ-
567 2564 635 2591 Ante
652 2562 745 2590 omnia
761 2564 870 2596 oportet
884 2558 1015 2586 Ecclesiae
1029 2558 1080 2584 mi-

286 2615 404 2642 nistrum
419 2612 452 2639 ab
469 2612 509 2638 ira
524 2611 648 2637 alienum
663 2616 741 2640 esse;
757 2616 808 2635 uce
819 2605 1014 2642 objurgatione
1029 2605 1078 2637 uti,

285 2659 334 2687 sed
352 2657 546 2686 adhortatione
561 2660 588 2683 et
603 2654 811 2690 deprecatione.

322 2701 441 2738 Didymi.
453 2717 488 2723 ——
499 2700 568 2728 Tum
584 2700 695 2727 demum
713 2698 812 2726 doctor
828 2705 885 2726 rem
902 2696 1012 2725 conﬁcit
1023 2717 1030 2729 ,
1049 2695 1079 2722 ﬁ-

287 2749 403 2783 demque
420 2748 556 2783 loquendo
573 2746 752 2783 nanciscitur,
767 2752 830 2772 cum
847 2746 907 2780 ipse
921 2745 976 2772 vita
991 2747 1018 2771 et.
1033 2751 1078 2770 ac-

288 2793 409 2820 tionibus
425 2794 516 2821 erudit
535 2793 705 2820 :secuudum
724 2791 788 2819 tum:
806 2801 812 2818 :
829 2790 867 2818 De
883 2791 915 2818 iis
928 2798 986 2825 qua:
1002 2789 1077 2824 coepit

286 2839 365 2866 Jesus
382 2839 466 2866 facere
478 2844 504 2866 et
520 2839 611 2866 docere
628 2838 749 2871 (Acl.-t,
768 2838 779 2864 1
797 2840 820 2871 ).-

1132 2238 1277 2274 κεύῃςιτά
1291 2238 1321 2264 δὲ
1335 2238 1440 2273 ἀόρατα
1465 2237 1537 2264 αἴτει
1563 2236 1607 2263 ἵνα
1635 2243 1676 2262 σοι
1701 2232 1861 2269 φανερωθῇ,
1882 2233 1928 2259 ἵνα

1133 2285 1247 2321 μηδενὺς
1256 2284 1349 2319 λείπῃ.

1168 2376 1228 2412 Χρὴ
1255 2376 1300 2402 τὸν
1324 2374 1487 2410 προεστῶτα
1518 2373 1703 2404 ἀνεπίληπτον
1730 2370 1848 2407 μελετᾷν
1879 2370 1926 2397 καῖ

1132 2422 1275 2449 ἀσκεῖσθαι
1289 2421 1355 2456 βίον,
1372 2422 1421 2448 καὶ
1436 2419 1519 2456 μηδὲν
1543 2418 1756 2447 ἀνεπιτήδευτον
1778 2416 1852 2451 ἔχειν
1870 2416 1931 2443 τῶν

1131 2469 1304 2505 ἀρεσκόντων
1316 2469 1385 2505 Θεῷ.

1167 2561 1212 2586 Δεῖ
1232 2560 1277 2586 τὸν
1301 2559 1457 2594 λειτουργὸν
1479 2558 1528 2593 τῆς
1551 2556 1713 2592 Ἐκκλησίας
1741 2556 1794 2591 πρὸ
1811 2556 1928 2583 πάντων

1131 2605 1210 2636 ἐκτὸς
1226 2604 1311 2641 ὀργῆς
1324 2601 1404 2636 εἶναι,
1424 2604 1471 2631 καὶ
1490 2603 1527 2638 μὴ
1539 2602 1733 2637 ἐπιπλήττειν,
1745 2602 1815 2629 ἀλλὰ
1832 2611 1927 2638 παρα-

1132 2653 1234 2680 καλεῖν.
1638 2654 1666 2679 Ο

1166 2698 1234 2741 Τότε
1266 2698 1343 2725 ἀνύει
1366 2698 1537 2731 διδάσκαλος,
1562 2698 1614 2727 καὶ
1640 2697 1798 2725 πιστεύεται
1824 2697 1928 2730 λέγων,

1129 2745 1193 2772 ὅταν
1209 2744 1256 2779 ἀφ’
1270 2741 1308 2772 ὧν
1319 2744 1433 2781 πράττει
1445 2745 1572 2781 παιδεύῃ,
1593 2744 1664 2771 κατὰ
1679 2744 1719 2776 τὸ,
1737 2740 1795 2770 Ἦν
1811 2743 1929 2778 ἤρξατο

1129 2793 1146 2818 ό
1167 2791 1287 2825 Ἰησοῦς
1302 2791 1403 2818 ποιεῖν
1416 2800 1448 2818 τε
1465 2791 1514 2818 καὶ
1531 2790 1698 2818 διδάσκειν.
