2056 3113
138 128 205 163 1549

762 127 880 157 SACRA
901 124 1120 156 PARALLELA

1698 119 1766 153 1550

176 187 261 223 Ἰερέα
273 186 414 222 φρόνησις,
443 186 490 213 καὶ
515 186 591 220 βίος,
620 185 667 212 καὶ
692 185 817 219 εὐγένεια
841 184 924 211 ποιεῖς

1012 180 1117 216 Evagrii
1133 189 1139 210 ;
1158 179 1200 206 Al.
1222 179 1251 207 S.
1272 178 1342 206 Nili.
1356 195 1390 199 —
1404 178 1582 206 Sacerdotem
1599 179 1745 214 prudentia
1756 200 1764 210 .

137 233 216 268 Λόγῳ
246 232 296 268 μὲν
308 232 357 267 τὴν
376 232 478 267 ἀρετὴν
504 231 626 264 δίδασκε,
645 231 719 266 ἔργῳ
732 231 760 258 δὲ
776 231 862 266 αὐτὴν
874 230 925 265 κή-

138 289 231 316 ρυσσε.

178 325 352 360 Ἀλέξανδρος
376 324 519 360 πόρρωθεν
549 324 622 355 ἰδὼν.
644 324 674 351 τδ
698 324 747 360 μὲν
775 324 878 359 πλῆθος
898 325 926 351 ὲν

137 372 249 402 λευκαῖς
271 371 378 406 ἐσθῆσι,
402 371 466 402 τοὺς
475 370 504 397 δὲ
526 371 610 406 ἱερεῖς
635 369 812 407 προεστῶτας
826 372 855 397 ὲν
867 373 926 402 ταῖς

139 418 278 453 βυσσίναις
299 417 398 449 αὐτῶν,
427 417 474 443 τὸν
497 417 526 444 δὲ
557 417 689 453 ἀρχιερέα
711 418 741 444 ὲν
753 419 786 454 τῇ
805 417 927 452 ὑακίνθῳ

138 464 187 490 καὶ
217 463 360 499 διαχρύσῳ
378 463 470 499 στολῇ,
487 464 536 490 καὶ
559 464 605 490 ἐπὶ
618 465 667 499 τῆς
684 464 807 499 κεφαλῆς
830 464 928 499 ἔχοντα

139 511 188 546 τὴν
203 510 327 545 κίδαριν,
345 509 436 536 καὶτὸ
449 510 567 545 χρυσοῦν
596 510 640 536 ἐπ’
660 510 745 546 αὐτῆς
772 511 887 546 ἔλασμα,
905 509 928 545 ᾧ

138 555 233 583 τὸτοῦ
259 555 328 583 Θεοῦ
355 555 442 591 ὄνομα
467 557 634 592 ἐγέγραπτο,
661 557 820 593 προσελθὼν
848 558 928 592 μόνος

139 603 327 638 προσεκύνησε
344 602 374 629 ca
393 602 479 638 ὄνομα
509 603 558 630 καὶ
577 604 623 630 τὸν
640 604 784 639 ἀρχιερέα.
815 604 928 640 Παρμε-

139 647 225 679 νίονος
246 647 275 673 δὲ
308 647 475 682 πυθομένου,
498 647 525 674 τί
549 648 581 682 δή
606 657 671 675 ποτε
700 649 927 684 προσκυνούντων

137 693 218 720 αὑτὸν
228 693 367 725 ἁπάντων,
383 694 467 725 αὐτὸς
491 695 709 730 προσκυνήσειεν
721 695 768 721 τὸν
791 695 928 722 Ἰουδαίων

137 738 279 774 ἀρχιερέα,
304 739 340 765 υύ
374 739 480 772 τοῦτον,
509 737 580 773 εἶπε,
613 741 816 776 προσεκύνησα,
840 741 885 768 τὸν
899 742 928 768 δὲ

136 783 203 810 Θεόν
220 791 226 798 ·
243 782 273 811 οὗ
287 785 336 820 τὴν
353 785 562 820 ἀρχιερωσύνην
573 782 651 817 οὗτος
662 786 820 821 τετίμηται.

137 842 228 869 ΤῘΤΔ.
239 842 341 886 ιιιαη-
356 842 424 886 ηερὶ
436 843 624 886 ἐπιρ-κοςπων.
634 842 790 886 ’πονηρῶηη
806 843 854 883 καὶ
885 842 928 877 μὴ
946 859 965 886 η

237 878 455 911 φυλαττόντων
468 878 521 910 τὰς
535 877 664 910 ἐντολὰς
679 878 733 905 τοῦ
749 878 834 905 Θεοῦ.

176 932 185 948 t
205 923 236 949 υἱ
253 923 336 958 ἱερεῖς
348 922 437 950 αὐτῶν
448 924 477 949 ἐν
490 923 614 959 ῥομφαίᾳ
632 923 743 950 ἔπεσαν.
759 933 767 949 ι

178 1022 186 1039 ι
202 1012 343 1048 Ἕκρυψαν
362 1014 386 1040 οἱ
401 1014 484 1049 ἱερεῖς
501 1013 559 1040 ὁδὸν
577 1013 692 1049 Κυρίου.
706 1023 715 1040 ι

178 1112 188 1128 ι
204 1104 235 1130 Οἱ
250 1103 397 1140 ἡγούμενοι
413 1103 499 1138 αὐτῆς
531 1103 601 1138 μετὰ
627 1103 721 1138 δώρων
742 1103 864 1138 ἔκριναν,
884 1103 930 1129 καὶ

140 1151 163 1175 οἱ
175 1150 258 1185 ἱερεῖς
284 1149 369 1183 αὐτῆς
397 1150 467 1184 μετὰ
493 1149 592 1184 μισθοῦ
618 1149 811 1185 ἀπεκρίναντο,
831 1150 879 1175 καὶ
905 1149 929 1175 οἱ

142 1194 281 1229 προφῆται
305 1194 392 1229 αὐτῆς
414 1194 484 1229 μετὰ
507 1194 642 1229 ἀργυρίου
660 1194 854 1229 ἐμαντεύοντο.
873 1193 929 1229 Οὐχ

141 1239 218 1273 ὑμῶν
232 1240 290 1266 ἐστι
305 1239 407 1273 γνῶναι
423 1241 520 1275 κρῖμα,
537 1241 562 1266 οἱ
575 1239 716 1275 μισοῦντες
735 1239 770 1266 τὰ
780 1239 851 1266 καλὰ
861 1259 869 1271 ,
883 1239 930 1266 καὶ

141 1284 285 1320 ζητοῦντες
301 1286 335 1312 τά
350 1286 467 1321 πονηρά.
487 1286 670 1321 ’Λρπάζοντες
687 1285 721 1312 τὰ
740 1285 864 1320 δέρματα
882 1285 930 1311 αὐ-

139 1331 204 1360 τῶν.
223 1332 270 1357 καὶ
286 1332 334 1363 τὰς
346 1331 452 1367 σάρκας
471 1332 524 1358 ἀπὸ
536 1331 591 1358 τῶν
606 1331 708 1358 ὀστέων
732 1330 832 1358 αὐτῶν.
847 1340 857 1356 1

179 1387 187 1403 ι
199 1378 230 1404 Ol
246 1378 329 1413 ἱερεῖς
347 1378 433 1413 αὐτῆς
463 1377 609 1413 βεϐηλοῦσι
626 1377 661 1404 τὰ
678 1377 755 1411 ᾶγια,
788 1377 836 1403 καὶ
864 1376 929 1403 ἀσε-

141 1423 218 1450 ϐοῦσι
232 1424 327 1459 νόμον.
347 1434 356 1450 ι

178 1478 188 1494 ‹
207 1465 242 1494 Ὠ
255 1469 280 1495 οἱ
293 1468 486 1504 ποιμαίνοντες
503 1469 617 1504 μάταια,
633 1469 681 1495 καὶ
696 1469 720 1495 οῑ
733 1467 930 1494 καταλελοιπό-

977 231 1004 254 et
1020 227 1091 259 vita,
1118 229 1145 252 et
1170 225 1327 260 ingenuitas
1355 232 1462 252 morum
1489 224 1605 252 faciunt.
1635 224 1767 253 Sermone

980 274 1108 301 virtutem
1124 271 1192 299 doce
1205 279 1212 303 ;
1230 278 1316 306 opere
1330 275 1423 298 autem
1437 278 1496 298 eam
1512 271 1644 305 praedicti.

1012 319 1136 353 Joseplu',
1153 317 1199 345 lib.
1213 325 1258 350 ιιι,
1275 325 1300 344 ο.
1318 317 1344 345 8.
1358 333 1391 338 -
1405 318 1562 345 Alexander
1577 317 1685 353 plebem
1700 319 1768 345 cini-

978 374 1030 393 nus
1042 364 1168 393 candidis
1181 364 1306 391 indutam
1321 363 1444 391 vestibus
1459 363 1651 399 conspicatus,
1669 371 1762 392 sacer-

977 411 1057 438 dotes
1073 417 1140 437 vero
1157 414 1185 437 et
1200 409 1341 437 antistites
1358 409 1480 444 byssinis
1495 409 1631 442 atnictos,
1647 417 1680 437 ac
1698 417 1767 445 pon-

978 457 1080 485 tiﬂcem
1097 455 1249 491 hyacintho
1265 459 1348 490 atque
1366 461 1450 482 aurea
1475 455 1548 483 stola
1572 456 1723 488 vestitum,
1741 461 1769 484 et

979 498 1070 538 capite
1082 501 1211 533 cidarim,
1226 509 1337 528 auream
1350 501 1491 533 laminam,
1505 501 1532 528 in
1542 509 1595 537 qua
1608 510 1709 530 nomen
1723 503 1769 530 Dei

978 548 1146 582 inscriptum
1160 552 1250 580 esset,
1265 550 1420 582 gestantem
1431 567 1439 580 ,
1454 547 1530 575 solus
1549 548 1702 581 accedens,
1720 556 1770 576 no-

978 602 1041 622 men
1062 593 1129 621 illud
1148 597 1176 621 et
1195 593 1352 629 pontillcem
1373 594 1511 622 adoravit.
1531 593 1700 623 Sciscitante
1719 603 1770 623 au-

980 647 1033 668 tem
1054 639 1239 667 Parmenione
1258 639 1324 674 quid
1343 643 1436 672 esset,
1457 647 1539 674 quam
1560 640 1596 668 ob
1615 648 1673 668 rem
1694 641 1769 676 ipse,

979 693 1040 712 cum
1052 686 1087 713 ab
1098 685 1230 713 omnibus
1242 685 1416 718 adoraretur,
1427 684 1585 713 Judaeorum
1598 691 1690 714 tamen
1703 695 1772 722 pon-

979 731 1082 758 tiﬁcem
1105 730 1234 758 adoraret
1257 739 1264 757 :
1289 729 1347 758 Non
1370 737 1449 763 eum,
1467 731 1573 766 inquit,
1593 731 1640 759 sed
1667 732 1771 764 Deum.

979 776 1060 811 cujus
1075 776 1121 803 hic
1139 775 1297 804 sacerdotio
1310 781 1426 804 ornatus
1441 782 1484 805 est
1495 797 1503 810 ,
1521 777 1645 804 adoravi.

981 833 1048 860 'I'I'I‘.
1067 832 1164 860 XVIII.
1177 848 1212 853 —-
1226 832 1264 860 De
1279 833 1358 860 malis
1375 834 1505 868 episcopi:
1515 853 1523 866 .
1537 839 1562 861 et
1579 833 1629 861 Dei
1643 836 1773 862 mandata

1054 878 1059 883 ι
1226 869 1334 895 minime
1346 870 1524 897 servantibus.

1018 914 1094 941 Psal.
1110 921 1201 941 Lxxvn
1213 932 1220 946 ,
1237 913 1280 940 64.
1296 929 1330 934 —
1346 923 1354 939 ι
1372 914 1537 944 Sacerdotes
1553 923 1648 945 eorum
1667 917 1694 945 in
1711 917 1772 953 gla—

981 961 1027 989 dio
1042 960 1215 988 ceciderunt.
1231 970 1240 986 ι

1019 1005 1085 1033 Osee
1099 1013 1136 1038 l\',
1152 1005 1178 1032 6.
1196 1020 1229 1025 —
1245 1014 1253 1030 ι
1271 1005 1487 1034 Abseonderunt
1511 1007 1672 1035 sacerdotes
1700 1008 1771 1036 viam

982 1052 1101 1079 Domini.
1120 1062 1129 1078 ι

1017 1097 1100 1125 Micli.
1122 1106 1151 1125 Ill
1167 1119 1175 1131 ,
1197 1099 1247 1131 II,
1270 1098 1295 1125 l.
1310 1113 1348 1122 -α-
1362 1107 1371 1124 ι
1389 1100 1476 1126 Duces
1493 1099 1554 1134 ejus
1569 1107 1632 1127 cum
1649 1101 1773 1129 muneri~

982 1144 1033 1171 bus
1045 1144 1227 1179 judicabant,
1244 1148 1271 1172 ct
1287 1145 1446 1172 sacerdotes
1463 1145 1525 1180 ejus
1542 1145 1569 1172 in
1586 1146 1713 1174 mercede
1729 1155 1773 1175 rc-

981 1190 1164 1225 spondcbant.
1176 1189 1235 1217 Non
1250 1194 1372 1218 vestrum
1387 1194 1429 1218 est
1443 1197 1612 1226 cognoscere
1623 1191 1772 1226 judicium,

981 1236 1028 1271 qui
1040 1236 1104 1263 odio
1118 1236 1226 1264 habetis
1237 1236 1339 1264 bonum
1351 1256 1358 1269 ,
1371 1241 1398 1264 et
1409 1237 1533 1272 qumritis
1544 1237 1626 1265 mala.
1638 1238 1773 1273 ltiripien-
1790 1274 1797 1278 _

981 1288 1023 1312 tes
1049 1283 1136 1318 pelles
1153 1290 1249 1311 corum
1269 1283 1304 1311 ab
1320 1283 1376 1316 cis,
1394 1287 1422 1311 et
1439 1290 1538 1311 carnes
1555 1291 1651 1312 eorum
1667 1285 1701 1312 ab
1725 1292 1773 1313 os-

981 1329 1059 1373 sibus
1073 1337 1181 1358 eorum.
1200 1339 1209 1356 ι

1015 1375 1096 1411 Soplt.
1113 1384 1142 1404 Ill
1155 1395 1163 1407 ,
1176 1376 1203 1403 4.
1220 1391 1256 1397 --
1273 1385 1282 1402 ι
1301 1375 1468 1404 Sacerdotes
1485 1376 1546 1412 ejus
1563 1377 1690 1412 polluant
1707 1384 1773 1406 san-

982 1426 1042 1454 cta.
1060 1426 1087 1450 et
1104 1422 1186 1458 impie
1203 1426 1288 1457 agunt
1304 1422 1330 1449 in
1348 1422 1446 1457 legem.
1463 1432 1473 1448 ›

1016 1467 1099 1496 Zach.
1116 1477 1142 1496 ιιι
1154 1489 1161 1501 ,
1177 1469 1221 1502 l7,
1235 1468 1263 1496 9.
1276 1483 1309 1489 —~
1325 1478 1334 1494 ι
1353 1467 1375 1496 0
1388 1470 1434 1504 qui
1450 1470 1565 1504 pascitis
1580 1477 1668 1503 vana,
1684 1475 1712 1498 et
1726 1473 1773 1506 qui

140 1523 188 1545 τες
203 1515 237 1540 τὰ
261 1514 399 1549 πρόϐαται
430 1515 554 1550 μάχαιρα
581 1514 629 1541 ἐπὶ
657 1513 800 1549 βραχίονος
833 1511 927 1539 αὑτοῦ.

982 1513 1171 1549 dereliquistis
1197 1515 1282 1542 oves!
1314 1515 1423 1550 gladius
1449 1519 1492 1542 est
1518 1523 1602 1550 super
1627 1515 1773 1544 brachium

148 1559 218 1593 Ἐγὼ
236 1560 266 1585 οὐ
292 1560 429 1595 ποιμαίνω
453 1560 525 1595 ὑμᾶς
539 1568 546 1575 ·
559 1559 590 1585 τὸ
606 1559 781 1594 ἀποθνῆσκον
808 1558 927 1593 ἀποθνη-

142 1605 240 1637 σκέτω,
253 1606 298 1632 καὶ
315 1605 345 1632 τὸ
363 1605 498 1637 ἐκλεῖπον
519 1604 680 1636 ἐκλειπέτω,
699 1604 791 1631 καὶτὰ
802 1603 929 1630 κατάλοι-

142 1659 180 1677 πα
192 1651 421 1681 κατεσθιέτωσαν,
436 1650 553 1682 ἕκαστος
564 1650 614 1682 τὰς
633 1649 738 1685 σάρκας
749 1649 797 1676 τοῦ
813 1649 928 1684 πλησίον

142 1697 236 1724 αὑτοῦ.
257 1697 322 1723 Ίδοὺ
346 1696 402 1730 ἐγὼ
417 1696 537 1732 ἐξεγερῶ
559 1696 677 1731 ποιμένα
694 1696 807 1730 ἄπειρον
821 1695 867 1722 ἐπὶ
881 1694 930 1730 τὴν

142 1742 209 1777 γῆν·
230 1742 260 1769 τὸ
273 1742 400 1769 ἐκλεῖπον
413 1742 463 1769 οὑκ
476 1742 684 1777 ἐπιστρέφεται,
714 1742 762 1768 καὶ
787 1741 818 1768 τὺ
834 1741 930 1776 ἐσκορ-

142 1788 276 1824 πισμένον
297 1788 328 1815 οὐ
344 1788 384 1824 μὴ
410 1788 532 1823 ἰάσηται,
555 1788 603 1814 καὶ
616 1788 646 1814 τὺ
669 1787 818 1822 ὁλόκληρον
839 1787 869 1813 οὺ
893 1787 930 1822 μὴ

143 1834 307 1871 κατευθύνῃ.
317 1835 407 1862 καὶτὰ
423 1835 492 1870 κρέα
517 1834 572 1861 τῶν
588 1834 725 1861 ἐκλεκτῶν
739 1834 868 1869 φάγεται,
882 1834 930 1860 καὶ

142 1882 205 1912 τοὺς
215 1881 404 1917 ἀστραγάλους
421 1880 511 1907 αὐτῶν
532 1880 689 1913 ὲκστρέψει.
704 1889 713 1905 ι

181 1937 191 1954 ι
216 1927 422 1963 Ἐπλανήθησαν
443 1927 487 1953 διὰ
499 1926 534 1953 τὰ
544 1927 654 1962 σίκερα,
687 1927 778 1962 ἱερεὺς
807 1925 854 1952 καὶ
864 1933 932 1961 προ-

144 1974 244 2008 φήτης.
274 1973 438 2008 Ἐεέστησαν
466 1972 511 1999 διὰ
524 1973 569 2000 τὸν
593 1970 666 1999 οἶνον
678 1980 686 1988 ο
700 1971 862 2007 ἐσείσθησαν
878 1970 933 1998 ἀπὸ

144 2020 193 2055 τῆς
210 2019 297 2055 μέθης
314 2018 362 2046 τοῦ
373 2020 481 2054 σίκερα.
495 2028 505 2046 ο

182 2120 191 2136 t
210 2108 247 2136 Ὠ
257 2110 282 2136 οἱ
297 2109 427 2145 ποιμένες
438 2110 462 2136 οἱ
475 2108 714 2144 διασκορπίζοντες
730 2109 778 2135 καὶ
798 2108 932 2136 ἀπολοῦν-

144 2164 188 2186 τες
199 2155 233 2182 τὰ
248 2155 373 2191 πρόϐατα
390 2155 438 2189 τῆς
455 2154 583 2190 ποίμνης.
601 2155 650 2181 Διὰ
678 2154 757 2181 τοῦτο
781 2154 844 2182 τάδε
854 2154 933 2189 ’λέγει

145 2200 246 2234 Κύριος
264 2200 310 2226 ἐπὶ
330 2200 393 2231 τοὺς
422 2199 554 2235 ποιμένας
582 2201 645 2231 τοὺς
671 2200 869 2234 ποιμαίνοντας
886 2200 934 2226 τὸν

145 2245 209 2272 λαόν
226 2254 277 2280 μου
297 2254 303 2260 ·
328 2246 423 2281 Ὑμεῖς
450 2245 658 2280 διεσκορπίσατε
675 2246 709 2271 τά
723 2246 849 2281 πρόϐατά
869 2254 932 2280 μου,

147 2292 193 2318 καὶ
207 2291 325 2323 ἐξώσατε
338 2291 418 2323 αὐτὰ,
439 2291 488 2318 καὶ
501 2292 552 2317 οὐκ
569 2290 757 2325 ἐπεσκέψασθε
771 2292 850 2318 αὑτά.
867 2291 933 2318 Ἰδοὺ

146 2337 202 2371 ἐγὼ
231 2337 330 2363 ὲκὸικῶ
354 2337 426 2370 ὑμᾶς
449 2335 522 2363 κατὰ
543 2336 578 2362 τὰ
602 2335 708 2371 πονηρὰ
730 2337 934 2372 ἐπιτηδεύματα

147 2383 234 2417 ὑμῶν.
249 2391 257 2408 ι

185 2438 194 2454 ί
214 2428 341 2464 Ιιρόϐατα
370 2427 528 2454 ἀπολωλότα
550 2427 668 2463 ἐγενήθη
693 2428 708 2454 ὁ
734 2427 799 2460 λαός
822 2436 890 2464 μου⁶
910 2429 934 2455 οἱ

152 2475 337 2509 ποιμαίνοντες
353 2474 434 2501 αὑτὸν
449 2473 552 2506 ἔξωσαν
565 2475 674 2506 αὐτοὺς,
690 2475 737 2502 ἐπὶ
761 2474 795 2501 τὰ
805 2475 867 2510 ὅρη,
882 2475 934 2501 ἀπ-

149 2523 304 2556 επλάνησαν
327 2521 436 2552 αὐτούς.
447 2530 456 2547 ›

186 2579 194 2594 ι
214 2569 245 2595 Ol
258 2567 446 2603 ἀφηγούμενοι
479 2567 569 2594 αὐτῶν
595 2566 703 2599 λέοντες
729 2567 891 2603 ὠρυόμενοι,
910 2568 934 2593 οἱ

148 2615 316 2650 ἁρπάζοντες
346 2615 492 2649 ἅρπαγμα,
523 2613 611 2648 ψυχὰς
639 2613 828 2645 κατεσθίοντες
845 2613 933 2640 ἐνδυ-

147 2662 269 2697 ναστείᾳ,
285 2661 331 2688 καὶ
344 2661 426 2696 τιμὰς
445 2660 630 2696 λαμῦάνοντες
646 2661 675 2686 ὲν
689 2660 790 2695 ἀδικίᾳ.
806 2670 814 2685 ι

185 2771 194 2786 ι
213 2761 267 2787 Καὶ
282 2761 364 2797 ἱερεῖς
387 2760 526 2795 ἠθέτησαν
539 2758 621 2794 νόμον
637 2767 700 2794 μου,
719 2758 767 2785 κα¹ι
786 2757 935 2793 ὲὸεεήλουν

148 2806 180 2833 τὶ
193 2806 258 2840 ἅγιά
277 2814 342 2841 μου·
359 2804 496 2840 ἀναμέσον
518 2803 675 2839 ἀκαθάρτου
693 2803 741 2829 καὶ
764 2803 888 2838 καθαροῦ
905 2804 934 2830 οὐ

148 2852 310 2886 διέστελλον,
335 2852 382 2879 καὶ
409 2850 555 2886 ὲῦεὸήλουν
578 2858 612 2885 με
629 2851 658 2877 ἐν
674 2849 750 2884 μέσῳ
775 2850 875 2878 αὐτῶν.
903 2851 933 2876 0i

981 1560 1053 1595 ejus.
1073 1560 1130 1596 Ego
1146 1568 1200 1587 non
1217 1568 1329 1595 pascam
1347 1568 1395 1588 vos
1409 1570 1418 1588 ι
1433 1560 1508 1595 quod
1524 1562 1654 1594 moritur,
1671 1564 1773 1591 moria-

982 1610 1038 1637 tur,
1055 1610 1082 1633 et
1096 1605 1170 1640 quod
1186 1605 1279 1633 dclicit
1290 1627 1297 1638 ,
1311 1606 1422 1632 deﬁciat
1432 1626 1440 1639 ,
1452 1609 1481 1633 et
1501 1606 1608 1642 reliqua
1622 1607 1773 1641 devorent,

984 1652 1176 1687 unusquisque
1198 1659 1298 1680 carnes
1319 1652 1436 1686 proximi
1454 1652 1509 1680 sui.
1533 1653 1604 1680 Ecce
1617 1661 1669 1688 ego
1684 1655 1775 1682 susei-

983 1699 1046 1727 tabo
1063 1703 1199 1734 pastorem
1217 1699 1372 1734 imperittun
1391 1697 1474 1733 super
1488 1703 1591 1727 terram
1609 1710 1615 1728 :
1635 1701 1708 1736 quod
1728 1701 1776 1729 de-

984 1745 1073 1777 liciet,
1085 1753 1139 1772 non
1154 1749 1314 1777 convertet,
1326 1749 1352 1772 et
1369 1745 1441 1779 quod
1457 1745 1615 1780 dispersum
1631 1747 1703 1780 erit,
1720 1755 1774 1775 non

985 1791 1096 1818 sanabit
1108 1811 1115 1823 ,
1133 1796 1161 1819 et
1178 1792 1315 1827 integrum
1334 1799 1389 1819 non
1404 1791 1503 1826 diriget
1519 1801 1525 1819 :
1543 1797 1570 1820 et
1596 1800 1695 1821 carnes
1718 1794 1774 1822 ele-

985 1842 1094 1866 ctorum
1112 1838 1272 1871 devorabit,
1289 1842 1315 1866 et
1328 1838 1399 1866 talos
1414 1845 1510 1866 eorum
1526 1842 1676 1873 pervertet.
1693 1848 1703 1866 ι

1028 1928 1086 1955 [δα.
1101 1934 1204 1959 xxviii,
1219 1927 1246 1953 7.
1259 1942 1294 1947 —
1310 1935 1319 1952 ι
1337 1926 1506 1954 Erraverunt
1522 1931 1633 1963 propter
1645 1936 1774 1957 siceram.

986 1974 1122 2002 Sacerdos
1136 1978 1164 2001 et
1180 1973 1313 2008 propheta
1329 1972 1412 2008 516
1423 1973 1589 2001 exciderunt
1605 1980 1696 2002 mente
1711 1984 1776 2010 pro-

986 2025 1047 2056 pter
1068 2020 1162 2047 vinum
1177 2029 1184 2047 :
1202 2020 1401 2047 vacillavernut
1426 2023 1539 2054 propter
1553 2020 1716 2048 ebrietatem
1737 2021 1777 2049 si-

985 2073 1065 2095 certe.
1082 2074 1094 2092 Ὁ
1584 2090 1597 2101 δ

1021 2112 1122 2140 larem.
1138 2119 1205 2139 uin
1216 2132 1223 2145 ,
1241 2111 1267 2138 I.
1281 2127 1316 2132 —
1328 2119 1337 2137 ι
1354 2110 1376 2139 0
1391 2115 1535 2146 pastores,
1552 2111 1598 2146 qui
1618 2111 1777 2148 dispergitis

985 2165 1014 2188 et
1026 2159 1142 2195 perditis
1158 2166 1223 2186 oves
1240 2165 1360 2193 pascuae.
1383 2158 1447 2185 Ideo
1473 2158 1530 2185 huic
1552 2157 1620 2185 dicit
1643 2157 1777 2186 Dominus

953 2205 972 2232 D
986 2213 1069 2241 super
1092 2209 1218 2240 pastores
1242 2205 1289 2239 qui
1315 2211 1431 2240 pascunt
1447 2204 1576 2240 populum
1593 2212 1682 2232 meum
1697 2212 1704 2231 :
1723 2203 1777 2232 Vos

987 2251 1161 2286 dispersistis
1175 2258 1250 2282 oves,
1262 2255 1288 2278 ct
1302 2250 1425 2285 ejecistis
1438 2258 1495 2283 eas,
1507 2258 1558 2277 nec
1573 2250 1706 2278 visitastis
1717 2258 1774 2279 eas.

987 2297 1057 2326 Ecce
1073 2304 1123 2332 ego
1141 2297 1260 2324 ulciscar
1276 2304 1326 2324 vos
1337 2317 1344 2330 ,
1363 2301 1390 2324 el.
1409 2297 1480 2324 mala
1496 2296 1588 2324 studia
1604 2301 1708 2324 vestra.
1729 2307 1738 2323 ι

1020 2432 1120 2459 Jerem.
1141 2438 1173 2462 1.,
1190 2430 1216 2456 0.
1232 2446 1267 2450 —
1282 2439 1291 2455 ι
1309 2431 1430 2464 Populus
1455 2438 1533 2457 turus
1559 2430 1651 2457 Iactus
1676 2434 1719 2457 est
1748 2437 1777 2458 ut

986 2486 1051 2506 oves
1067 2485 1127 2512 qua:
1144 2477 1251 2512 periere
1269 2485 1275 2503 :
1293 2476 1340 2510 qni
1355 2477 1503 2510 pascebant
1517 2484 1591 2509 eum,
1609 2477 1775 2512 expulerunt

985 2533 1034 2553 eos
1051 2524 1077 2551 in
1096 2527 1220 2554 montes,
1238 2530 1333 2550 errare
1350 2522 1475 2550 fecerunt
1491 2530 1549 2550 eos.
1569 2532 1578 2548 ι

1023 2569 1118 2596 Ezcclz.
1139 2576 1206 2600 χχιι,
1219 2568 1264 2595 25.
1278 2583 1313 2588 -
1325 2577 1334 2594 ι
1351 2567 1439 2595 Duces
1456 2569 1482 2595 in
1501 2569 1590 2596 medio
1606 2577 1701 2596 corutn
1720 2569 1779 2597 δίδη

988 2622 1017 2643 ιιι
1039 2617 1134 2643 leones
1150 2615 1306 2649 rugientes,
1330 2614 1468 2648 rapientes
1497 2615 1642 2649 rapinam,
1668 2615 1776 2643 animas

986 2663 1152 2690 (lcvoi‘antes
1168 2661 1194 2688 in
1212 2660 1347 2695 potentia,
1365 2664 1391 2687 ct
1406 2661 1492 2694 pretia
1509 2661 1676 2696 accipientes
1693 2661 1720 2688 in
1737 2661 1776 2688 in-

984 2709 1101 2744 justitia.
1116 2719 1124 2736 ι

1024 2756 1096 2784 Ibid.
1115 2756 1210 2784 26-9.8.
1225 2772 1260 2777 —
1278 2766 1287 2782 ι
1305 2756 1337 2784 Et
1353 2755 1511 2782 sacerdotes
1527 2755 1634 2782 irritam
1651 2754 1776 2782 fecerunt

988 2804 1074 2839 legem
1094 2811 1196 2836 ineant,
1222 2807 1249 2830 et
1275 2803 1491 2838 profanaverunl
1517 2801 1674 2830 sanctuaria
1691 2808 1772 2830 mea:

989 2851 1060 2879 inter
1087 2849 1257 2878 immundum
1284 2854 1310 2878 et
1335 2854 1459 2878 sanctum
1478 2857 1531 2877 non
1550 2847 1775 2882 distinguebant.
