2056 3113
299 110 362 141 1551

293 177 318 198 et
339 170 524 206 profanabant
545 177 588 196 me
614 169 640 196 in
665 168 754 196 medio
780 168 917 204 ipsorum.
942 169 1085 203 Principes
1101 170 1122 197 Α

292 225 387 244 eorum
404 217 430 244 in
448 216 538 244 medio
553 215 626 243 illius
639 215 719 250 quasi
736 215 791 250 lupi
809 215 947 251 rapientes
963 214 1083 251 praedam

293 263 325 289 :ul
340 261 535 289 eiTundendum
552 260 714 296 sanguinem
725 279 733 292 ,
746 265 775 288 ut
788 269 870 289 avare
883 261 960 288 lucra
978 264 1084 288 secten-

293 313 338 335 tur
353 316 360 341 ;
378 312 405 335 ct
421 307 561 342 prophetae
576 307 636 342 ejus
652 306 789 334 liniebant
804 314 862 334 eos.
883 316 892 332 )

329 353 424 381 Ezeclt.
441 361 542 385 xuiv,
559 352 638 380 240.
651 368 685 373 —
700 361 708 378 ι
725 352 788 380 [hec
806 353 873 381 dicit
888 352 1022 380 Dominus
1041 362 1046 379 :
1063 351 1084 379 0

294 405 418 435 pastores
432 398 585 426 Jerusalem
599 399 606 425 ί
625 398 750 432 nunquid
768 402 885 433 pascunt
901 402 1026 433 pastores
1042 397 1086 424 ιε-

294 446 415 474 rusalein
434 445 622 480 semetipsos?
641 452 731 472 nonne
747 451 812 472 oves
831 447 984 479 pascuntur
1001 450 1015 470 a
1035 450 1085 478 pa-

292 491 438 520 storibus?
455 491 524 519 Ecce
549 491 592 517 lac
609 490 771 522 comeditis,
789 495 815 517 ct
830 489 902 517 lanis
920 489 1082 524 operimini,

293 543 320 565 et
335 538 407 573 quod
423 545 547 565 crassum
564 542 625 565 erat
636 557 643 570 ,
657 536 801 569 occiditis,
818 539 846 563 et
860 543 925 564 oves
939 543 1014 563 meas
1030 543 1084 562 non

293 585 420 620 pascitis.
448 583 527 617 Quod
554 583 695 610 iniirmum
722 581 791 614 fuit,
809 590 862 610 non
880 581 1084 611 confortastis:

293 631 367 666 quod
381 630 493 658 errabat
504 649 511 661 ,
530 636 585 656 non
601 627 775 656 reduxistis:
791 632 818 655 et
844 626 918 662 quod
945 626 1066 662 perierat
1077 646 1083 658 ,

293 687 349 706 non
363 677 523 713 quaesistis;
541 680 568 704 et
581 675 655 711 quod
683 675 753 702 forte
779 678 856 706 erat,
878 673 1016 701 aﬂlixislis
1042 673 1085 700 la-

294 725 371 752 bore.
387 723 420 751 Et
434 723 565 756 dispersa:
579 725 644 749 sunt
661 729 729 748 oves
746 727 814 747 mete
829 727 862 748 eo
879 719 953 754 quod
970 726 1025 746 non
1041 726 1083 746 es~

293 774 354 798 sent
370 773 507 804 pastores.
522 767 676 795 Pascebant
689 770 813 802 pastores
826 766 1003 801 semctipsos,
1020 772 1086 793 oves

294 821 385 844 autem
403 822 479 842 meas
504 821 559 841 non
584 813 746 848 pascebant.
768 811 918 846 Propterea
944 818 1009 838 ecce
1036 817 1086 845 ego

293 869 376 897 super
392 865 518 896 pastores
531 879 538 892 ,
558 863 586 886 et
604 866 668 886 oves
686 865 761 886 meas
788 858 927 893 requiram
946 856 980 884 de
998 857 1082 884 mani-
1103 851 1122 878 Β

293 908 345 934 bus
358 914 465 934 eorum.
481 915 490 932 ι

330 963 394 997 Sap.
407 970 433 990 νι
443 983 450 996 ,
462 962 479 989 2
491 970 561 998 seqq.
572 977 605 982 —
617 971 626 988 ι
642 961 871 996 Discitc,judices
883 961 979 988 [inium
993 965 1083 993 terrae,

293 1008 424 1043 quoniam
439 1007 503 1034 data
514 1011 557 1034 est
570 1014 585 1034 a
597 1007 714 1035 Domino
729 1011 849 1042 potestas
863 1011 965 1035 vestra.
979 1006 1030 1039 Qui
1043 1007 1086 1034 in-

294 1053 444 1089 terrogabit
455 1061 538 1088 opera
553 1057 653 1085 vestra,
666 1057 692 1080 et
703 1053 885 1088 cogitationes
897 1052 1083 1081 scrutabitur:

294 1099 438 1135 quoniam,
449 1106 512 1126 cum
525 1098 645 1126 ministri
660 1098 760 1126 essetis
774 1098 850 1133 regni
866 1097 956 1130 illius,
973 1105 1029 1125 non
1042 1105 1086 1125 re-

292 1151 338 1173 cte
348 1144 497 1180 judicastis
508 1165 515 1176 ,
529 1151 581 1170 nec
592 1143 755 1171 custodistis
769 1143 872 1178 legem,
888 1151 975 1178 neque
988 1150 1087 1170 secun-

293 1191 360 1218 dum
381 1190 549 1218 voluntatem
569 1189 617 1217 Dei
638 1189 814 1217 ambulastis.
832 1189 973 1217 Horrende
991 1194 1018 1217 et
1033 1189 1088 1216 cito

293 1238 434 1266 incumbet
445 1237 524 1264 vobis
538 1235 688 1268 interitus;
703 1236 835 1271 quoniam
849 1234 987 1270 judicium
1001 1235 1089 1263 duris-

293 1284 395 1311 simum
411 1283 439 1310 in
453 1282 498 1310 his
511 1282 558 1317 qui
570 1286 708 1317 praesunt.
724 1282 763 1309 lit.
781 1281 888 1316 Exiguo
903 1283 976 1309 enim
991 1289 1088 1309 conce-

294 1330 368 1357 ditur
389 1329 605 1357 misericordia:
626 1333 753 1362 potcntes
774 1333 865 1355 autem
887 1331 1015 1363 potenter
1032 1332 1088 1355 tor-

295 1379 387 1404 menta
414 1375 567 1410 patientur.
594 1373 655 1401 Non
680 1375 754 1402 enim
776 1374 922 1402 subtrahet
939 1381 1086 1409 personam

295 1422 428 1449 Dominus
442 1422 585 1449 hominum
596 1441 604 1454 ,
617 1428 669 1448 nec
683 1421 824 1448 verebitur
837 1421 1084 1455 magnitudinem.»

294 1467 327 1494 Et
342 1475 452 1495 rursum
465 1476 472 1493 :
485 1476 495 1493 ι
509 1466 684 1494 Fortioribus
702 1467 800 1494 fortior
816 1467 900 1494 instat
918 1466 1083 1494 cruciatiOJ

330 1513 428 1542 Matth.
441 1522 526 1546 χχιιι,
541 1515 552 1541 1
573 1523 644 1550 seqq.
656 1531 688 1535 —
703 1514 779 1541 Tunc
789 1513 870 1541 Jcsus
882 1513 989 1541 loeutus
1003 1519 1043 1541 est
1054 1513 1086 1541 ad
1101 1519 1123 1548 ο

292 1560 407 1593 turbas,
429 1564 457 1588 et
476 1560 509 1587 ad
529 1561 683 1596 discipulos
701 1568 784 1592 suos,
802 1561 897 1588 dicens
914 1571 919 1587 :
936 1559 1026 1595 Super
1041 1567 1087 1586 ca-

293 1607 417 1635 thedram
432 1607 518 1643 Moysi
534 1607 666 1636 sederunt
678 1607 781 1634 Scriba:
795 1612 822 1634 et
833 1606 976 1635 Pharisaei.
989 1606 1086 1634 Omnia

293 1661 359 1689 ergo
378 1661 553 1689 quaecunque
572 1653 694 1680 dixerint
715 1653 794 1680 vobis
812 1660 940 1685 servare,
960 1657 1085 1685 servate;

294 1700 448 1729 secundum
466 1704 559 1728 autem
572 1707 656 1735 opera
668 1707 764 1727 eorum
777 1700 862 1727 nolite
876 1699 976 1727 facere.
991 1698 1088 1726 Dicunt

293 1748 386 1780 enim,
402 1750 430 1774 et
443 1754 498 1774 non
516 1745 633 1774 faciunt.
651 1746 775 1781 Alligant
795 1746 867 1773 enim
888 1752 972 1773 onera
993 1745 1087 1780 gravia

294 1800 321 1822 et
335 1793 532 1829 importabilia,
547 1797 574 1821 et
586 1793 732 1828 imponunt
751 1801 782 1820 ea
802 1793 829 1819 in
849 1792 981 1819 humeros
999 1791 1088 1818 homi-

273 1862 281 1864 ς
294 1847 359 1867 num
372 1848 380 1872 ;
395 1839 482 1874 digito
497 1842 589 1866 autem
605 1845 658 1866 suo
673 1846 727 1865 non
744 1841 854 1864 moveut
869 1844 912 1864 ea.
924 1835 1022 1862 Omnia
1037 1843 1087 1862 au-

294 1891 348 1913 tem
366 1892 450 1920 opera
466 1891 518 1912 sua
534 1883 641 1911 faciunt
659 1888 688 1911 ut
705 1884 852 1911 vidcantur
869 1883 903 1910 ab
917 1882 1086 1909 hominibus.

294 1931 417 1959 Dilatant
428 1931 502 1958 enim
523 1929 694 1966 phylacteria
712 1937 773 1962 sua,
789 1933 816 1956 et
832 1928 1010 1964 magniﬁcant
1029 1928 1088 1955 lim-

293 1978 369 2006 hrias
385 1977 610 2006 vestimentorum
627 1984 751 2004 suorum.
770 1977 868 2003 Amant
885 1975 967 2003 etiam
984 1975 1088 2010 primos

294 2023 436 2052 recubitus
452 2023 479 2051 in
493 2023 582 2051 cmnis
592 2043 599 2055 ,
613 2027 641 2050 et
656 2022 760 2057 primas
774 2021 920 2049 cathedras
934 2021 961 2048 in
975 2028 1089 2056 synago-

295 2071 348 2105 gis.
361 2075 389 2098 ct
404 2069 584 2098 salutationes
599 2069 626 2096 in
644 2069 714 2101 foro,
729 2072 756 2096 ct
771 2068 863 2096 vocari
879 2067 912 2094 al)
927 2067 1088 2095 hominibus

295 2115 394 2143 Babbi.
411 2114 465 2143 Vos
484 2119 574 2143 autem
594 2114 678 2142 nolite
693 2114 785 2141 vocari
804 2113 903 2141 Babbi.
921 2111 999 2140 Unus
1014 2112 1088 2140 enim

295 2167 338 2191 est
359 2161 489 2198 Magister
508 2165 598 2190 vester
615 2160 744 2188 Christus
763 2170 769 2187 :
795 2167 892 2187 omnes
918 2163 1010 2186 autem
1040 2165 1088 2186 vos

297 2208 396 2236 fratres
404 2191 487 2236 estis.
501 2207 534 2234 Et
548 2211 654 2242 patrem
667 2206 752 2234 nolite
763 2210 884 2233 vestrum
897 2204 978 2240 517
990 2212 1088 2232 vocare
1103 2191 1127 2220 θ

296 2262 378 2289 super
397 2258 510 2282 terram.
534 2253 611 2281 Unus
627 2254 700 2281 enim
719 2257 763 2280 est
780 2252 861 2279 Pater
880 2257 972 2279 vester
991 2251 1038 2286 qui
1059 2251 1086 2278 in

296 2300 375 2327 uelis
390 2303 442 2327 est.
461 2298 511 2332 Qui
528 2304 622 2326 autem
640 2299 728 2334 major
741 2303 783 2326 est
799 2303 938 2331 vestrum,
956 2298 994 2325 sit
1008 2298 1089 2325 mini~

296 2350 355 2374 ster
369 2349 471 2374 vester.
484 2346 537 2379 Qui
550 2351 642 2374 autem
654 2353 684 2374 sc
696 2345 868 2376 exaltaverit,
880 2344 1087 2377 humiliahitur;

296 2395 378 2429 etqui
390 2402 420 2422 se
429 2394 629 2427 humiliaverit,
640 2393 819 2421 exaltabitur.
829 2392 875 2420 Vm
884 2393 974 2426 vobis,
984 2392 1089 2420 Scribze

297 2445 324 2468 rt
333 2440 463 2469 Pharisaei
474 2441 636 2476 hypocrita,
646 2440 711 2476 quia
723 2439 867 2467 comeditis
883 2440 980 2467 domos
993 2438 1088 2466 vidua-

298 2494 381 2520 rum,
403 2487 500 2522 longas
517 2487 657 2514 orationes
677 2487 709 2514 ad
729 2486 944 2514 ostentationem
966 2490 1086 2513 orantes.

298 2534 413 2569 Propter
430 2534 482 2561 hoc
505 2533 645 2568 recipietis
667 2533 785 2569 amplius
801 2533 950 2567 judicium.
968 2531 1014 2560 \‘re
1037 2540 1088 2559 au-

297 2585 352 2609 tem
369 2581 458 2612 vobis.
472 2580 575 2608 Scriba:
589 2579 756 2608 ctPharisaei
769 2580 930 2615 hypocritm,
941 2579 1003 2614 quia
1012 2579 1090 2606 clau-

298 2629 362 2655 ilitis
373 2634 489 2663 regnum
507 2627 655 2657 cmlorum;
670 2633 718 2653 vos
734 2629 824 2652 autem
837 2632 891 2652 non
905 2625 1025 2656 intratis,
1039 2631 1088 2651 nec

297 2674 470 2701 introeuntes
487 2673 579 2700 smltis
591 2672 704 2699 intrare.
717 2671 763 2698 Vae
775 2676 867 2699 autem
880 2671 969 2703 vobis,
983 2671 1028 2706 qui
1041 2670 1089 2697 dc-

299 2719 407 2746 cimatis
422 2718 573 2750 mentham,
592 2721 619 2745 et
632 2717 774 2750 anethum,
790 2721 818 2744 ct
833 2717 987 2753 cyminum,
1002 2721 1030 2743 et
1045 2723 1088 2744 re-

299 2763 419 2797 liquistis
431 2772 492 2799 qua:
501 2764 628 2800 graviora
641 2768 706 2792 sunt
718 2764 796 2798 legis.
808 2763 956 2797 judicium,
967 2766 994 2790 et
1005 2762 1087 2790 mise-

299 2807 456 2842 ricordiam,
470 2815 497 2837 et
514 2809 594 2837 iidem
613 2819 620 2836 :
636 2810 795 2837 exeolautes
809 2809 937 2841 culicem,
950 2809 1085 2836 camelum

299 2857 388 2880 autem
405 2855 597 2889 dcglutientcs.
611 2856 654 2883 Va:
667 2860 757 2883 autem
770 2855 858 2888 vobis,
870 2855 933 2889 quia
946 2854 1087 2883 mundatis

872 111 901 141 S.
919 109 1078 141 JOANNIS
1099 109 1145 139 DA
1151 111 1315 141 MASCENI

1864 107 1933 149 1552

1138 170 1268 206 ἄρχοντες
1297 169 1387 196 αὐτῶν
1405 170 1434 196 ἐν
1451 169 1526 205 μέσῳ
1541 169 1626 204 αὐτῆς
1638 169 1675 200 ὡς
1689 168 1778 200 λύκοι,
1792 167 1932 203 ἁρπάζον-

1139 226 1184 248 τες
1209 216 1356 252 ἅρπαγμα,
1387 216 1433 244 τοῦ
1459 215 1556 251 ἐκχέαι
1579 212 1660 251 αἷμα,
1686 215 1762 246 ὅπως
1786 214 1932 248 πλεονεξίᾳ

1139 263 1339 290 πλεονεκτῶσιν
1357 269 1364 276 '
1388 263 1435 290 καὶ
1453 263 1477 289 οί
1494 262 1633 298 προφῆται
1657 261 1742 296 αὐτῆς
1772 260 1933 294 ἀλείφοντες

1138 310 1246 342 αὐτούς.
1261 319 1271 343 ι

1177 365 1186 382 ι
1206 356 1276 383 Τάδε
1290 356 1365 390 λέγει
1380 357 1492 392 Κύριοςο
1513 353 1548 383 Ὠ
1556 355 1580 382 οί
1592 354 1721 390 ποιμένες
1742 351 1931 389 Ὶερουσαλήμί

1141 402 1177 438 μὴ
1191 401 1334 437 βόσκουσιν
1354 403 1378 429 οἱ
1397 403 1529 436 ποιμένες
1557 401 1692 434 ὲαυτούςς
1711 400 1743 426 οὐ
1754 400 1788 427 τὰ
1803 398 1932 434 πρόϐατα

1140 447 1284 482 βόσκονσιν
1294 449 1319 475 οἱ
1334 449 1480 483 ποιμένες;
1499 447 1565 474 Ἰδοὺ
1580 448 1610 474 τὸ
1624 448 1695 481 γάλα
1709 445 1866 473 κατεσθίετε
1883 445 1933 471 καὶ

1139 495 1172 521 τὰ
1188 494 1249 529 ἔρια
1267 494 1478 530 περιδάλλεσθε,
1498 496 1546 522 καὶ
1569 495 1599 521 τὸ
1618 494 1691 529 παχὺ
1716 492 1864 528 σφάζεσθε,
1884 492 1934 518 καὶ

1139 539 1173 566 τὰ
1186 539 1311 575 πρόϐατά
1343 548 1394 575 μου
1427 540 1458 566 οὐ
1488 539 1612 575 βόσκετε.
1641 539 1679 565 Τὸ
1699 537 1850 574 ἠσθενηκδς
1880 537 1934 563 οὐκ

1141 585 1318 620 ὲνισχύσατε,
1345 586 1393 612 καὶ
1405 586 1435 613 τὸ
1453 585 1631 621 πλανώμενον
1656 585 1707 612 οὐκ
1732 583 1932 619 ἐπεστρέςατε,

1141 631 1188 658 καὶ
1210 631 1241 658 τὸ
1265 631 1405 663 ἀπολωλὸς
1429 632 1479 658 οὐκ
1502 632 1668 668 ἐζητήσατε,
1694 631 1742 658 καὶ
1763 630 1794 657 τὸ
1820 629 1934 665 ἰσχυρὴν

1140 677 1373 713 κατειργάσασθε,
1386 678 1432 704 καὶ
1443 678 1579 713 διεσπάρη
1594 677 1628 704 τὰ.
1642 676 1769 712 πρόϐατά
1783 685 1833 711 μον
1844 675 1890 702 διὰ
1903 675 1935 700 ab

1141 725 1179 760 μὴ
1202 721 1274 752 εἶναι
1294 724 1440 760 ποιμένας.
1459 723 1592 751 Ἔϐοσκον
1607 723 1632 750 οἱ
1653 723 1783 758 ποιμένες
1806 721 1933 751 ἑαυτοὺς,

1141 771 1174 798 τὰ
1188 771 1218 798 δὲ
1233 770 1358 807 πρόὸατά
1376 779 1427 806 μου
1449 770 1500 797 οὐκ
1514 770 1639 797 ἔϐοσκον.
1659 769 1733 796 Ἀντί
1752 768 1848 795 τούτου
1875 767 1934 794 ἰδοὺ

1141 817 1196 851 ἐγὼ
1209 817 1255 844 ἐπὶ
1272 818 1335 849 τοὺς
1357 817 1490 852 ποιμένας
1514 817 1562 842 καὶ
1587 814 1733 851 ὲκζητήσιο
1755 815 1790 842 τὰ
1805 814 1936 850 πρόϐατά.

1139 872 1189 898 μου
1204 864 1235 890 ὲκ
1253 862 1307 890 τῶν
1324 861 1425 898 χειρῶν
1442 862 1542 889 αὐτῶν.
1555 871 1564 887 ι

1180 975 1189 990 ‹
1211 965 1321 992 Μάθετε
1345 966 1475 992 δικασταὶ
1488 964 1616 1000 περάτων
1631 964 1681 999 τῆς
1708 964 1771 999 γῆς,
1795 964 1836 990 ὅτι
1853 963 1934 999 ἐδόθη

1138 1011 1214 1046 παρὰ
1230 1011 1334 1046 Κυρίου
1350 1011 1367 1046 ὴ
1384 1010 1518 1046 κράτησις
1537 1009 1625 1045 ὑμῶν.
1642 1010 1690 1041 Ὃς
1704 1009 1827 1042 ἐξετάσει
1854 1009 1936 1044 ὑμῶν

1138 1057 1172 1083 τὰ
1187 1056 1265 1092 ἔργα,
1290 1057 1337 1083 καὶ
1350 1057 1398 1088 τὰς
1418 1056 1516 1092 βουλᾶς
1535 1056 1716 1092 διερευνήσει,
1732 1056 1772 1082 ὅτι
1792 1056 1934 1091 ὑπηρέται

1138 1104 1214 1136 ὄντες
1239 1104 1288 1139 τῆς
1303 1103 1386 1130 αὑτοῦ
1416 1103 1565 1138 βασιλείας,
1593 1103 1644 1129 οὐκ
1672 1102 1798 1138 ἐκρίνατε
1831 1103 1934 1137 ὀρθῶς,

1139 1150 1200 1176 οὐδὲ
1215 1149 1366 1184 ἐφυλάξατε
1397 1149 1490 1184 νόμον,
1519 1148 1581 1175 οὐδὲ
1607 1148 1677 1175 κατὰ
1702 1149 1752 1184 τὴν
1769 1148 1867 1184 βουλὴν
1887 1149 1935 1175 τοῦ

1139 1196 1207 1223 Θεοῦ
1222 1195 1401 1231 ὲπορεύθητε.
1429 1193 1555 1230 Φρικτῶς
1572 1195 1618 1221 καὶ
1633 1195 1740 1229 ταχέως
1754 1194 1935 1229 ἐπιστήσεται

1141 1243 1205 1277 ὑμῖν
1229 1240 1350 1277 ὄλεθρος,
1373 1242 1415 1267 ὅτι
1445 1240 1535 1275 κρίσις
1557 1240 1696 1275 ἀπότομος
1718 1241 1747 1266 ὲν
1763 1241 1820 1272 τοῖς
1846 1240 1935 1275 ὑπερ-

1140 1287 1232 1321 έχουσι
1253 1286 1369 1321 γίνεται.
1387 1285 1416 1312 ’0
1431 1285 1486 1320 γὰρ
1512 1285 1655 1319 ἐλάχιστος
1669 1285 1844 1318 συγγνωστός
1858 1285 1935 1310 ἐστιν

1139 1331 1232 1363 ὲλέους
1246 1340 1252 1346 ·
1271 1331 1380 1358 δυνατοὶ
1395 1330 1424 1357 δὲ
1439 1329 1562 1361 δυνατῶς
1591 1329 1799 1365 ὲτασθήσονται.
1820 1329 1858 1355 Οὐ
1878 1330 1936 1364 γὰρ

1140 1369 1328 1405 ὑποστελεῖται
1360 1376 1657 1412 πρόσωπονὸπάντων
1688 1377 1840 1411 Δεσπότης,
1871 1376 1936 1402 οὐδὲ

1140 1425 1344 1460 ἐντραπήσεται
1378 1423 1505 1458 μέγεθος.
1523 1432 1531 1448 ι
1556 1423 1611 1449 Καὶ
1629 1422 1710 1449 πάλιν
1725 1430 1732 1438 ·
1755 1431 1763 1447 ι
1777 1422 1840 1453 Τοῖς
1862 1431 1935 1457 κρα-

1140 1472 1225 1502 ταιοῖς
1241 1470 1340 1505 ἰσχυρὰ
1353 1469 1497 1503 ἐφίσταται
1509 1468 1616 1503 ἔρευνα,
1634 1478 1642 1493 ι

1175 1527 1184 1543 ε
1205 1517 1272 1544 Τότε
1293 1518 1306 1543 ὁ
1324 1516 1430 1552 Ἰησοῦς
1456 1515 1571 1550 ἐλάλησε
1597 1515 1653 1545 τοῖς
1681 1514 1770 1549 δχλοις
1795 1514 1843 1540 καὶ
1875 1516 1935 1545 τοῖς

1140 1563 1276 1598 μαθηταῖς
1286 1561 1379 1594 αὐτοῦ,
1393 1561 1480 1596 λέγων
1491 1569 1497 1577 ·
1514 1561 1576 1587 Ἐπὶ
1586 1560 1635 1594 τῆς
1647 1559 1787 1591 Μωῦσέως
1795 1559 1935 1595 καθέδρας

1138 1609 1269 1636 ἐκάθισαν
1286 1609 1311 1635 οἱ
1329 1609 1506 1644 Γραμματεῖς
1525 1607 1571 1634 καὶ
1595 1607 1748 1641 Φαρισαῖοι.
1775 1606 1868 1633 Πάντα
1887 1604 1936 1633 οὖν

1138 1656 1190 1683 ὅσα
1206 1655 1240 1682 ἂν
1255 1655 1371 1689 λέγωσιν
1397 1655 1462 1689 ὑμῖν
1493 1655 1599 1690 τηρεῖν,
1622 1653 1744 1689 τηρεῖτε,
1772 1654 1844 1679 κατὰ
1857 1653 1888 1680 δὲ
1901 1653 1935 1679 τὰ

1139 1702 1209 1738 ἔργα
1224 1701 1314 1728 αὐτῶν
1331 1701 1368 1736 μὴ
1387 1701 1502 1728 ποιεῖτε.
1527 1700 1647 1734 Λέγουσι
1675 1699 1741 1734 γὰρ,
1756 1699 1804 1726 καὶ
1824 1699 1854 1724 οὐ
1874 1707 1936 1725 ποι-

1139 1747 1459 1783 οὓσι,Δεσμεύουσιγὰρ
1471 1746 1570 1782 φορτία
1594 1745 1680 1782 βαρέα
1707 1745 1754 1772 καὶ
1777 1745 1936 1772 δυσσάστα-

1140 1803 1202 1828 κτα,
1215 1794 1264 1822 καὶ
1273 1793 1444 1820 ἐπιτιθέασιν
1455 1794 1502 1820 ἐπὶ
1510 1794 1573 1824 τοὺς
1589 1792 1679 1828 ὤμους
1699 1792 1752 1819 τῶν
1764 1791 1815 1818 ἀνθ
1821 1791 1933 1827 ρώπων,

1140 1841 1179 1876 τῷ
1195 1841 1224 1868 δὲ
1239 1839 1367 1875 δακτύλῳ
1388 1838 1479 1866 αὐτῶν
1498 1839 1528 1865 οὐ
1544 1838 1667 1866 κινοῦσιν
1693 1837 1774 1865 αὐτά.
1795 1837 1892 1864 Πάντα
1908 1837 1935 1863 δὲ

1139 1884 1173 1910 τὰ
1191 1883 1260 1918 ἔργα
1274 1883 1364 1910 αὐτῶν
1394 1882 1519 1909 ποιοῦσιν
1534 1883 1603 1917 πρὸς
1620 1882 1651 1909 τὸ
1665 1882 1796 1918 θεαθῆναι
1807 1882 1868 1913 τοῖς
1887 1883 1935 1908 ἀν-

1141 1930 1271 1966 θρώποις.
1300 1929 1470 1956 Πλατύνουσι
1497 1930 1551 1965 γὰρ
1570 1930 1603 1956 τὰ
1619 1929 1794 1964 φυλακτήρια
1831 1928 1934 1960 αὐτῶν,

1141 1977 1188 2002 καὶ
1206 1976 1388 2012 μεγαλύνουσι
1405 1976 1439 2003 τὰ
1453 1976 1598 2012 κράσπεδα
1610 1975 1664 2002 τῶν
1686 1975 1803 2010 ἱματίων
1830 1975 1934 2006 αὐτῶν,

1141 2023 1249 2058 φιλοῦσί
1267 2032 1297 2050 τε
1315 2023 1364 2055 τὰς
1392 2023 1595 2058 πρωτοκλισίας
1608 2022 1638 2049 ὲν
1651 2023 1708 2054 τοῖς
1729 2022 1859 2054 δείπνοις,
1888 2024 1937 2049 καὶ

1141 2069 1191 2101 τὰς
1219 2068 1449 2105 πρωτοκαθέδρας
1462 2069 1492 2095 ὲν
1512 2070 1573 2100 ταῖς
1590 2069 1772 2103 συναγωγαῖς,
1787 2069 1836 2095 καὶ
1870 2070 1939 2100 τοὺς

1141 2116 1305 2151 ἀσπασμοὺς
1317 2117 1347 2143 έν
1364 2117 1424 2148 ταῖς
1452 2115 1578 2150 ἀγοραῖς,
1592 2115 1639 2141 καὶ
1650 2114 1793 2141 καλεῖσθαι
1812 2114 1866 2141 ana
1881 2115 1938 2141 τῶν

1141 2162 1293 2198 ἀνθρώπων
1315 2161 1419 2189 Ῥαϐϐί.
1437 2161 1532 2197 Ὑμεῖς
1550 2161 1578 2187 δὲ
1597 2161 1634 2196 μὴ
1663 2161 1799 2196 κληθῆτε,
1823 2161 1938 2188 Ῥαῦδῖ.

1143 2205 1190 2239 Εἷς
1206 2206 1260 2241 γὰρ
1274 2206 1351 2241 ὑμῶν
1363 2207 1438 2233 ἐστιν
1453 2206 1467 2232 ὁ
1482 2206 1642 2241 καθηγητὴς
1657 2206 1670 2231 ὁ
1684 2205 1812 2241 Χριστὸς,
1832 2205 1940 2237 πάντες

1140 2254 1168 2281 δὲ
1186 2254 1264 2288 ὑμεῖς
1291 2253 1400 2287 ἀδελφοί
1430 2254 1501 2280 ὲστε.
1535 2253 1591 2280 Καὶ
1616 2253 1721 2288 πατέρα
1744 2253 1781 2287 μὴ
1796 2252 1939 2287 καλέσητε

1141 2300 1218 2336 ὑμῶν
1247 2299 1295 2326 ἐπὶ
1321 2299 1372 2335 τῆς
1400 2299 1462 2335 γῆς.
1480 2297 1526 2331 Εἷς
1552 2300 1606 2334 γάρ
1635 2298 1731 2325 ἐστινὸ
1745 2298 1841 2333 Πατὴρ
1858 2298 1941 2333 ὑμῶν

1139 2346 1194 2372 ὁὲν
1204 2345 1339 2381 οὐρανοῖς.
1363 2344 1392 2370 '0
1402 2343 1429 2370 δὲ
1450 2344 1552 2378 μείζων
1580 2344 1657 2378 ὑμῶν
1684 2343 1754 2369 ἔστω
1778 2342 1858 2377 ὑμῶν
1879 2343 1941 2370 διεὶ-

1142 2400 1231 2424 κυνος.
1261 2390 1357 2422 Ὅστις
1371 2391 1399 2417 δὲ
1417 2390 1520 2424 ὑψώσει
1547 2389 1654 2421 ἑαυτὸν,
1684 2389 1941 2424 ταπεινωθήσεται,

1140 2436 1187 2463 καὶ
1217 2436 1292 2465 ὅστις
1323 2437 1488 2462 ταπεινώσει
1516 2435 1627 2467 ἑαυτὸν,
1656 2434 1842 2469 ὑψωθήσεται.
1868 2435 1943 2461 Οὐαὶ

1141 2481 1216 2516 ὑμῖν,
1250 2482 1428 2516 Γραμματεῖς
1448 2480 1498 2507 καὶ
1522 2480 1666 2515 Φαρισαῖοι
1694 2479 1868 2513 ὑποκριταὶ,
1900 2479 1942 2505 ὅτε

1140 2527 1300 2554 κατεσθίετε
1314 2527 1364 2559 τὰς
1389 2527 1479 2558 οἰκίας
1505 2526 1560 2553 τῶν
1585 2525 1687 2561 χηρῶν,
1719 2526 1766 2552 καὶ
1795 2526 1943 2560 προφάσει

1142 2572 1235 2608 μακρὰ
1249 2572 1464 2608 προσευχόμενοι
1481 2580 1487 2586 ·
1509 2571 1554 2597 διὰ
1567 2571 1647 2597 τοῦτο
1669 2570 1787 2606 λήψεσθε
1804 2570 1943 2605 περισσό-

1140 2628 1217 2655 τερον
1238 2619 1335 2655 κρῖμα.
1362 2618 1431 2645 Οὐαὶ
1444 2617 1472 2644 δὲ
1489 2617 1564 2652 ὑμῖν,
1588 2617 1766 2652 Γραμματεῖς
1785 2616 1834 2643 καὶ
1854 2617 1943 2652 Φαρι-

1142 2666 1211 2691 σαῖοι
1249 2664 1407 2699 ὑποκριταὶ,
1434 2663 1474 2690 ὅτι
1502 2663 1608 2690 κλείετε
1633 2662 1683 2698 τὴν
1706 2662 1849 2698 βασιλείαν
1886 2662 1945 2688 τῶν

1139 2711 1273 2746 οὐρανῶν,
1297 2711 1376 2746 ὑμεῖς
1393 2710 1421 2736 δὲ
1432 2710 1485 2741 οὐκ,
1499 2709 1670 2745 εἰσέρχεσθε,
1689 2708 1750 2735 οὐδὲ
1763 2709 1828 2740 τοὺς
1845 2708 1946 2744 shape

1139 2758 1272 2794 χομένους
1294 2757 1389 2791 ἀφίετε
1417 2756 1516 2782 ἐλθεῖν.
1534 2756 1601 2782 Οὺαλ¹
1613 2756 1641 2782 δὲ
1653 2755 1727 2790 ὑμῖν,
1741 2755 1781 2782 ὅτι
1802 2755 1949 2781 ἀποδεκας

1139 2805 1218 2831 τοῦτε
1233 2803 1279 2830 τὸν
1300 2803 1446 2838 ἡδύοσμον.
1466 2804 1513 2829 καὶ
1525 2802 1556 2829 τὺ
1570 2801 1679 2836 ἄνηθον,
1693 2801 1741 2828 καὶ
1753 2800 1784 2827 τὸ
1804 2800 1946 2836 κύμινον,

1140 2852 1187 2878 καὶ
1199 2851 1325 2885 ἀφήκατε
1342 2851 1374 2877 τὰ
1389 2850 1528 2886 βαρύτερα
1549 2849 1596 2876 τοῦ
1625 2850 1718 2883 νόμον,
1749 2847 1800 2884 τὴν
1830 2848 1948 2884 κρίσιν,
