2056 3113
164 132 231 165 1553

787 137 907 168 SACRA
926 127 1162 169 PARALLELA.

1734 138 1799 170 iﬁﬁi

161 188 211 215 καὶ
225 188 272 215 τὸν
296 188 381 221 ἔλεον,
407 188 454 216 καὶ
477 189 526 224 τὴν
558 189 669 216 πίστιν·
683 189 707 216 oi
720 190 883 223 διυλίζοντες
909 193 948 219 ain

1007 193 1079 228 quod
1095 192 1200 221 deforis
1215 195 1258 221 est
1271 193 1368 221 calicis
1384 198 1411 221 et
1426 194 1582 229 paropsidis
1595 203 1603 226 ς
1618 194 1692 223 intus
1707 203 1798 226 autem

162 233 291 266 κώνωπα,
305 232 354 268 τὴν
364 233 391 260 δὲ
407 234 531 269 κάμηλον
540 234 747 267 καταπίνοντες.
760 237 829 264 Οὐαὶ
837 237 865 264 δὲ
880 237 954 272 ὑμῖν,

162 279 372 316 ὅτικαθαριζετε
385 280 416 306 τὸ
426 279 527 312 ἔξωθεν
537 280 583 308 τοῦ
598 281 742 317 ποτηρίου,
756 282 802 309 καὶ
819 283 870 317 τῆς
885 292 956 319 παρ-

162 324 261 358 οψίδος,
277 324 413 359 ἕσωθενλδὲ
423 324 554 359 γέμουσιν
563 325 724 361 ἐξαρπαγῆς
732 327 779 353 καὶ
787 327 953 360 πλεονεξίας.

161 370 293 405 Φαρισαῖε
305 369 400 405 τυφλὲ,
416 370 566 405 καθάρισον
584 371 694 407 πρῶτον
705 372 735 398 τὸ
750 372 825 404 ἐντὸς
841 372 888 399 τοῦ
906 381 955 399 πο-

161 416 256 451 τηρίου
270 416 318 443 καὶ
332 416 383 451 τῆς
397 417 556 451 παροψίδος,
575 417 618 444 ἵνα
631 418 747 453 γένηται
764 419 812 445 καὶ
829 419 859 446 τὸ
875 419 954 450 ἐκτὸς

163 462 245 489 αὐτοῦ
264 461 393 498 καθαρόν.
407 463 475 490 Οὐαὶ
485 463 513 489 δὲ
533 463 608 498 ὑμῖν,
626 464 667 490 ὅτι
686 464 888 500 παρομοιάζετε
906 466 954 491 τά·

162 517 222 543 φοις
239 509 443 544 κεκονιαμένοις
452 530 459 542 ,
475 509 574 541 οἵτινες
588 509 686 542 ἔξωθεν
701 510 752 546 μὲν
764 510 905 545 φαίνονται
919 510 955 536 ὡ-

165 555 246 589 ραῖοι.
265 553 386 586 Ἔξωθεν
399 555 448 590 μὲν
462 555 591 590 φαίνεσθε
602 558 658 588 τοῖς
667 556 823 592 ἀνθρώποις
839 557 951 590 δίκαιοι,

162 600 263 628 ἔσωθεν
277 601 305 628 δὲ
323 601 418 635 μεστοί
448 602 509 628 ἐστε
542 602 714 637 ὑποκρίσεως
741 603 788 630 καὶ
810 603 950 638 ἀνομίας.)

151 660 155 670 ι
201 656 210 672 ι
229 647 293 674 Ἐὰν
307 647 335 673 δὲ
349 647 413 682 εἴπῃ
425 648 439 674 ό
459 647 543 679 κακὸς
557 647 651 680 δοῦλος
671 649 774 681 ἐκεῖνος
793 649 822 676 ὲν
838 650 871 684 τῇ
887 657 953 685 καρ-

161 694 206 729 δίᾳ
222 693 316 725 αὑτοῦ,
327 693 453 729 Χρονίζει
462 695 476 720 ὁ
489 694 584 729 κύριός
602 703 653 729 μου
667 695 764 727 ἐλθεῖν,
777 696 825 722 καὶ
836 695 953 730 ἄρξηται

162 739 273 765 τύπτειν
289 739 352 770 τ’)ὺς
379 739 540 771 συνδούλους
568 740 661 772 αὑτοῦ,
679 741 780 768 ἐσθίειν
797 741 825 768 δὲ
844 741 891 768 καὶ
909 741 954 767 πί-

162 793 217 811 νειν
254 785 324 820 μετὰ
352 785 407 811 τῶν
437 785 592 820 μεθυόντων
617 794 623 801 ·
647 786 708 822 ἥξει
740 787 754 813 ὁ
777 787 873 822 κύριος
906 785 953 814 τοῦ

161 829 255 856 δούλου
275 830 380 857 ἐκείνου
395 831 424 857 ἐν
437 831 529 867 ἡμέρᾳ.
564 832 594 858 οὺ
613 832 762 867 προσδοκᾷ,
779 833 826 859 καὶ
839 833 869 860 ὲν
881 832 952 868 ὥρᾳ,

1008 239 1081 273 pleni
1108 239 1177 267 estis
1205 239 1304 274 rapina
1331 243 1358 267 et
1386 239 1517 267 avaritia.
1547 239 1685 269 Pharisare
1710 250 1799 276 cmce,

1009 283 1111 310 munda
1128 283 1207 318 prius
1225 283 1297 324 quod
1315 283 1391 312 intus
1407 287 1449 311 est
1465 284 1563 312 calicis
1580 289 1610 312 et
1624 287 1781 322 paropsidis
1792 307 1806 319 ,.

1009 334 1038 356 ιιι
1064 329 1110 356 fiat
1133 330 1158 357 id
1185 329 1258 364 quod
1284 329 1389 357 deforis
1406 333 1462 363 est,
1480 330 1626 358 mundum.
1646 331 1689 359 Va:
1704 333 1798 366 vobis,

1009 373 1113 402 Scriba}
1133 378 1161 401 et
1180 373 1313 401 Pharisaai
1334 374 1506 409 hypocrita),
1523 374 1587 408 quia
1607 375 1713 403 similes
1732 377 1800 405 estis

1007 420 1144 455 sepulcris
1159 419 1293 447 dealbatis
1304 439 1311 451 ,
1327 427 1389 455 qua:
1407 427 1421 446 a
1443 419 1509 446 foris
1529 425 1626 454 parent
1641 421 1803 451 hominibus

1007 466 1144 500 speciosa.
1169 466 1222 493 Vos
1258 465 1368 501 quidem
1394 473 1407 491 a
1432 465 1498 493 foris
1524 465 1627 500 paretis
1640 466 1800 498 hominibus

1004 511 1094 545 justi:
1111 512 1186 539 intus
1216 515 1306 539 autem
1331 511 1404 546 pleni
1419 512 1487 540 estis
1513 511 1651 548 hypocrisi
1666 513 1798 549 ctimpie-

1006 560 1073 585 tate.
1089 566 1098 583 ι

1040 645 1139 672 Matth.
1156 654 1232 679 xxxv,
1249 646 1346 673 48-5l.
1362 661 1397 666 -—
1415 655 1424 671 ι
1438 645 1467 673 Si
1485 650 1575 674 autem
1591 645 1694 674 dixerit
1711 647 1800 675 malus

1007 691 1051 719 ille
1077 699 1174 719 servus
1199 691 1226 719 in
1253 692 1336 719 corde
1361 699 1422 724 suo,
1455 691 1560 719 Moram
1585 691 1652 720 facit
1669 693 1800 722 dominus

1007 745 1087 765 meus
1100 737 1206 771 venire,
1222 741 1251 765 et
1263 738 1381 773 coeperit
1395 742 1539 773 percutere
1555 745 1706 767 conservos
1723 747 1799 772 suos,

1006 782 1176 810 manducare
1198 787 1290 810 autem
1307 787 1335 810 et
1354 782 1451 810 bibere
1468 789 1532 810 cum
1550 782 1691 816 ebriosis;
1709 783 1800 811 veniet

1006 828 1136 857 dominus
1159 829 1232 857 servi
1253 829 1329 857 illius
1345 829 1372 856 in
1392 829 1435 856 die
1450 836 1503 864 qua
1524 836 1579 856 non
1594 832 1754 864 exspectat.
1773 834 1800 857 et

160 872 178 910 ᾖ
194 876 225 901 οὐ
241 875 383 909 γινώσκει,
403 877 452 903 καὶ
470 877 646 913 διχοτομήσει
671 878 762 911 αὐτὸν,
797 878 844 905 καὶ
859 877 889 904 τὸ
905 878 948 913 μέ-

1006 874 1033 901 in
1049 874 1117 902 hora
1133 881 1187 908 qua
1204 874 1312 907 nescit,
1325 878 1352 902 et
1366 874 1471 902 dividet
1485 881 1546 901 eum
1558 894 1565 907 ,
1577 879 1604 902 et
1617 878 1723 909 partem
1739 874 1799 910 ejus

161 929 208 956 po;
219 921 302 948 αὐτοῦ
325 921 393 956 μετὰ
411 922 465 949 τῶν
481 923 636 959 ὑποκριτῶν
654 924 741 959 θήσει.
756 934 764 951 ι
919 952 923 955 ς

195 975 205 992 ‹
229 966 303 993 Ἰδὼν
318 967 419 1002 Σίμων,
434 968 474 994 ὅτι
490 968 534 995 διὰ
547 969 596 1003 τῆς
612 969 761 1002 ἐπιθέσεως
772 971 828 998 τῶν
843 973 943 1007 χειρῶν

159 1013 214 1039 τῶν
238 1013 395 1040 ἀποστόλων
418 1014 520 1042 δίδοται
535 1015 566 1042 τὸ
581 1015 692 1051 πνεῦμα
706 1016 736 1043 τὸ
752 1016 841 1051 ἅγιον,
867 1027 952 1054 προσ-

160 1058 260 1093 ήνεγκε
296 1059 390 1091 αὐτοῖς
413 1060 544 1096 χρήματα.
570 1060 659 1095 λέγων
675 1069 681 1076 ·
698 1063 764 1089 Δότε
789 1063 874 1098 κάμοὶ
902 1064 952 1100 τὴν

161 1103 285 1136 ἐξουσίαν
311 1104 426 1140 ταύτην,
457 1106 500 1132 ἵνα
512 1103 534 1140 ᾧ
549 1106 583 1133 ἂν
603 1107 690 1134 ἐπιθῶ
705 1107 754 1140 τὰς
770 1109 864 1144 χεῖράς
888 1118 950 1145 μου,

161 1150 287 1186 λαμὸάνῃ
302 1151 415 1187 Πνεῦμα
425 1151 514 1186 ἅγιον.
533 1150 618 1180 Εῐπεν
633 1153 662 1180 δὲ
674 1154 688 1180 ὁ
700 1154 804 1189 Πέτρος
824 1155 893 1191 πρὸς
904 1156 952 1183 αὺ-

160 1195 224 1221 τόν·
242 1195 278 1222 Τὸ
289 1196 421 1231 ἀργύριόν
449 1206 496 1224 σου
525 1198 574 1225 σὺν
597 1198 640 1224 σοὶ
666 1198 708 1233 εἴη
730 1199 769 1230 εἰς
792 1200 950 1233 ἀπώλειαν,

160 1241 200 1267 ὅτι
222 1241 273 1277 τὴν
297 1241 401 1277 δωρεὰν
431 1242 479 1268 τοῦ
499 1242 566 1269 Θεοῦ
595 1243 727 1278 ἐνόμισας
745 1244 790 1271 διὰ
800 1245 951 1280 χρημάτων

160 1290 286 1317 κτᾶσθαι.
315 1291 372 1318 Οὐκ
398 1291 456 1317 ἔστι
482 1299 523 1318 σοι
552 1292 643 1327 μερὶς,
676 1291 736 1318 οὐδὲ
761 1291 862 1327 κλῆρος
874 1292 951 1328 ἐντῷ

159 1336 231 1372 λόγῳ
240 1337 336 1373 τούτῳ.
355 1347 364 1363 ι

195 1383 282 1410 Πόσον
300 1385 385 1411 κακόν
413 1385 486 1411 ἐστιν
510 1385 570 1411 ἀντὶ
593 1385 706 1420 ὁδηγίας
727 1386 832 1421 πλάνης
864 1386 951 1413 αῐτιον

158 1429 286 1463 γενέσθαι
303 1432 358 1462 τοῖς
372 1431 550 1467 ὑποχειρίοιςῑ
568 1431 663 1463 Οὐδεὶς
685 1433 802 1468 περιορᾷ
813 1432 843 1458 τὸ
851 1432 950 1459 ἑαυτοῦ

158 1473 253 1502 τέκνον
270 1475 367 1510 μέλλον
392 1476 574 1503 καταπίπτειν
589 1477 630 1507 εἰς
660 1477 781 1511 βόθυνον,
797 1477 812 1512 ἢ
830 1477 951 1512 ἐμπεσὸν

159 1519 286 1554 ἐναφίησι
307 1520 346 1555 τῷ
372 1520 510 1556 πτώματι.
538 1522 623 1549 Πόσον
637 1522 664 1548 δὲ
683 1522 836 1558 δεινότερον
861 1523 951 1559 ψυχὴν

1005 925 1089 954 ponet
1104 927 1168 947 eum
1185 919 1349 955 hypocritis.
1368 929 1377 945 ι

1041 965 1101 992 Act.
1118 973 1185 996 VIII.
1201 965 1294 993 18-21.
1308 981 1342 986 —
1358 975 1367 992 ‹
1383 965 1484 994 Videns
1500 966 1596 994 Simon
1609 967 1672 1002 quia
1686 974 1734 1002 per
1747 967 1799 994 im-

1005 1010 1172 1044 positioncm
1189 1018 1320 1038 manuum
1335 1011 1524 1045 apostolorum
1546 1012 1660 1040 daretur
1673 1012 1797 1047 Spiritus

1006 1059 1120 1084 sanctus
1131 1076 1138 1090 ,
1153 1057 1256 1084 obtulit
1271 1057 1313 1085 eis
1339 1058 1483 1092 pecuniam
1494 1078 1502 1090 .
1517 1058 1633 1086 dicens:
1650 1059 1718 1086 Date
1732 1059 1798 1086 mihi

1006 1101 1079 1129 hanc
1096 1107 1263 1137 potestatem
1275 1122 1282 1135 ,
1299 1108 1328 1130 ut
1346 1104 1502 1139 cuicunque
1522 1104 1682 1140 imposucro
1698 1113 1800 1134 manus

1005 1155 1100 1182 meas,
1114 1149 1231 1184 accipiat
1248 1148 1536 1184 Spiritumsanetum.
1553 1151 1626 1178 Dixit
1640 1155 1732 1180 autem
1746 1152 1797 1179 Pe-

1005 1198 1065 1221 trus
1081 1193 1115 1220 ad
1132 1201 1216 1221 eum:
1236 1196 1386 1229 Argentum
1404 1199 1481 1222 tuum
1500 1199 1588 1223 tecum
1605 1195 1642 1223 sit
1659 1196 1687 1223 in
1708 1196 1800 1231 perdi-

1005 1240 1121 1273 tionem,
1147 1241 1212 1275 quia
1229 1241 1396 1269 existimasti
1418 1242 1522 1269 donum
1537 1241 1585 1269 Dei
1602 1242 1719 1277 pecunia
1736 1251 1799 1278 pos-

970 1282 975 1287 ”
1005 1285 1101 1313 sideri.
1123 1285 1183 1313 Non
1204 1289 1247 1313 est
1268 1285 1315 1313 tibi
1341 1293 1404 1321 pars
1427 1294 1517 1322 neque
1537 1294 1597 1315 sors
1619 1288 1646 1315 in
1670 1295 1799 1316 sermone

1006 1331 1072 1360 isto.
1090 1341 1099 1358 ι

1041 1378 1071 1406 S.
1091 1378 1177 1406 Basil.
1192 1387 1224 1406 ea;
1235 1388 1297 1407 can.
1314 1380 1405 1407 Const.
1420 1385 1514 1414 quiest.
1527 1380 1573 1408 25.
1587 1396 1621 1401 —
1633 1381 1721 1414 Quam
1737 1389 1797 1409 ma-

1005 1431 1088 1458 gnum
1106 1425 1208 1452 malum
1225 1429 1268 1453 est
1286 1425 1408 1454 subditis
1424 1427 1528 1454 erroris
1544 1434 1640 1455 ansam
1656 1428 1795 1462 praebere.

1005 1477 1086 1504 quem
1104 1471 1210 1499 itineris
1224 1479 1287 1499 esse
1304 1472 1401 1500 ducem
1418 1473 1566 1507 oportebat
1581 1474 1587 1500 l
1606 1473 1693 1501 Nemo
1711 1474 1796 1501 lilium

1007 1523 1088 1543 suum
1105 1515 1160 1550 jam
1178 1524 1248 1552 pene
1266 1517 1293 1543 in
1310 1517 1417 1544 foveam
1435 1518 1580 1545 cadentem
1598 1519 1729 1554 negligit,
1750 1525 1798 1547 aut.

159 1566 199 1597 είς
221 1565 303 1600 βάθος
331 1555 640 1603 κακῶννὲμπίπτουσαν
681 1555 821 1604 ἐναφεῖναι
840 1555 874 1606 τῇ

1005 1561 1033 1588 in
1049 1568 1107 1588 cam
1123 1562 1282 1596 prolapsum
1298 1562 1440 1597 relinquit.
1453 1562 1561 1595 Quanto
1578 1567 1669 1591 autem
1685 1565 1797 1599 gravius

159 1611 256 1648 ωλείᾳ;

194 1701 238 1737 Μὴ
259 1702 329 1729 ἔστω
341 1712 381 1735 τις
397 1704 502 1739 κεφαλὴ
522 1705 598 1739 μόλις
616 1714 665 1732 που
682 1706 743 1742 χεὶρ
760 1706 912 1742 τυγχάνων,
933 1708 949 1743 ἢ

159 1746 267 1782 ποῦς,ῆ
287 1747 352 1775 ἄλλο
372 1757 398 1775 τι
424 1749 478 1775 τῶν
505 1750 706 1785 εὐτελεστέρων
731 1751 778 1778 τοῦ
810 1751 947 1786 σώματος.

159 1792 294 1826 Ἕκαστος
308 1795 337 1820 ὲν
382 1795 484 1831 ἐκλήθη
511 1797 597 1830 τάξει,
612 1797 734 1832 ἀδελφοὶ,
751 1798 780 1824 ὲν
795 1798 882 1834 ταύτῃ
898 1807 947 1833 με-

159 1839 236 1866 νέτω.

216 1928 302 1968 ςΐμξν
310 1930 389 1968 ᾼέγιω
404 1931 537 1968 (έάυιιστα
552 1932 614 1966 τοῖς
627 1934 680 1960 τοῦ
689 1933 839 1968 βήματος,

214 1964 472 2004 ςρρραλμότίεῖναι
488 1967 528 2004 μὴ
542 1964 672 2004 σκότους
686 1964 913 2004 rte-5111071007,

208 1999 290 2038 {fndis
304 2001 442 2038 πρᾷεδροι
451 2002 504 2028 τοῦ
516 1999 610 2029 κακοῦ
622 1999 801 2038 φαινώμεθὰ.

207 2034 242 2060 El
256 2034 310 2068 γὰρ
323 2035 357 2062 τὸ
367 2035 431 2069 φῶς
443 2038 590 2070 τοιοῦτον,
599 2034 633 2065 τό
644 2034 756 2072 σιιόέος
770 2040 870 2068 πόσον
882 2050 891 2073 ;

191 2079 239 2111 Τίς
254 2079 286 2106 ἂν
306 2081 369 2112 τοὺς
401 2082 498 2115 ἄλλους
523 2084 646 2110 πείσειεν
674 2085 844 2121 μετριάζειν,
873 2086 945 2114 οὕτω

153 2124 207 2151 τῶν
237 2126 416 2161 προεστώτων
445 2129 647 2165 διακειμένωνς
669 2130 695 2157 τί
725 2131 822 2165 ὄφελος
846 2133 945 2169 κυόερ-

153 2170 237 2205 νήτην
272 2169 342 2198 εἶναι
374 2174 508 2209 χρηστὸν,
539 2176 669 2212 πονηροῖς
701 2177 843 2212 χρώμενον
882 2178 944 2214 ὲρέ-

154 2222 214 2247 ταις
228 2224 236 2248 ;

190 2261 285 2294 Πόθεν,
319 2264 380 2290 εἰπέ
408 2273 463 2300 μοι,
479 2267 666 2302 νομίζεις-τὰς
690 2268 826 2301 τοσαύτας
843 2270 871 2297 ὲν
883 2271 944 2302 ταῖς

159 2305 333 2343 Ἐκκλησίαις
355 2310 496 2338 τίκτεσθαι
531 2313 678 2347 ταραχάς;
704 2314 777 2348 Ἐγὼ
812 2315 862 2350 μὲν
888 2316 942 2352 γὰρ

151 2352 201 2379 οὐκ
226 2353 338 2380 ἄλλοθεν
368 2354 454 2391 οἶμαι,
481 2357 545 2392 ἢὲκ
574 2359 621 2385 τοῦ
652 2359 700 2391 τὰς
725 2360 779 2386 τῶν
801 2361 941 2396 προεστὼ-

151 2406 204 2424 των
222 2399 343 2434 αἱρέσεις
360 2401 407 2428 καὶ
422 2402 538 2437 ἐκλογὰς
549 2404 654 2437 ἁπλῶς,
672 2405 719 2432 καὶ
733 2405 771 2438 ὡς
787 2405 881 2441 ἔτυχεν
897 2408 940 2440 γί-

150 2448 254 2476 νεσθαι.

186 2495 269 2522 Οὐδὲν
294 2497 456 2524 διδασκάλου
481 2497 649 2534 ψυχρότερον
667 2500 695 2525 ἐν
714 2498 806 2534 λόγοις
832 2500 940 2534 φιλοσο-

150 2540 265 2574 φοῦντος
281 2543 370 2577 μόνον.
387 2543 472 2570 Τοῦτο
488 2544 518 2571 οὐ
533 2544 706 2577 διδάσκαλος,
737 2545 805 2572 ἀλλὰ
829 2546 939 2582 ὐποκρι-

149 2586 208 2621 τής.
221 2588 368 2624 Ἀρχοντος
394 2589 478 2625 μηδὲν
496 2590 558 2622 τοὺς
574 2591 743 2627 ἀρχομένους
758 2591 937 2627 ὠφελοῦντος,

148 2632 225 2660 οὐδὲν
240 2633 417 2672 ἀθλιώτερον.

186 2719 270 2747 Ὅσον
283 2720 350 2756 πρὸς
364 2722 475 2757 μείζονα
492 2723 574 2757 ὄγκον
585 2724 635 2760 τῆς
648 2725 858 2763 ἀρχιερωσύνης
870 2728 936 2754 ἀνα-

148 2764 267 2801 ϐέϐηκεν
281 2768 294 2793 ὀ
310 2767 360 2803 τὴν
389 2769 542 2805 ἐπισκοπὴν
572 2770 672 2806 λαχὼν,
691 2773 813 2808 τοσούτῳ
826 2773 937 2800 πλείονα

149 2812 368 2849 ἁπαιτηθήσεται
379 2814 468 2849 λόγον,
483 2815 544 2850 οὐχὶ
560 2816 734 2849 διδασκαλίας
750 2819 840 2853 μόνον,
869 2819 936 2846 ἀλλὰ

150 2857 198 2885 καὶ
209 2860 332 2895 πενήτων
348 2861 524 2895 προστασίας.
542 2862 673 2897 Καθάπερ
685 2864 739 2898 γὰρ
759 2865 837 2898 ἡμεῖς
852 2866 886 2899 ἀρ
895 2865 936 2900 τύ-

1004 1612 1047 1634 est
1063 1607 1182 1634 animam
1197 1608 1224 1634 in
1241 1608 1324 1635 imum
1343 1608 1473 1636 vitiorum
1486 1609 1621 1645 gurgitem
1639 1609 1774 1638 labentem
1787 1632 1795 1643 ,

1004 1652 1032 1680 in
1048 1652 1133 1681 exitio
1146 1653 1320 1689 relinquere!

1042 1699 1178 1736 Theologi.
1193 1700 1278 1728 -—Ne
1300 1701 1403 1737 capitis
1429 1702 1518 1730 locum
1536 1706 1666 1739 usurpet,
1683 1703 1730 1739 qui
1749 1703 1793 1733 vix

1004 1753 1113 1777 manus,
1128 1749 1175 1772 aut
1192 1746 1281 1780 pedis,
1295 1751 1342 1773 aut
1357 1746 1512 1781 cuiuspiam
1528 1747 1599 1774 alius
1612 1747 1721 1775 vilioris
1732 1755 1795 1783 par-

1001 1790 1038 1817 tis
1061 1790 1188 1825 corporis
1204 1790 1293 1818 ofﬁcio
1323 1791 1399 1826 fungi
1423 1792 1521 1826 possit.
1551 1791 1750 1827 Unusquisque
1766 1793 1792 1820 in

1003 1843 1059 1871 quo
1076 1837 1161 1872 gradu
1182 1842 1296 1865 vocatus
1314 1842 1370 1871 est,
1391 1837 1509 1870 fratres.
1527 1839 1555 1866 in
1571 1846 1604 1867 eo
1619 1843 1740 1867 maneat.

1262 1882 1357 1918 Ejusd.
1376 1891 1408 1910 ex
1425 1888 1485 1910 retr.
1504 1883 1531 1911 5.

1071 1927 1176 1964 Cavete,
1192 1937 1281 1963 quwso
1294 1949 1301 1960 ,
1318 1929 1435 1956 maxime
1450 1937 1506 1962 vos,
1525 1929 1664 1964 pi'wsules.

1071 1963 1113 1999 [γε
1129 1964 1216 1990 lumen
1233 1964 1304 1990 οηιηὶ
1319 1973 1427 1999 prorsus
1444 1965 1538 1992 orbum
1555 1965 1664 1995 Iuntina.

1075 1997 1189 2033 Vitiique
1203 1997 1326 2030 tantum;
1343 2008 1395 2026 non
1411 2000 1487 2031 bum‘,
1505 2000 1563 2027 sitis
1581 1999 1670 2027 duces.

1070 2033 1100 2061 Si
1116 2034 1168 2061 tale
1184 2034 1291 2066 lumen,
1307 2039 1422 2069 quantus
1438 2039 1477 2062 est
1497 2035 1602 2062 tandem
1619 2036 1732 2070 nigror?

1032 2079 1129 2114 Ejusd.
1142 2084 1213 2108 orat.
1225 2080 1303 2115 Apol.
1314 2097 1347 2101 —
1361 2080 1464 2116 Ecquis
1480 2080 1591 2108 tandem
1605 2081 1675 2109 alios
1685 2081 1718 2108 ad
1733 2090 1791 2111 mo,-

997 2125 1115 2153 destiam
1133 2130 1217 2161 queat
1233 2125 1386 2158 adducere,
1399 2127 1512 2162 quando
1528 2126 1668 2155 antistites
1686 2126 1737 2161 ipsi
1754 2127 1790 2154 ita

997 2176 1061 2200 sunt
1077 2172 1189 2200 allecti?
1205 2172 1276 2206 Quid
1294 2173 1385 2207 prosit
1411 2173 1526 2208 probum
1544 2179 1605 2201 esse
1619 2172 1785 2209 gubernato-

961 2231 984 2258 Ι)
998 2226 1053 2246 rem
1065 2239 1072 2250 ,
1091 2219 1114 2246 si
1131 2219 1211 2246 malis
1228 2218 1378 2253 remigibus
1394 2219 1513 2246 utatur?

1033 2263 1064 2292 S.
1078 2263 1216 2299 (.‘Irrysou.
1236 2279 1264 2285 —
1280 2264 1358 2292 Unde
1369 2285 1377 2297 ,
1390 2272 1502 2300 quaeso,
1517 2264 1675 2300 huiusmodi
1687 2266 1789 2293 tumul-

998 2315 1042 2337 tus
1058 2310 1085 2337 in
1102 2310 1237 2338 Ecclesiis
1253 2311 1331 2339 nasci
1359 2311 1483 2338 censes?
1499 2310 1634 2346 Equidem
1655 2312 1713 2346 ipse
1732 2319 1787 2338 non

997 2357 1109 2384 aliunde
1117 2353 1265 2390 existimo,
1280 2365 1363 2392 quam
1377 2357 1451 2392 quod
1465 2357 1622 2386 antistitum
1635 2358 1788 2386 electiones

997 2406 1102 2430 temere
1116 2405 1145 2429 et
1163 2401 1368 2430 inconsiderate
1384 2402 1461 2430 ﬁant.

1031 2492 1126 2527 Ejusd.
1146 2508 1179 2512 —
1194 2492 1268 2520 Nihil
1284 2493 1399 2520 doctore
1418 2492 1547 2532 frigidius
1565 2496 1626 2526 est,
1653 2501 1701 2528 qur
1728 2501 1786 2522 scr-

995 2539 1124 2567 monibus
1142 2539 1276 2566 duntaxat
1291 2539 1498 2575 philosophiam
1525 2539 1604 2567 colit.
1628 2538 1679 2566 llic
1706 2540 1786 2573 plane

994 2593 1048 2613 non
1064 2586 1171 2617 doctor,
1187 2585 1269 2620 518
1284 2586 1332 2617 sed
1348 2586 1495 2622 hypocrita
1509 2590 1561 2613 est.
1577 2585 1651 2612 Nihil
1666 2588 1786 2621 praesule

994 2632 1135 2664 miserius,
1161 2633 1207 2667 qui
1233 2631 1266 2660 iis
1298 2631 1400 2667 quibus
1424 2635 1523 2667 praeest
1559 2631 1628 2658 nihil
1654 2632 1784 2661 utilitatis

994 2678 1082 2706 affert.

1024 2725 1120 2760 Ejusn.
1136 2740 1169 2746 —
1182 2725 1291 2758 Quanto
1317 2726 1351 2752 ad
1376 2725 1501 2752 altiorem
1528 2725 1643 2760 gradum
1659 2726 1783 2754 ascendit

993 2772 1037 2799 ille
1063 2772 1106 2799 cui
1128 2772 1307 2807 episcopatus
1333 2771 1461 2806 obtigit,
1483 2775 1559 2799 tanto
1585 2779 1696 2807 quoque
1725 2780 1783 2799 am-

993 2818 1062 2853 plior
1074 2818 1108 2846 ab
1121 2825 1153 2846 eo
1169 2818 1240 2845 ratio
1254 2823 1430 2853 exposcctur,
1446 2826 1499 2845 non
1511 2818 1644 2846 doctrinm
1657 2823 1761 2846 tantum
1773 2839 1780 2850 ,

992 2873 1085 2893 veruti.
1112 2869 1139 2893 ct
1164 2872 1315 2900 pauperum
1339 2872 1422 2892 curre.
1448 2864 1780 2906 Quemadmodum‘cnim
