2056 3113
290 140 360 172 1555

879 141 910 171 S.
931 141 1090 171 JOANNIS
1107 142 1320 177 DAMASCENI

1855 151 1929 184 15:56

287 207 338 228 nos
349 219 356 231 ,
373 206 436 226 cum
453 197 588 234 pecunias
613 196 726 225 famulis
744 197 953 230 commisimus.
970 206 1069 226 omnen

1134 210 1179 236 ρια
1193 205 1249 235 τοῖς
1262 204 1383 235 οἰκέταις
1403 205 1627 240 ὲμπιστεύοντες,
1644 208 1771 235 ἁπάντων
1788 211 1926 237 ἀπαιτοῦ-

286 246 321 274 ab
337 246 378 273 eis
398 245 532 272 rationem
548 244 703 280 ﬂagitamus
719 254 726 272 :
745 245 785 273 sic
809 249 891 273 etiam
922 245 994 274 Deus
1013 254 1075 273 cum

285 298 430 320 sermones
447 298 513 319 suos
535 291 597 318 ﬁdei
621 296 725 319 nostra:
741 292 929 324 commiserit,
949 300 1077 328 expensa

285 338 418 366 rationem
436 337 569 372 requiret.

319 383 422 411 Iustini
440 383 547 410 adhort.
564 383 600 410 ad
617 382 693 411 Cent.
711 400 743 403 —
759 383 832 411 Fieri
859 391 914 411 nou
941 388 1031 420 potest
1047 388 1077 411 ut

285 429 334 465 qui
350 437 394 458 res
410 429 481 458 adeo
496 437 611 465 magnas
628 434 655 457 et
670 430 777 457 divinas
794 430 828 458 ab
846 430 880 457 iis
895 431 940 465 qui
958 438 1005 458 eas
1020 431 1077 458 cal-

285 479 359 511 lent,
384 477 499 505 minime
519 477 699 510 didicerunt.
720 481 767 504 aut
793 477 845 512 ipsi
870 485 917 504 eas
943 482 1075 510 noscant,

285 527 333 551 aut
349 523 413 551 aliis
432 527 508 551 recte
523 522 633 550 tradere
649 527 762 558 queant.

319 568 349 597 S.
369 568 439 596 Nili.
454 583 489 589 —-
504 568 633 596 Doctoris
661 568 799 603 imperitia
821 568 969 603 discipulis
992 569 1076 597 exitio

284 620 343 648 est,
359 620 388 643 et
403 614 607 650 discipulorum
624 613 752 642 socordia
770 613 905 649 magistro
921 614 1074 649 periculum

283 665 369 695 creat,
388 660 542 696 praesertim
565 659 588 688 si
607 660 694 695 ipsius
712 659 822 687 inscitia
843 659 907 692 fiat,
925 663 955 686 ut
973 659 1011 686 illi
1029 667 1075 688 so-

283 707 376 736 cordia
393 710 564 742 torpescant.

317 795 414 830 Ejusd.
425 810 460 816 —
472 793 651 830 Nequaquam
667 793 825 821 existiment
838 799 894 820 rem
905 799 965 820 eam
977 793 1074 820 remis-

282 841 371 869 sionis
385 840 471 868 animi
484 844 513 868 et
525 839 724 868 oblectationis
739 844 901 875 praetextum
912 846 984 866 esse.
998 838 1072 866 Nihil

281 887 356 915 enim
371 894 451 922 aeque
465 886 582 914 arduum
600 890 628 913 ct
646 886 814 914 laboriosum
831 889 891 917 est,
912 888 995 920 atque
1012 885 1073 912 ani~

280 934 334 961 tuis
357 933 506 968 imperare.
531 932 669 965 Quocirca
696 938 788 967 operm
813 931 933 967 pretium
947 935 990 959 est
1007 935 1036 958 ut
1053 930 1072 958 ii

280 979 328 1014 qui
345 979 378 1006 ad
395 979 447 1006 hoc
463 986 566 1006 munus
580 977 733 1010 accedunt,
747 977 863 1012 perinde
877 985 907 1004 se
920 977 1071 1012 inungant,

280 1030 412 1060 tanquam
429 1025 462 1052 ad
478 1031 563 1060 grave
579 1028 721 1052 certamen
737 1023 847 1058 aliquod
867 1023 1031 1058 ingressuri.

316 1071 415 1106 Ejusd.
427 1070 522 1104 —-Qui
537 1070 637 1099 scindit
653 1071 737 1105 ligna,
750 1070 958 1105 periclitabitur
977 1069 1003 1096 in
1020 1069 1070 1100 eis,

280 1117 303 1144 si
320 1116 426 1144 ferrum
442 1116 588 1145 exciderit.
606 1116 673 1144 Nam
690 1116 734 1152 qui
753 1124 881 1145 sermone
896 1123 940 1144 res
955 1116 1071 1148 dividit,

281 1162 334 1190 nisi
351 1169 508 1191 sermonem
527 1163 712 1198 undecunque
730 1162 909 1191 obfirmatum
928 1162 1070 1195 habuerit,

280 1209 352 1237 inter
366 1209 512 1238 audientes
526 1208 744 1245 periclitabitur,
760 1217 809 1244 per
823 1215 981 1237 sermonem
996 1209 1072 1236 vide-

280 1254 345 1283 licet
363 1255 508 1292 discipulis
524 1256 649 1283 scandali
666 1255 808 1283 materiam
825 1255 982 1291 porrigens.

315 1300 413 1336 Ejuad.
430 1318 463 1323 -—
483 1301 523 1329 Ne
550 1302 617 1329 illud
648 1302 729 1328 velim
756 1301 886 1336 ignores,
913 1301 1071 1337 complures

279 1348 424 1384 episcopos
441 1348 513 1383 ignis
531 1348 670 1375 fornacem
686 1351 833 1375 ornaturos
847 1354 918 1374 esse.

316 1394 414 1429 Ejusd.
427 1393 631 1429 ——Cujuslihet
656 1393 781 1429 episcopi
803 1400 834 1420 ac
854 1393 979 1432 doctoris
1000 1401 1071 1428 opus

280 1440 363 1475 quale
377 1440 430 1473 sit,
445 1439 632 1474 sempiternus
648 1439 722 1474 ignis
749 1440 889 1475 probabit.
916 1439 984 1467 Nam
1011 1441 1071 1468 dies

280 1485 328 1512 ille
344 1485 436 1512 omnia
454 1484 579 1519 detegel,
597 1488 624 1512 et
640 1486 787 1520 perspicua
813 1486 928 1518 reddet,
954 1486 1017 1521 quia
1042 1486 1069 1513 in

279 1531 342 1567 igne
359 1530 537 1559 revelabitur.

316 1576 413 1612 Ejusd.
428 1593 463 1598 —
479 1577 522 1605 An
541 1581 568 1604 te
583 1576 671 1612 fugit,
700 1578 848 1614 episcopos
871 1586 1070 1615 nonnunquam

278 1625 363 1652 etiam
378 1624 492 1652 exitium
506 1627 532 1651 et
546 1623 655 1651 ruinam
671 1624 783 1652 subire?

315 1669 414 1703 Ejusd.
427 1684 462 1689 —
472 1669 631 1697 Ahsurdum
645 1673 688 1697 est
702 1677 764 1698 eum
778 1670 825 1705 qui
841 1670 960 1699 honores
973 1678 1070 1699 conse-

281 1719 386 1748 ctatur,
409 1714 519 1743 labores
545 1714 676 1751 defugere
701 1715 804 1751 quibus
829 1717 951 1745 honores
976 1717 1070 1745 conci-

278 1761 394 1789 liantur.

315 1806 359 1834 Sit
373 1806 420 1834 illa
437 1807 484 1835 lex
495 1807 648 1835 constituta
664 1808 799 1836 adversus
814 1815 864 1836 eos
876 1809 923 1844 qui
938 1816 983 1837 res
1006 1816 1070 1836 san-

279 1858 338 1880 ctas
352 1856 379 1880 et
392 1852 499 1881 divinas
514 1861 570 1882 non
584 1857 680 1882 sancte
693 1857 778 1888 atque
793 1854 875 1890 digne
886 1854 942 1883 Deo
957 1863 1070 1884 cernere

279 1898 375 1926 volunt
410 1899 481 1927 unde
497 1899 565 1936 ipsls
578 1900 709 1928 caecitatis
723 1900 893 1935 supplicium
909 1901 1054 1930 inferatur.

418 1986 488 2015 ἸῚΤ.
507 1986 579 2015 XIX.
595 2002 630 2008 —
645 1987 684 2016 De
697 1988 924 2023 oppigneratione.

539 2048 547 2082 (
569 2047 650 2076 Deest
666 2047 692 2075 in
709 2049 800 2083 mss.)

277 2125 297 2152 Τ
301 2124 346 2152 IT.
360 2124 465 2164 Χχλ-
475 2124 516 2164 pe
529 2126 741 2164 concupiscentia
753 2134 762 2164 ς
775 2135 789 2154 ε
812 2127 882 2162 quod
900 2129 979 2157 malis
991 2130 1066 2164 cupi~

399 2160 530 2188 ditatibus
548 2161 656 2189 miniata
678 2163 712 2188 sit
736 2160 940 2198 obsequendum.

1133 257 1185 284 μεν
1207 249 1307 282 αὐτοὺς
1326 249 1422 285 λόγον’
1437 251 1524 284 οὕτως
1538 253 1584 280 καὶ
1597 254 1611 279 ὁ
1628 254 1694 285 Θεὸς
1712 255 1822 290 ῥήματα
1855 257 1926 291 ἡμῖν

1131 296 1332 330 ἐμπιστεύσας,
1348 297 1383 325 τὰ
1395 297 1480 325 αὐτοῦ
1510 298 1636 334 ζητήσει,
1654 300 1700 326 καὶ
1724 300 1773 335 τῆς
1796 302 1924 338 δαπάνης

1130 342 1176 368 τὸν
1193 342 1303 377 τρόπον.

1172 388 1316 416 Ἀδύνατον
1338 389 1372 416 τὰ
1400 389 1488 422 οὕτως
1514 391 1620 426 μεγάλα
1647 392 1694 419 καὶ
1718 392 1777 420 θεῖα
1800 392 1866 424 τοὺς
1879 393 1921 428 μὴ

1131 434 1263 470 πρότερον
1285 435 1362 471 παρὰ
1390 436 1444 463 τῶν
1469 437 1579 464 είδὸτων
1606 438 1817 474 μεμαθηκότας,
1834 440 1850 474 ὴ
1868 440 1922 465 αύ-

1129 482 1192 513 τοὺς
1221 481 1337 516 εἰδέναι,
1359 482 1376 517 ἢ
1402 482 1513 518 ἑτέρους
1544 483 1675 511 δύνασθαι
1700 485 1836 512 διδάσκειν
1866 487 1918 521 ὀρ-

1130 528 1195 560 θῶς.

1172 576 1204 602 Ἦ
1225 575 1273 602 τοῦ
1299 576 1460 603 διδασκάλου
1485 577 1599 612 ἀπειρία
1626 577 1757 605 ἀπόλλυσι
1779 578 1842 609 τοὺς
1867 585 1926 612 μα-

1129 622 1345 657 θητευομένους,
1361 623 1407 649 καὶ
1423 623 1439 657 ἡ
1459 623 1513 650 τῶν
1542 623 1770 658 μαθητευομένων
1800 622 1921 658 ἀμέλεια

1129 667 1251 695 κίνδυνον
1278 668 1355 704 φέρει
1369 668 1408 704 τῷ
1426 669 1598 704 διδασκάλῳ,
1628 669 1677 696 καὶ
1706 669 1824 704 μάλιστα
1851 669 1920 695 ὅταν

1129 714 1206 749 παρὰ
1222 713 1272 749 τὴν
1286 713 1369 741 αὑτοῦ
1390 715 1648 751 ἀνεπιστημοσύνην
1676 715 1824 751 ρᾳθυμοῐεν
1842 716 1920 741 ἐκεῖ-

1128 768 1179 786 νοι.

1163 805 1210 842 Μὴ
1222 805 1411 841 νομιζέτωσαν
1437 806 1557 837 ἀνέσεως
1574 806 1620 833 καὶ
1646 806 1822 839 ἀπολαύσεως
1846 805 1920 833 εἶναι

1127 853 1266 889 πρόφασιν
1276 853 1307 879 τὸ
1321 853 1450 888 πρᾶγμα.
1467 853 1582 879 Πάντων
1606 852 1660 888 γάρ
1688 852 1762 879 ἐστιν
1781 853 1916 880 ἐπιπονώ-

1127 908 1207 936 τερον
1235 899 1331 936 ᾶρχειν
1345 899 1451 935 ψυχῶν.
1467 899 1523 925 Καὶ
1537 898 1578 925 δεῖ
1596 899 1661 930 τοὺς
1673 898 1719 925 ἐπὶ
1731 898 1818 924 ταῦτα
1835 899 1912 933 ὲρχο·

1127 946 1223 982 μένους
1234 945 1397 981 ἀλείψασθαι
1409 945 1447 977 ὡς
1458 945 1527 980 πρὸς
1552 945 1645 979 ἀγῶνα
1665 944 1794 971 ἐπίπονον
1807 944 1922 971 51066.1-

1126 991 1230 1024 λοντας.

1161 1073 1265 1108 Σχίζων
1280 1072 1347 1106 ξύλα
1365 1071 1533 1100 κινδυνεύσει
1551 1073 1580 1099 ἐν
1592 1071 1697 1105 αὐτοῖς,
1713 1071 1760 1098 ἐὰν
1769 1071 1875 1107 ἐκπέσῃ
1887 1071 1920 1098 τὸ

1127 1119 1255 1155 σιδήριον.
1280 1119 1310 1146 '0
1324 1118 1380 1155 γὰρ
1406 1118 1517 1152 διαιρῶν
1549 1117 1587 1153 τῷ
1609 1118 1681 1153 λόγῳ
1695 1116 1730 1143 τὰ
1751 1116 1918 1151 πράγματα,

1126 1165 1173 1192 ἐὰν
1189 1166 1227 1201 μὴ
1243 1164 1415 1200 πανταχόθεν
1429 1164 1478 1200 ἔχῃ
1490 1163 1749 1199 προησφαλισμένον
1763 1162 1810 1189 τὸν
1822 1162 1918 1196 λὸγον,

1125 1211 1293 1238 κινδυνεύσει
1310 1212 1338 1238 ὲν
1350 1212 1407 1242 τοῖς
1422 1210 1564 1242 ἀκούουσι,
1576 1209 1726 1237 σκανδάλου
1741 1208 1868 1244 ἀφορμὴν
1878 1207 1921 1242 τῷ

1106 1290 1111 1295 ⁸
1125 1256 1198 1290 λόγῳ
1211 1257 1269 1287 τοῖς
1283 1255 1518 1291 μαθητευομένοις
1532 1255 1729 1291 παρεχόμενος.

1170 1303 1274 1329 Ἐκεῖνο
1288 1303 1326 1338 μὴ
1347 1303 1494 1339 ἀγνοήσῃς,
1515 1302 1555 1329 ὁτι
1572 1302 1665 1329 πολλοὶ
1682 1301 1738 1328 τῶν
1756 1300 1919 1328 ἐπισκόπων

1125 1349 1217 1384 ἔχουσι
1230 1348 1441 1384 κατακοσμῆσαι
1455 1348 1505 1384 τὴν
1520 1349 1634 1384 κάμινον
1644 1347 1692 1375 τοῦ
1712 1347 1808 1383 πυρός.

1163 1394 1296 1421 Ἐκάστου
1313 1394 1418 1430 ἱερέως,
1448 1394 1495 1421 καὶ
1520 1393 1682 1420 διδασκάλου
1710 1394 1740 1420 τὸ
1767 1393 1862 1430 ἔργον,
1885 1393 1914 1418 ὸ-

1125 1442 1201 1468 ποῖόν
1218 1441 1303 1472 ἐστιν,
1318 1440 1350 1467 τὸ
1376 1440 1432 1476 πῦρ
1452 1440 1595 1475 δοκιμάσει
1611 1440 1642 1466 τὸ
1659 1439 1779 1466 αἰώνιον.
1801 1439 1835 1466 Ἦ
1859 1440 1919 1474 γὰρ

1126 1485 1218 1521 ἡμέρα
1242 1485 1335 1520 ἐκείνη
1365 1485 1401 1512 τὰ
1427 1485 1517 1512 πάντα
1543 1484 1692 1519 ὲκκαλύῲει
1722 1485 1770 1512 καὶ
1798 1492 1918 1520 φανερο·

1124 1531 1245 1567 ποιήσει,
1261 1531 1330 1558 διότι
1344 1532 1373 1558 ὲν
1387 1531 1455 1566 πυρὶ
1463 1530 1735 1566 ἀποκαλυφθήσεται.

1163 1578 1221 1605 Οὐκ
1232 1575 1321 1610 οἶσθα,
1349 1578 1390 1605 ὅτι
1413 1578 1460 1604 καὶ
1480 1578 1627 1605 ἐπίσκοποι
1655 1586 1721 1609 ποτε
1750 1576 1917 1612 ὑφίστανται

1116 1625 1233 1660 νόλέθρου
1247 1625 1296 1652 καὶ
1308 1624 1470 1660 πτώματος;

1164 1670 1284 1697 Ἀτοπόν
1310 1672 1370 1697 ἐστι
1398 1670 1531 1697 διώκοντα
1543 1671 1592 1702 τὰς
1605 1669 1689 1705 τιμὰς
1700 1690 1708 1702 ,
1721 1670 1836 1704 φεύγειν
1850 1670 1916 1701 τοὺς

1122 1718 1221 1749 πόνους
1233 1717 1268 1744 δι’
1284 1713 1322 1744 ὧν
1336 1717 1364 1744 αἱ
1378 1717 1466 1752 τιμαί.

1153 1808 1246 1844 Νόμος
1263 1808 1334 1835 ἔστω
1349 1808 1421 1835 κατὰ
1437 1807 1491 1834 τῶν
1506 1808 1540 1834 τὰ
1554 1807 1641 1843 σεμνὰ
1656 1808 1702 1834 καὶ
1729 1807 1789 1834 θεῖα
1806 1806 1846 1841 μὴ
1867 1815 1916 1833 σε-

1122 1853 1207 1889 μνῶς,
1229 1854 1276 1881 καὶ
1290 1853 1451 1889 θεοπρεπῶς
1461 1854 1527 1889 ὁρᾷν
1542 1853 1701 1886 ἀξιούντων,
1722 1853 1836 1880 κόλασιν
1849 1853 1915 1879 ἑπι-

1121 1902 1215 1936 φέρειν
1231 1901 1372 1936 ὰορασίας.

1313 1991 1404 2019 TlTA.
1421 1992 1514 2019 ΙΘ’.-
1525 1990 1595 2024 Περὶ
1611 1990 1731 2025 ἐγγύης.

1393 2048 1494 2084 (Deest.
1504 2049 1530 2077 in
1545 2049 1625 2084 mss.)

1118 2128 1209 2156 ΤΙΤΛ.
1224 2127 1268 2156 κ’.
1286 2143 1319 2148 -
1335 2127 1404 2161 Περὶ
1416 2127 1575 2161 ἐπιθυμίας
1587 2135 1593 2141 ·
1609 2126 1656 2152 καὶ
1668 2125 1710 2152 ὃτι
1724 2125 1760 2151 οὺ
1771 2123 1819 2151 δεῖ
1830 2123 1914 2159 ’ἡμᾶς

1186 2160 1404 2196 ἐξακολουθεῖν
1419 2161 1483 2195 ταῖς
1491 2160 1638 2196 ,πονηραῖς
1657 2160 1837 2195 ἐπιθυμιαις.

313 2217 399 2245 Exod.
417 2226 450 2246 xx
461 2238 469 2250 .
487 2218 529 2246 l6.
539 2235 574 2239 —
585 2229 594 2246 ι
604 2219 664 2247 Non
678 2220 862 2256 concupisces
874 2229 987 2250 uxorem
1003 2231 1066 2258 pro-

1158 2231 1167 2248 ι
1188 2221 1245 2248 Οὐκ
1261 2220 1441 2255 ἐπιθυμήσεις
1458 2219 1508 2253 τὴν
1520 2219 1638 2253 γυναῖκα
1657 2217 1705 2244 τοῦ
1720 2217 1834 2252 πλησίον
1849 2225 1912 2248 σου,

275 2264 342 2290 ximi
356 2265 396 2291 tui
408 2284 415 2296 ,
429 2271 520 2299 neque
534 2264 646 2292 domum
657 2285 664 2297 ,
681 2274 732 2294 nec
746 2274 840 2302 agrum
851 2288 858 2300 ,
873 2275 924 2296 nee
937 2277 1046 2297 servum
1058 2291 1066 2303 ,

276 2317 328 2338 uec
345 2310 474 2338 ancillam
486 2330 494 2342 ,
511 2318 562 2338 ncc
576 2311 672 2338 lim-em
684 2333 692 2345 ,
710 2319 760 2340 nec
782 2313 890 2341 asinum
901 2335 908 2342 .
925 2323 976 2343 nec
1003 2316 1067 2344 uni-

275 2365 355 2386 versa
373 2366 432 2391 (una:
447 2357 524 2385 illius
539 2362 613 2386 sunt.
632 2367 642 2384 ι

312 2443 326 2470 Ῑ
344 2443 436 2471 Parui.
455 2452 481 2471 xl
493 2465 501 2477 ,
521 2445 612 2473 17-19.
627 2461 661 2466 -
675 2455 684 2472 ι
703 2446 874 2475 Desideravit
891 2448 976 2476 David
993 2449 1066 2478 desi-

275 2490 384 2518 derium
396 2511 405 2523 ,
421 2495 449 2517 et
463 2491 552 2519 dixit:
569 2492 639 2525 Quis
654 2493 731 2520 dabit
745 2495 812 2522 mihi
830 2499 923 2529 potqu
939 2504 1017 2531 aqua:
1032 2497 1066 2524 de

275 2538 398 2565 cisterna
412 2544 474 2572 quae
487 2541 531 2565 est
549 2538 576 2566 in
592 2538 756 2566 Bethleem?
772 2540 806 2567 Et
822 2547 991 2576 acceperunt
1008 2547 1065 2572 tres

276 2584 374 2614 fortes,
385 2588 414 2610 et
424 2588 560 2611 venerunt
573 2584 606 2611 ad
619 2584 715 2613 David.
727 2586 761 2613 At
775 2587 864 2613 uoluit
880 2595 941 2615 eam
957 2587 1064 2622 bibere,

274 2635 300 2657 et
316 2629 413 2656 libavit
429 2636 490 2656 eam
506 2630 633 2662 Domino,
648 2634 676 2657 et
692 2630 729 2657 ait
743 2640 749 2658 :
764 2630 903 2666 Propitius
920 2633 956 2667 sit
972 2633 1065 2661 Domi-

274 2683 339 2708 nus,
366 2684 400 2702 ne
413 2675 512 2702 faciant
529 2675 581 2703 hoc
591 2695 599 2709 ,
612 2676 694 2711 519
706 2677 727 2703 si
744 2678 906 2712 sattguinem
921 2679 1063 2708 hominum

275 2720 392 2747 istorum
415 2722 463 2756 qui
485 2721 600 2755 profecti
623 2728 688 2750 sunt
713 2723 741 2750 in
767 2724 923 2752 animarum
949 2734 1062 2754 suarum

275 2764 442 2800 periculum,
458 2768 563 2796 hibero.
584 2778 593 2793 ι

275 2853 292 2880 h
311 2809 389 2838 Prov.
418 2821 477 2845 xm,
508 2815 548 2841 l2.
569 2831 602 2835 ——
621 2825 629 2841 ι
660 2815 776 2850 Liguum
805 2817 864 2845 vilic
894 2818 1060 2847 desidetiunt

295 2863 387 2880 unum,
406 2867 416 2880 ι

295 2863 388 2884 υΙΙυΙΙὶ,
406 2867 416 2882 ι

1119 2268 1182 2295 οὔτε
1196 2267 1244 2303 τὴν
1255 2267 1355 2299 οἰκίαν,
1367 2265 1429 2293 οὔτε
1454 2265 1499 2292 τὸν
1526 2264 1628 2300 ἀγρὸν,
1656 2263 1719 2290 οὔτε
1742 2263 1788 2290 τὸν
1815 2263 1912 2293 παῖδα,

1118 2314 1181 2342 οὔτε
1207 2314 1257 2349 τὴν
1283 2313 1446 2347 παιδίσκην,
1475 2311 1537 2338 οὒτε
1555 2311 1602 2338 τοῦ
1629 2310 1690 2345 βοὸς
1716 2308 1799 2337 αὑτοῦ
1815 2329 1823 2341 ,
1846 2308 1913 2335 οὔτε

1118 2361 1165 2388 τοῦ
1180 2360 1326 2395 ὑποζυγίου
1342 2359 1434 2393 αὐτοῦ,
1447 2358 1509 2386 οὕτε
1535 2358 1589 2385 πᾶν
1613 2358 1664 2384 ὅσα
1677 2355 1717 2392 τῷ
1732 2355 1846 2391 πλησίον
1862 2355 1912 2382 σού

1118 2408 1202 2435 ἐστιν.
1222 2417 1232 2433 ι

1158 2463 1168 2480 ι
1190 2453 1365 2488 Ἐπεθὺμησε
1382 2451 1463 2478 Δαϐὶδ
1490 2449 1648 2484 ἐπιθυμίαν,
1671 2449 1718 2476 καὶ
1746 2446 1842 2475 εἶπεν·
1863 2448 1913 2480 Τίς

1117 2500 1206 2527 ποτιεῖ
1235 2507 1268 2534 με
1281 2498 1351 2534 ὓδωρ
1378 2498 1410 2524 ὲκ
1435 2496 1483 2523 τοῦ
1509 2496 1623 2527 λάκκου,
1647 2493 1695 2520 τοῦ
1715 2494 1744 2520 ὲν
1764 2493 1912 2529 Βηθλεὲμς

1117 2546 1172 2573 Καὶ
1187 2545 1283 2572 ἔλαϐον
1296 2545 1320 2572 οἱ
1332 2545 1408 2580 τρεῖς
1431 2542 1555 2575 δυνατοὶ,
1568 2542 1615 2568 καὶ
1630 2539 1816 2576 παρεγένοντο
1841 2540 1912 2574 πρὸς

1116 2593 1215 2620 Δαϐίδ’
1229 2592 1277 2620 καὶ
1306 2591 1356 2618 οὐκ
1383 2589 1496 2624 ἐθέλησε
1516 2589 1587 2615 πιεῖν
1615 2587 1692 2619 αὐτὸ,
1709 2586 1758 2613 καὶ
1780 2585 1912 2612 ἔσπεισεν

1115 2639 1181 2666 αὐτὸ
1198 2639 1236 2673 τῷ
1247 2637 1351 2673 Κυρίῳ,
1374 2636 1421 2662 καὶ
1435 2632 1511 2661 εἶπεν
1527 2642 1534 2649 ·
1552 2632 1644 2664 Ἵλεώς
1662 2641 1721 2667 μοι,
1739 2633 1842 2669 Κύριε,
1863 2631 1913 2659 τοῦ

1117 2687 1227 2720 ποιῆσαι
1242 2684 1330 2715 τοῦτο,
1353 2683 1375 2709 εἰ
1389 2679 1458 2716 αἷμα
1469 2680 1523 2706 τῶν
1554 2679 1710 2714 ἀνθρώπων
1725 2679 1784 2707 τῶν
1811 2687 1913 2715 πορευ-

1115 2733 1215 2759 θέντων
1231 2731 1260 2757 ἐν
1274 2731 1334 2761 ταῖς
1348 2729 1448 2764 ψυχαῖς
1463 2727 1554 2754 αὐτῶν
1569 2725 1678 2761 πίομαι.

1157 2833 1160 2846 ι
1178 2821 1292 2855 Δένδρον
1310 2819 1380 2855 ζωῆς
1397 2819 1529 2854 ἐπιουμῖα
1546 2817 1644 2851 ἀγαθή.
1665 2825 1674 2842 t
