2056 3113
794 151 912 183 SACRA
931 147 1163 181 PARALLELA.

1725 133 1793 165 1558

196 233 205 249 t
231 222 334 250 Ὀπίσω
354 221 409 247 τῶν
432 197 586 254 ἐπιθυμιῶν
613 224 660 242 σου
687 215 725 250 μὴ
747 212 877 248 πορεύου,
905 209 977 238 xuii

1043 205 1126 233 Eccli.
1146 211 1223 235 xvttt,
1242 201 1287 229 30.
1303 216 1319 221 ~
1351 209 1360 226 t
1378 199 1445 226 l‘ost
1471 194 1714 231 concupiscentias
1733 196 1795 219 tuas

159 270 214 297 άπὸ
227 269 281 296 τῶν
297 265 417 303 ὀρέξεὼν
435 273 484 291 σου
499 262 616 291 κωλύου.
631 271 640 287 ι

198 325 208 342 t
229 312 404 349 Ῥεμὸασμὺς
435 309 585 345 ἐπιθυμίας
609 305 767 344 μεταλλεύει
797 303 860 332 νοῦν
886 303 955 330 ἄκα-

163 369 222 389 κον.
244 371 253 387 ι

201 417 210 433 t
232 407 280 437 ’ος
296 405 344 432 ἐὰν
363 404 405 439 ἴδῃ
420 403 538 438 γυναῖκα
552 401 620 436 πρὸς
630 400 660 427 τδ
672 399 842 434 ἐπιθυμῆσαι
859 396 955 432 αὐτὴν,

164 452 214 488 ἠδη
229 450 389 487 ἐμοίχευσεν
399 447 485 482 αὐτὴν
500 449 528 474 ἐν
541 447 573 482 τῇ
586 446 686 481 καρδίᾳ
698 445 792 473 αὑτοῦ.
809 454 818 470 ι

204 552 213 568 t
233 541 290 568 Πᾶν
305 539 336 566 τὸ
359 539 388 566 ἐν
413 538 453 573 τῷ
470 537 566 572 κόσμῳ
582 537 599 572 ἢ
623 534 756 570 ἐπιθυμία
771 534 819 568 τῆς
847 531 957 567 σαρκὶις,

166 589 213 616 καὶ
225 589 242 623 ἠ
256 585 391 620 ἐπιθυμία
407 584 463 611 τῶν
477 582 637 618 ὀφθαλμῶν,
656 581 703 608 καὶ
718 581 735 616 ἡ
753 578 898 611 ἀλαζονεία
912 577 959 604 τοῦ

169 635 240 670 βίου,
251 634 268 668 ἢ
283 633 334 660 οὐκ
347 631 422 658 ἐστιν
432 631 466 658 ἐκ
476 628 524 656 τοῦ
542 628 660 664 nam,
675 627 733 654 ἀλλ’
749 627 781 654 ὲκ
793 625 840 653 τοῦ
857 625 960 660 κόσμου

169 681 254 707 ἐστίν.
275 688 284 705 ι

208 737 217 752 ι
239 724 396 760 Παρακαλῶ
412 723 484 759 ὑμᾶς
499 722 536 754 ὡς
561 721 713 757 παροίκους
738 719 785 746 καὶ
809 709 963 754 παρεπιδή-

172 781 238 807 μους
262 770 416 807 ἀπέχεσθαι
435 769 490 796 τῶν
516 767 657 804 σαρκικῶν
678 765 843 802 ἐπιθυμιῶν,
863 765 963 795 αἵτινες

171 817 358 854 πρωτεύονται
372 815 443 843 κατὰ
455 815 505 850 τῆς
518 814 617 849 ψυχῆς.
633 822 643 839 ι

211 873 221 890 ‹
243 862 314 898 Ἐγὼ
329 863 344 889 ὁ
362 860 534 897 δημιουργὸς
553 859 667 892 ἐνέταξα
682 857 721 893 τῷ
738 857 879 892 πλάσματι
902 857 964 883 ἐπι-

174 910 285 945 θυμίαν,
298 908 346 936 καὶ
358 907 389 934 οὐ
400 907 431 934 τὸ
443 905 557 941 φυσικὸν
571 905 675 940 κίνημα
684 903 830 931 διαδάλλω.
843 903 881 929 Οὐ
894 901 966 936 λέγω

174 958 230 991 γάρ
240 964 246 970 ·
262 955 319 983 Οὐκ
332 954 523 989 ἐπιθυμήσεις.
539 952 597 979 Οὺκ
613 950 729 979 ἀνασπῶ
742 950 789 977 τοῦ
805 949 897 981 καλῶς
913 957 965 982 φυ-

175 1002 319 1032 τευθέντος
331 1000 381 1035 τὴν
397 999 488 1035 ῥίζαν,
503 997 570 1024 ἀλλὰ
586 996 634 1023 τοῦ
652 995 858 1032 προφθαρέντος
882 993 966 1029 φυτοῦ

176 1049 210 1076 τὰ
225 1048 292 1076 νόθα
314 1045 426 1082 πρέμνα
445 1044 579 1073 κλαδεύω.
595 1043 632 1070 Οὐ
650 1043 722 1077 λέγω
743 1040 790 1069 οὖν
804 1041 853 1077 τὴν
874 1040 968 1068 ἐπιθυ-

179 1095 245 1130 μίαν
260 1093 347 1129 αὐτὴν
364 1091 487 1127 ἐξορίσαι
500 1091 550 1125 τῆς
569 1089 672 1125 ψυχῆς,
688 1088 757 1115 ἀλλὰ
784 1087 831 1114 τοῦ
849 1086 968 1122 μαχικοῦ

179 1140 282 1171 πάθους
291 1139 342 1170 τὰς
359 1137 544 1174 παραφυάδας
557 1136 598 1162 ἔτι
614 1134 817 1170 βλαστανούσας
830 1133 968 1160 ἐκκόπτει).

180 1187 228 1218 Τίς
243 1187 276 1222 τῇ
299 1185 369 1220 καλῇ
384 1185 491 1221 ἀρούρᾳ
506 1183 615 1217 ζιζάνια
637 1181 837 1217 παρασπείρει;
855 1181 971 1215 Σπέρμα

180 1232 264 1259 καλὸν
287 1231 420 1266 ἔσπειρα·
447 1228 530 1256 πόθεν
553 1227 608 1255 τῶν
648 1227 778 1259 ζιζανίων
802 1228 816 1253 ὁ
841 1226 970 1261 ὅλεθροςς

181 1278 321 1314 ἕκτριψον,
341 1276 476 1312 πάτησον,
493 1274 644 1307 ἀπόπνιξον
660 1274 691 1300 τὸ
705 1274 818 1309 σπέρμα
838 1273 869 1299 τὸ
887 1280 971 1307 πονη-

183 1325 240 1360 ρὸν,
269 1325 317 1351 καὶ
343 1323 375 1351 οὐ
398 1323 523 1354 πονέσεις
548 1320 732 1357 άδρυνομένου
762 1319 810 1346 τοῦ
839 1318 970 1351 ζιζανίου.

182 1370 245 1404 Πίῖς
267 1370 302 1397 δὲ
323 1370 357 1403 ὃς
380 1370 435 1396 ἐὰν
453 1368 590 1403 ἐμϐλέψῃ
614 1365 736 1402 γυναικὶ
756 1365 832 1399 πρὸς
847 1365 879 1391 τὸ
906 1364 972 1391 ἐπι-

183 1415 318 1450 θυμῆσιιι
334 1415 441 1448 αὐτὴν,
469 1413 529 1448 ἤδη
547 1413 727 1448 ἐμοίχευσεν
754 1410 853 1445 αὐτὴν
881 1411 916 1438 ἐν
936 1410 973 1444 τῇ

183 1462 290 1496 καρδίᾳ
305 1461 409 1489 αυτοῦ.

221 1508 327 1542 ’Ὠσπερ
353 1506 393 1541 τῷ
421 1505 545 1541 στρουθῷ
559 1505 614 1531 τῶν
636 1503 745 1538 πτερῶν
773 1503 870 1538 ὄφελος
897 1502 975 1529 οὐδὲν

185 1554 238 1580 ὑπὸ
248 1554 298 1588 τῆς
311 1552 425 1586 παγίδος
438 1552 540 1584 ἁλόντι,
553 1551 611 1577 ἀλλ’
625 1550 687 1585 εἰκῆ
705 1550 750 1576 καὶ
767 1549 858 1585 μάτην
874 1548 975 1583 πτερὺ-
989 1557 1013 1588 c

187 1606 280 1626 σεταιο
295 1597 366 1625 οὕτω
390 1597 439 1624 καὶ
462 1596 582 1624 ἐπὶτῶν
605 1595 743 1629 λογισμῶν
767 1594 844 1622 οὐδὲν
868 1594 975 1629 ὄφελος,

186 1645 234 1672 ἐὰν
249 1644 320 1672 κατὰ
337 1643 437 1679 κράτος
451 1643 505 1669 ὑπὸ
518 1642 568 1678 τῆς
578 1642 700 1678 πονηρᾶς
714 1637 863 1676 ἐπιθυμίας
872 1641 975 1674 ἁπλῶς,

187 1691 244 1717 ἀλλ’
261 1691 311 1717 ὅσα
331 1689 380 1716 ἐὰν
407 1689 570 1724 σκιρτήσῃς,
595 1688 693 1719 ἐάλως.
712 1687 762 1714 Διὰ
786 1686 866 1713 τοῦτο
889 1687 977 1721 πτερὰ

187 1736 243 1766 τοῖς
270 1733 431 1770 στρουθίοις,
461 1733 505 1760 ἵνα
528 1732 637 1768 ἐκφύγῃ
665 1731 799 1764 παγίδας·
826 1731 871 1758 διὰ
900 1731 979 1758 τοῦτο

188 1781 313 1816 λογισμοὶ
329 1781 385 1812 τοῖς
404 1778 571 1815 ἀνθρώποις,
588 1779 632 1806 ἵνα
643 1777 785 1813 ἐκφύγωσι
799 1777 834 1804 τὰ
851 1777 978 1813 ἁμαρτή-

190 1835 274 1863 ματα.

207 1884 298 1912 ΤΙΤΛ.
319 1884 385 1912 KA'.
408 1898 442 1903 —
465 1883 535 1916 Περὶ
561 1881 711 1909 ἑκουσίων
733 1883 782 1910 καὶ
809 1881 964 1909 ἀκουσίων

466 1917 695 1952 ἁμαρτημάτων.

229 1977 238 1994 ι
263 1967 326 1994 Ἐάν
353 1965 464 2000 πατάξῃ
478 1965 522 1996 τίς
547 1972 620 1997 τινα,
638 1963 685 1990 καὶ
712 1962 849 1999 ἀποθάνῃ,
874 1961 983 1997 θανάτῳ

190 2012 378 2041 θανατούσθω.
392 2011 422 2038 '0
435 2011 465 2038 δὲ
479 2011 528 2046 οὐχ
544 2010 626 2043 ἑκὼν,
641 2010 699 2037 ἀλλ’
714 2011 728 2036 ὁ
742 2009 809 2041 Θεὸς
825 2009 984 2044 παρέδωκεν

191 2060 231 2090 είς
245 2059 296 2090 τὰς
310 2058 407 2093 χεῖρας
419 2056 515 2090 αὑτοῦ,
538 2056 617 2083 δώσω
632 2065 674 2082 σοι
696 2055 788 2088 τόπον,
807 2051 838 2082 οὗ
854 2054 984 2090 φεύξεται

192 2105 251 2131 ἐκεῖ
263 2104 277 2131 ὁ
288 2103 434 2138 φονεύσας.
451 2111 460 2128 ι

233 2205 242 2220 ι
266 2194 386 2226 Ἐκεῖνος
404 2194 419 2220 ὁ
439 2193 533 2226 δοῦλος
548 2193 563 2219 ὁ
586 2193 667 2227 γνοὺς
687 2191 717 2218 τὸ
737 2191 844 2226 θέλημα
866 2189 913 2217 τοῦ
938 2199 988 2218 κυ-

1006 261 1041 281 ne
1060 253 1152 284 abeas,
1169 253 1196 278 et
1212 256 1227 276 a
1245 249 1389 276 voluntate
1406 249 1452 272 tua
1466 247 1600 272 avertere.
1622 251 1631 268 ι

1042 299 1105 333 Sap.
1123 305 1160 329 iv,
1176 296 1262 323 11—
1282 304 1291 320 ι
1307 293 1438 329 Evagatio
1454 287 1691 324 concupiscentia:
1710 290 1797 314 tratu-

1008 346 1061 374 [οι-ι
1074 348 1205 372 tuentem.
1224 351 1233 368 I

1043 390 1141 419 Matth.
1162 398 1190 423 ν,
1207 388 1254 416 ‘28.
1268 403 1303 409 -
1320 395 1330 412 t
1347 386 1444 413 Omnis
1469 384 1516 420 qui
1536 382 1636 410 viderit
1652 379 1798 407 mulierem

1009 438 1043 465 ad
1059 433 1316 471 concupiscendum
1330 439 1403 464 eam,
1423 431 1481 466 jam
1504 428 1660 457 moechatus
1677 428 1721 453 est
1736 430 1797 452 eam

1009 485 1036 512 in
1053 483 1138 512 corde
1152 489 1213 511 suo.
1234 490 1244 507 ι

1045 529 1057 556 1
1076 528 1160 556 Ιοαη.
1186 535 1217 560 ιι,
1233 526 1275 554 l6.
1288 540 1322 547 —-
1335 534 1344 551 ι
1360 523 1447 552 Omne
1467 521 1540 557 quod
1565 520 1596 547 in
1620 517 1722 546 tnundo
1736 518 1777 543 est
1791 533 1799 546 .

1011 581 1059 603 aut
1073 580 1117 604 cst
1133 571 1363 609 concupiscentia
1379 569 1474 598 carnis
1485 589 1492 601 ,
1510 573 1555 596 aut
1572 561 1800 599 concupiscentia

1011 623 1175 654 oculorum,
1206 624 1253 648 aut
1277 617 1405 654 superbia
1431 616 1494 643 vitae
1509 636 1515 648 ,
1534 622 1596 650 qua:
1624 619 1679 639 non
1703 613 1745 638 est
1768 616 1802 636 ex

1013 669 1095 696 l‘atre
1107 688 1115 700 ,
1133 667 1181 696 sed
1193 675 1226 694 ex
1247 665 1349 693 mundo
1364 666 1416 691 est.
1435 671 1444 687 ι

1049 714 1062 741 1
1077 713 1153 742 Petr.
1168 721 1197 745 ιι,
1213 712 1258 739 ll.
1270 726 1303 732 -—
1319 720 1328 737 ‹
1345 709 1468 737 Obsecro
1481 714 1542 739 vos,
1569 709 1702 738 tanquam
1719 702 1803 728 adve-

1014 767 1065 787 nas
1081 763 1108 787 et
1122 757 1286 794 peregrinos
1297 778 1304 788 ,
1319 755 1464 783 abstinere
1479 759 1528 779 vos
1548 759 1563 778 a
1580 747 1742 776 carnalibus
1759 745 1806 773 dc<

1015 804 1147 837 sideriis,
1164 811 1226 838 qua:
1242 804 1366 838 praesunt
1381 800 1515 827 adversus
1532 795 1665 823 animam.
1682 802 1691 819 ι

1051 851 1080 879 S.
1102 851 1241 886 Cltrysost.
1257 865 1291 870 η-
1304 847 1360 883 Ego
1378 845 1471 884 opifex
1487 844 1621 879 ligmcnto
1640 847 1700 869 meo
1723 845 1806 874 appe-

1017 898 1097 925 titum
1125 882 1423 929 indidi;'proindeque
1442 888 1597 916 naturalem
1623 888 1728 912 motum
1755 883 1807 909 mi-

1019 943 1093 971 nime
1107 940 1252 969 criminor.
1282 938 1375 973 Neque
1394 936 1469 964 enim
1496 934 1569 966 dico,
1591 931 1653 959 Non
1676 927 1809 963 concupi-

1019 996 1092 1017 sces.
1107 986 1168 1014 Non
1192 986 1252 1021 eius
1280 982 1354 1019 quod
1375 986 1449 1010 recte
1478 984 1570 1007 satum
1598 977 1667 1010 fuit,
1687 975 1809 1003 radicem

1020 1033 1132 1067 avello;
1147 1019 1244 1060 verum
1265 1027 1439 1057 adulterinas
1458 1027 1596 1059 corruptae
1614 1021 1710 1057 stirpis
1726 1019 1810 1046 ﬁbras

1021 1079 1093 1108 elido
1108 1084 1192 1114 atque
1207 1080 1331 1112 amputo.
1343 1074 1403 1102 Non
1420 1073 1472 1100 hoc
1489 1071 1552 1098 dico
1566 1073 1596 1096 ut
1611 1067 1812 1101 concupiscen-

1021 1127 1088 1154 tiam
1113 1111 1308 1159 etstirpesiex
1337 1120 1450 1151 animo;
1476 1117 1524 1145 sed
1545 1115 1646 1151 spuria:
1657 1111 1812 1141 all‘cctionis

1023 1157 1209 1208 pullulanles‘
1233 1169 1325 1196 adhuc
1363 1166 1488 1194 stolones
1528 1161 1673 1190 exscindo.
1712 1157 1814 1193 Ecquis

1023 1219 1135 1254 optima:
1158 1216 1251 1244 telluri
1282 1213 1386 1241 zizania
1412 1209 1560 1245 inspersit?
1580 1208 1687 1235 Bonum
1718 1210 1813 1231 semen

1025 1263 1171 1296 scminavi,
1195 1261 1270 1289 unde
1291 1259 1409 1288 exitiosa
1435 1256 1543 1284 zizania
1567 1250 1815 1289 prodicrunt?cx-

1025 1316 1101 1344 tere,
1129 1308 1278 1344 proculca.
1307 1304 1428 1341 praefoca
1448 1309 1542 1331 semen
1569 1299 1690 1328 malum,
1707 1299 1734 1323 et
1762 1301 1815 1322 non

1025 1357 1079 1385 erit
1094 1364 1144 1384 cur
1160 1352 1357 1383 crescentibus
1377 1349 1491 1377 zizaniis
1518 1347 1638 1374 labores.
1660 1343 1818 1377 Quicunque

1026 1402 1190 1437 conspexerit
1203 1400 1339 1427 mulierem
1354 1397 1388 1423 ad
1414 1390 1653 1428 concupiscendam
1675 1396 1745 1419 cam,
1755 1387 1814 1421 jam

1027 1449 1171 1478 ntazchatus
1187 1451 1225 1475 est
1244 1454 1302 1474 eam
1322 1445 1349 1471 in
1370 1441 1448 1470 corde
1466 1448 1514 1468 suo
1529 1437 1645 1474 (Matth.
1660 1444 1688 1466 ν.
1700 1433 1766 1469 28).

1063 1494 1110 1522 Uti
1139 1499 1282 1528 passerem
1303 1490 1373 1518 nihil
1389 1495 1485 1524 penna:
1504 1486 1619 1521 juvant,
1640 1489 1703 1509 cum
1720 1480 1818 1514 laqueo

1029 1542 1199 1574 interceptus
1227 1541 1286 1568 est,
1306 1536 1352 1563 sed
1377 1534 1481 1561 frustra
1505 1535 1588 1565 atque
1614 1529 1755 1555 incassum
1772 1532 1821 1552 eas

1027 1587 1098 1623 gerit
1118 1571 1190 1613 z-ita
1218 1589 1270 1610 nec
1303 1580 1354 1608 tibi
1385 1579 1535 1614 quidquam
1565 1575 1680 1610 prodest
1707 1571 1816 1599 ratione

1028 1632 1173 1669 prteditum
1197 1635 1283 1661 esse,
1315 1626 1338 1654 si
1370 1625 1405 1653 ab
1433 1622 1559 1658 improba
1592 1617 1821 1654 concupiscentia

1029 1667 1218 1714 expugnaris;
1249 1673 1296 1702 sed
1330 1670 1536 1708 quantumlibet
1570 1667 1696 1697 saltitcs,
1722 1669 1821 1698 captus

1031 1730 1128 1753 tamen
1145 1722 1262 1751 teneris.
1285 1720 1352 1747 Eum
1369 1718 1404 1746 ob
1420 1724 1478 1744 rem
1496 1713 1658 1750 passeribus
1674 1711 1723 1738 alte
1736 1713 1821 1742 sunt,

1031 1772 1134 1807 quibus
1160 1770 1278 1804 laqueos
1304 1766 1410 1798 vitent;
1436 1763 1543 1790 idcirco
1558 1760 1642 1789 etiam
1659 1756 1822 1786 hominibus

1032 1818 1106 1845 inest
1125 1815 1196 1844 ratio
1207 1835 1215 1848 ,
1229 1820 1285 1849 qua
1302 1814 1416 1848 peccata
1431 1807 1576 1844 etTugiant.

1033 1873 1100 1901 Tl'l‘.
1118 1871 1190 1900 XXI.
1215 1885 1250 1892 —-
1269 1870 1306 1911 pe
1321 1867 1537 1911 pecuniamque:
1557 1868 1613 1891 tum
1632 1866 1741 1897 sponte,
1769 1865 1823 1888 tum

1271 1905 1353 1932 invite
1366 1905 1582 1929 comminantur.

1073 1953 1160 1981 Exod.
1190 1959 1247 1982 xu,
1263 1950 1307 1978 ιο.
1325 1965 1359 1970 -
1378 1958 1387 1974 t
1407 1947 1436 1975 Si
1455 1946 1520 1982 quis
1544 1944 1665 1979 aliquem
1679 1949 1826 1978 percusso»

1034 2001 1091 2034 rit,
1120 1999 1167 2035 qui
1197 2001 1325 2025 tnortuus
1358 1994 1458 2026 fuerit,
1485 1995 1573 2019 morte
1601 1990 1747 2017 moriatur.
1773 1987 1826 2020 Qui

1036 2050 1128 2075 autem
1142 2052 1197 2072 non
1215 2046 1316 2078 sponte
1332 2062 1339 2075 ,
1367 2040 1415 2068 sed
1435 2047 1497 2067 cum
1514 2037 1586 2066 Deus
1601 2034 1747 2063 tradiderit
1762 2040 1826 2061 eum

1037 2093 1065 2121 in
1094 2098 1195 2119 manus
1215 2097 1303 2117 suas:
1330 2087 1403 2115 dabo
1429 2086 1453 2114 ei
1475 2085 1586 2116 locutu,
1608 2089 1664 2118 quo
1680 2080 1767 2117 fugiat
1781 2079 1828 2107 ille

1038 2139 1085 2176 qui
1105 2136 1251 2166 occiderit.
1272 2143 1282 2161 ι

1076 2184 1141 2211 Luc.
1158 2190 1208 2215 xtl,
1231 2180 1277 2208 47.
1292 2195 1326 2200 --
1343 2188 1352 2204 t
1371 2177 1417 2205 llle
1448 2184 1546 2205 servus
1566 2174 1613 2210 qui
1631 2172 1760 2208 cognovit
1779 2179 1828 2198 vo-

198 2239 256 2274 ρίου
274 2238 369 2271 αὐτοῦ,
384 2239 432 2266 καὶ
448 2239 485 2274 μὴ
506 2218 635 2273 ποιήσας,
655 2218 812 2273 θαρήσεταίι
823 2235 935 2268 πολλάς.
956 2235 977 2262 't

1039 2232 1174 2260 luntatem
1189 2226 1296 2256 domini
1309 2224 1364 2258 sui,
1383 2228 1411 2252 et
1426 2231 1481 2251 non
1493 2222 1571 2255 fecit,
1585 2220 1674 2256 plagis
1691 2218 1830 2254 vapulabit

196 2284 224 2311 δὲ
240 2284 278 2320 μὴ
293 2285 385 2318 γνοὺς,
401 2284 552 2320 δαρήσεται
569 2283 673 2317 ὀλίγας.
692 2292 700 2308 ι

235 2340 246 2357 ί
260 2331 348 2365 Χάριν
372 2329 428 2364 ἔχω
448 2328 488 2364 τῷ
509 2327 729 2364 ἐνδυναμώσαντί
745 2337 780 2364 με
800 2328 923 2364 Χριστῷ,
947 2328 988 2354 ὄτι

197 2375 297 2404 πιστόν
310 2384 345 2411 με
363 2376 497 2410 ἡγήσατο,
515 2374 630 2409 θέμενος
649 2375 689 2406 εἰς
704 2374 754 2409 τὴν
780 2373 920 2401 διακονίαν
943 2373 989 2400 τὸν

200 2422 334 2457 πρότερον
358 2421 424 2448 ὄντα
447 2420 618 2455 βλάσφημον,
633 2420 680 2446 καὶ
699 2418 829 2455 διώκτην,
849 2419 896 2446 καὶ
911 2418 990 2454 ὑδρι-

201 2468 267 2503 στήν
277 2475 286 2485 ·
301 2466 359 2494 ἀλλ’
373 2465 506 2501 ἠλεήθην,
517 2466 558 2493 ὅτι
573 2465 679 2500 ἀγνοῶν
689 2464 806 2500 ἐποίησα
820 2465 849 2491 ἐν
863 2463 990 2499 ἀπιστίᾳ.

206 2512 444 2549 Ὑπερεπλεὸνασε
462 2511 492 2539 δὲ
516 2513 533 2547 ὴ
553 2511 632 2548 χάρις
657 2511 705 2538 τοῦ
720 2510 824 2546 Κυρίου
851 2509 922 2545 μετὰ
945 2509 992 2535 πί-

203 2569 298 2593 στεως,
315 2560 363 2588 καὶ
377 2559 489 2594 ἀγάπης
501 2558 551 2594 τῆς
566 2559 595 2584 ἐν
608 2558 720 2593 Χριστῷ
738 2556 839 2592 Ἰησοῦ.
857 2566 866 2582 ι

243 2699 254 2717 ι
272 2690 422 2723 Ἑκουσίως
437 2689 651 2726 ἁμαρτανόντων
666 2688 745 2725 ἡμῶν
761 2687 830 2723 μετὰ
851 2687 882 2714 τὺ
902 2685 994 2713 λαϐεῖν

204 2739 254 2774 τὴν
269 2738 417 2772 ἐπίγνωσιν
430 2738 480 2773 τῆς
499 2736 640 2772 ἀληθείας,
656 2735 747 2762 οὐκέτι
770 2733 835 2769 περὶ
852 2733 995 2770 ἁμαρτιῶν

205 2783 384 2810 ἀπολείπεται
399 2783 490 2816 θυσία,
505 2781 608 2818 φοϐερὰ
629 2781 657 2808 δὲ
683 2789 725 2812 τις
747 2779 846 2815 ἐκδοχὴ
867 2779 994 2815 γρὶσεως,

207 2830 254 2856 καὶ
279 2829 365 2864 πυρὸς
396 2829 476 2865 ζῆλος
501 2828 602 2856 ἐσθίειν
621 2827 764 2863 μέλλοντος
789 2826 853 2858 τοὺς
879 2825 995 2853 ὑπεναν-

206 2877 291 2909 τίους.
311 2886 319 2902 ι

1039 2275 1143 2304 multis.
1161 2273 1213 2307 Qui
1227 2277 1317 2300 autent
1331 2278 1386 2298 non
1396 2268 1537 2305 cognovit,
1553 2266 1694 2302 vapulabit
1705 2265 1828 2301 paucis.»

1076 2321 1090 2348 1
1112 2321 1181 2348 Tim.
1200 2327 1218 2352 ι,
1235 2317 1327 2345 ‘12-“.
1338 2332 1374 2337 -—
1386 2325 1395 2342 t
1411 2315 1522 2343 Gratias
1534 2321 1585 2349 ago
1601 2312 1626 2341 ei
1644 2312 1690 2347 qui
1707 2318 1751 2338 me
1764 2317 1831 2338 con-

1041 2368 1144 2399 fortat,
1169 2365 1300 2396 Christo,
1325 2362 1391 2399 quia
1420 2361 1527 2389 ﬁdelem
1563 2367 1607 2387 me
1639 2355 1831 2388 existimavit,

1042 2420 1149 2450 ponens
1171 2412 1198 2439 in
1217 2409 1374 2438 ministerio
1385 2429 1393 2442 ,
1409 2408 1457 2444 qui
1480 2407 1559 2443 prius
1575 2404 1756 2440 blasphetnus
1773 2402 1811 2429 fui
1822 2421 1831 2434 ,

1041 2449 1069 2488 et
1083 2461 1257 2494 persecutor,
1283 2459 1310 2484 et
1336 2454 1572 2486 contumeliosus;
1598 2450 1646 2480 sed
1670 2449 1831 2477 misericor-

1043 2505 1116 2533 diam
1143 2506 1313 2532 consecutus
1339 2508 1399 2529 sutn
1414 2521 1421 2534 ,
1440 2499 1506 2535 quia
1522 2499 1659 2534 ignorans
1678 2495 1730 2523 feci
1746 2495 1773 2522 in
1791 2494 1833 2522 in-

1044 2551 1220 2579 credulitate.
1237 2545 1487 2583 Superabundavit
1504 2547 1596 2571 autem
1617 2542 1707 2578 gratia
1723 2540 1833 2568 Domini

1045 2598 1132 2626 nostri
1149 2596 1215 2625 Jesu
1231 2594 1336 2623 Christi
1364 2601 1427 2622 cum
1445 2592 1497 2620 [ide
1514 2595 1541 2619 et
1557 2590 1696 2618 charitate
1707 2590 1735 2616 in
1752 2587 1834 2615 Chri-

1046 2649 1089 2672 sto
1103 2642 1179 2671 Jesu.

1082 2688 1165 2716 llebr.
1183 2696 1209 2721 x,
1225 2687 1273 2714 26.
1287 2702 1321 2707 —
1338 2695 1346 2711 t
1364 2684 1528 2712 Voltmtarte
1544 2681 1727 2718 peccantibus
1753 2680 1836 2708 nobis

1048 2739 1109 2771 post
1127 2737 1269 2769 acceptam
1296 2732 1421 2760 notitiam
1439 2729 1583 2764 veritatis,
1597 2729 1655 2764 jam
1678 2735 1732 2756 non
1748 2727 1835 2755 relin-

1047 2779 1144 2816 quitur
1159 2786 1209 2814 pro
1225 2777 1347 2813 peccatis
1373 2776 1478 2807 hostia:
1497 2775 1544 2803 sed
1561 2773 1696 2802 terribilis
1709 2772 1835 2808 quaedam

1047 2825 1217 2861 exspectatio
1231 2823 1346 2859 iudicii,
1363 2827 1390 2851 ct
1412 2823 1484 2858 ignis
1508 2821 1666 2855 temulatio,
1683 2828 1745 2856 qua:
1763 2825 1836 2847 con-

1049 2876 1193 2906 sutnptura
1208 2874 1250 2900 cst
1270 2857 1455 2899 adversarios.
1476 2877 1487 2896 ι
1638 2864 1641 2865 ⁷
1770 2857 1788 2860 ⁷
