2056 3113
263 140 330 172 Ῐῗιῦθ

858 140 887 169 S.
908 140 1067 171 JOANNIS
1087 142 1304 175 DAMASCENI

1831 147 1905 179 1560

295 199 376 234 520
393 198 421 226 ις·
437 198 522 226 Βηείί-
545 199 569 224 ίη
592 197 678 232 Ρνίηε·
696 197 777 224 Ρνθυ-
791 214 823 217 -
841 197 958 224 vaccam
987 206 1048 232 Ρῖιτ·
1066 202 1088 230 Δ
1140 203 1201 229 Τῶν
1219 205 1441 240 ἁμαρτημάτων,
1466 205 1501 232 τὰ
1523 205 1572 240 μὲν
1590 205 1705 233 ἀκοὺσιὰ
1719 207 1803 239 ἐστιν,
1819 207 1853 233 τὰ
1868 208 1903 234 δὲ

260 245 308 271 tim
325 245 482 272 voluntaria
510 252 564 271 non
596 249 681 275 sunt,
708 247 735 270 ct
756 244 855 278 partim
873 245 907 270 ab
925 244 1050 279 improba

259 291 402 319 voluntate
417 291 648 326 proficiscuntur.
669 289 820 325 Fingamus
833 290 906 318 cnim
923 295 1049 325 stuprum

259 344 331 369 esse,
346 336 379 363 de
392 344 446 370 quo
464 336 491 362 in
502 335 608 370 judicio
623 335 808 370 disceptetur,
823 343 855 363 ac
870 337 924 363 duo
940 342 1048 364 scorta:

259 383 377 409 alterum
407 385 499 409 autem
515 382 610 409 lenoni
638 381 781 409 venditum
793 402 800 415 ,
817 382 889 409 haud
907 387 1006 417 sponte
1022 390 1049 409 in

260 428 332 455 malo
352 428 477 458 haerere,
498 431 582 462 atque
606 427 733 462 corporis
760 432 895 462 quaestum
912 427 1051 462 ﬂagitiose

259 474 371 501 domino
399 474 543 508 praebere;
574 473 691 501 alterum
716 481 782 500 vero
798 473 952 500 libidinosa:
969 474 1048 501 volu-

261 522 346 555 ptatis
362 528 447 547 causa
466 528 527 548 sese
549 520 649 548 sceleri
666 520 852 554 mancipasse.
867 519 954 546 Aliter
965 519 1051 554 igitur

260 575 322 601 qua:
338 567 424 594 invite
450 567 520 593 llunt
546 567 653 593 veniam
684 570 901 600 consequuntur,
929 570 956 592 et
972 565 1052 592 aliter

260 621 322 648 quae
340 613 468 648 improbo
489 617 517 640 et
544 612 680 640 scelerato
706 612 799 639 animo
815 616 960 647 geruntur,
983 619 1050 639 con-

260 661 441 687 demnantur.

296 704 325 732 S.
343 697 473 732 Clamant.
487 719 521 724 —
533 703 609 736 Quod
628 703 814 731 voluntarium
832 712 887 731 non
904 709 962 738 est,
977 705 1052 740 judi-

260 752 303 778 cio
320 751 470 778 obnoxium
489 759 543 778 non
560 755 612 778 est.
631 751 658 778 ld
673 756 765 778 autent
789 752 816 778 in
832 751 936 787 duplici
952 759 1053 786 genere

258 802 301 825 est
320 808 325 824 :
345 797 461 825 alterum
477 797 549 825 enim
567 798 723 832 ignorantia
740 797 783 829 lit;
797 798 916 824 alterum
930 798 968 825 vi.

296 843 417 878 Didymi.
436 842 511 870 —Si
537 844 601 878 quis
633 851 681 878 per
705 843 908 879 ignorationem
938 844 1052 877 labitur,

259 889 334 917 hunc
347 896 456 924 aequum
473 897 527 916 non
543 893 586 916 est
606 896 686 924 poena
703 889 830 916 multari.
849 888 873 916 ls
894 890 967 916 enim
985 897 1052 925 sup-

260 935 343 969 plicio
369 934 479 963 demum
505 934 575 961 allici
601 935 700 966 debet,
718 935 765 969 qui
788 935 874 961 animi
905 934 1054 963 aﬁ‘ectione

262 985 369 1017 peccat.

294 1030 410 1057 Pcccata
426 1036 488 1063 qua:
504 1035 560 1055 non
577 1032 676 1062 sponte
698 1031 908 1063 perpetrantur,
925 1035 987 1054 cum
1009 1029 1051 1055 lex

264 1076 322 1110 ipsa
342 1075 501 1107 condonat,
519 1079 577 1101 tum
600 1073 674 1101 Deus
697 1074 854 1102 dissimulat
867 1094 874 1106 .
894 1078 924 1101 ut
941 1074 988 1109 qui
1005 1075 1054 1102 be-

265 1122 366 1157 nignus
383 1122 438 1153 sit,
458 1128 512 1148 non
531 1120 671 1154 crudelis;
700 1124 727 1148 et
742 1120 900 1148 voluntaria
918 1121 1052 1148 vindicat.

296 1213 433 1240 Philonis.
446 1227 480 1233 —-
492 1211 551 1240 Non
578 1213 654 1240 velut
671 1213 798 1248 iniquum
819 1217 861 1240 cst
875 1217 973 1248 sponte
990 1220 1054 1247 pec-

260 1266 341 1290 care,
363 1259 401 1285 ita
417 1263 444 1286 ct
461 1258 548 1286 invite
565 1266 596 1285 ac
612 1266 662 1293 per
679 1258 865 1294 ignorantiam
881 1259 1053 1293 delinquere,

260 1305 315 1332 hoc
337 1305 443 1339 justum
472 1305 581 1332 censeri
601 1305 707 1332 debet:
726 1313 822 1332 verum
850 1305 904 1332 hoc
931 1305 1053 1332 medium

260 1351 407 1386 quemdam
434 1350 573 1385 justitiam
606 1351 679 1378 inter
705 1355 732 1378 et
761 1351 929 1385 injustitiam
961 1351 1053 1378 locum

261 1401 338 1424 tenet
354 1405 361 1423 :
393 1396 466 1431 quod
484 1397 595 1431 quidem
615 1403 630 1423 a
655 1397 801 1424 nonnullis
820 1397 982 1425 indiﬂ'erens
998 1397 1053 1424 dici

260 1441 343 1468 solet.
371 1440 466 1475 Neque
489 1441 562 1468 enim
579 1446 724 1476 peccatum
743 1442 829 1469 ullum
851 1443 967 1477 iustitiae
983 1451 1053 1479 opus

262 1487 356 1514 fuerit.

1102 249 1155 277 ἀπὸ
1171 250 1284 286 γνώμης
1296 253 1419 287 πονηρᾶς
1435 251 1551 286 γίνεται.
1568 253 1750 288 Ύποθώμεοα
1760 253 1815 289 γὰρ
1831 263 1903 289 πορ-

1102 296 1177 323 νείαν
1204 295 1275 324 εἶναι
1289 297 1320 324 τὸ
1336 298 1509 333 κρινόμενον,
1538 298 1586 325 καὶ
1601 299 1705 334 πόρνας
1721 299 1783 326 δύο·
1809 300 1866 326 ἀλλ’
1881 301 1901 334 ή

1104 343 1155 377 μὲν
1177 343 1354 379 πορνοϐοσκῷ
1375 344 1524 380 πραθεῖσα,
1541 345 1610 380 πρὸς
1632 345 1756 380 ἀνάγκην
1778 346 1854 372 ἐστὶν
1867 346 1900 372 ἐν

1102 388 1141 423 τῷ
1157 389 1246 423 κακῷ,
1264 389 1314 425 τὴν
1329 391 1360 416 ἐκ
1373 390 1420 416 τοῦ
1439 390 1568 425 σώματος
1581 391 1714 426 ἐργασίαν
1728 391 1768 425 τῷ
1785 391 1901 426 πονηρῷ

1102 433 1223 471 δεσπότῃ
1240 437 1417 472 παρεχομένη
1428 445 1435 451 ·
1453 438 1470 472 ἡ
1483 437 1511 463 δὲ
1528 437 1574 463 διὰ
1588 437 1637 472 τὴν
1653 437 1751 472 ἡδονὴν
1765 438 1899 469 ἑκουσίως

1103 482 1202 517 ἑαυτὴν
1216 482 1347 509 ἐπιδοῦσα
1364 484 1396 518 τῇ
1409 483 1541 519 ἁμαρτίᾳ.
1556 483 1662 515 Ἀλλως
1674 481 1721 510 οὖν
1732 483 1766 510 τὰ
1780 484 1900 510 ἀκούσια

1103 527 1233 563 τυγχάνει
1264 528 1442 564 συγγνώμης,
1461 530 1509 557 καὶ
1529 530 1617 562 ἄλλως
1640 530 1673 557 τὰ
1697 531 1730 557 ὲκ
1756 531 1902 567 μοχθηρᾶς

1105 574 1295 610 προαιρέσεως
1317 575 1523 611 κατακρίνεται.

1141 710 1177 736 Τὸ
1195 710 1324 737 ἀκούσιον
1335 711 1366 736 οὺ
1383 711 1515 746 κρίνεται.
1533 711 1626 737 Ar:sz
1641 711 1670 737 δὲ
1689 710 1785 737 τοῦτο’
1801 711 1834 737 τὸ
1848 711 1904 745 μὲν

1103 757 1245 792 γινόμενον
1268 757 1336 791 μετὰ
1351 757 1474 790 ἀγνοίας,
1490 757 1521 784 τὸ
1531 757 1559 783 δὲ
1575 757 1608 784 δι’
1622 757 1756 792 ἀνάγκην.

1139 849 1170 875 Εἰ
1194 848 1304 881 πρῶτον
1330 848 1428 882 ἀγνοίᾳ
1453 848 1601 881 σφάλλεταῐ
1617 855 1670 879 τις,
1689 849 1719 873 οὐ
1739 844 1904 877 κολαστέος,

1105 894 1212 921 ἐκείνου
1229 893 1376 920 κολαστὲου
1393 893 1439 920 τοῦ
1459 893 1520 919 καθ’
1537 892 1594 924 ἕξιν
1612 892 1828 928 ἁμαρτάνοντος.

1141 1027 1181 1053 Τὰ
1201 1027 1250 1061 μὲν
1267 1028 1386 1054 ἀκούσια
1409 1027 1597 1062 ἁμαρτήματα
1627 1027 1675 1054 καὶ
1692 1027 1774 1062 νόμος
1791 1036 1906 1063 συγχω-

1107 1073 1158 1107 ρεῖ,
1185 1074 1232 1099 καὶ
1254 1073 1320 1104 Θεὸς
1343 1073 1462 1109 παρορᾷ,
1485 1073 1680 1108 φιλάνθρωπος
1704 1073 1756 1106 ὢν,
1776 1075 1822 1101 καὶ
1847 1075 1905 1102 οὐκ

1105 1120 1223 1156 ἀπηνὴς,
1245 1119 1361 1146 καὶτῶν
1378 1120 1521 1152 ἑκουσίως.
1536 1119 1600 1155 [llic
1617 1121 1741 1155 quaedam
1756 1121 1856 1148 desunt
1872 1122 1904 1149 in

1106 1165 1234 1192 omnibus
1246 1164 1327 1192 codd.
1341 1164 1351 1199 1
1444 1163 1449 1167 ’

1147 1212 1192 1243 Ὧς
1210 1212 1239 1238 τὺ
1258 1212 1391 1243 ἑκουσίως
1412 1212 1579 1247 ἁμαρτάνειν
1605 1211 1679 1239 ἐστὶν
1703 1212 1804 1244 ἄδικον,
1826 1213 1905 1239 οὕτω

1106 1259 1135 1285 τὸ
1153 1258 1288 1290 ἀκουσίως
1306 1258 1354 1285 καὶ
1381 1259 1442 1285 κατ’
1457 1259 1586 1290 ἄγνοιαν,
1609 1258 1659 1285 οὐκ
1679 1259 1761 1290 εὐθὺς
1780 1258 1902 1292 δῖκαιον,

1105 1306 1173 1332 ἀλλὰ
1187 1305 1256 1340 ταχύ
1272 1314 1324 1331 που
1339 1305 1466 1340 μεθόριον
1482 1306 1595 1340 ἀμφοῖν,
1606 1305 1713 1332 δικαίου
1729 1305 1776 1331 καὶ
1789 1305 1902 1338 ἀδίκου,

1105 1352 1135 1378 τὸ
1160 1351 1214 1378 ὑπό
1243 1360 1324 1378 τινων
1348 1351 1516 1386 καλούμενον
1540 1351 1699 1387 ἀδιάφορον.
1731 1351 1903 1386 ’Δμάρτημα

1105 1398 1160 1434 γὰρ
1177 1399 1265 1429 οὐδὲν,
1281 1399 1362 1434 ἔργον
1375 1398 1560 1434 δικαιοσύνης.

297 1533 394 1567 Ejusd.
408 1550 443 1554 —
456 1533 486 1561 Ei
503 1534 613 1569 quidem
628 1534 676 1570 qni
697 1541 788 1562 rerum
805 1534 950 1562 meliorum
968 1535 1048 1570 igno-

1142 1535 1187 1569 Τῷ
1216 1536 1266 1570 μὲν
1291 1535 1390 1570 ἀγνοίᾳ
1412 1533 1459 1560 τοῦ
1487 1534 1643 1569 κρείττονος
1671 1532 1900 1568 διαμαρτάνοντι,

260 1581 370 1607 ratione
387 1585 499 1615 peccat,
527 1581 609 1608 venia
635 1580 815 1615 impertitur:
844 1581 893 1616 qui
910 1585 1001 1610 autem
1021 1582 1054 1610 de

261 1626 395 1654 industria
427 1626 550 1661 injustus
581 1630 638 1659 est,
666 1626 712 1654 ille
752 1627 933 1655 excusatione
964 1632 1053 1662 caret,

260 1673 363 1708 quippe
384 1673 429 1708 qui
444 1673 501 1708 jam
525 1678 588 1701 ante
611 1679 709 1708 captus
725 1675 762 1701 sit
783 1674 809 1701 in
827 1674 888 1702 foro
907 1677 1056 1704 conscien-

261 1719 316 1746 tiae.

262 1774 332 1801 TIT.
349 1774 433 1813 XXI].
447 1791 485 1813 ——_
495 1775 532 1802 De
547 1776 581 1802 iis
595 1776 640 1810 qui
655 1781 732 1813 grato
746 1777 835 1802 (mimo
851 1782 932 1804 sunt:
948 1783 972 1804 et
986 1778 1055 1813 quod

406 1810 590 1845 benefactares
614 1811 762 1844 prwdicare
783 1817 912 1846 oporteal.

297 1897 359 1925 Jos.
373 1906 411 1928 vr.
424 1898 470 1926 22.
488 1915 520 1919 ——
535 1908 544 1924 ‹
564 1899 677 1927 Duobus
702 1901 868 1934 juvenibus,
897 1902 944 1936 qui
960 1902 1056 1937 explo-

264 1948 371 1972 ratores
394 1944 473 1973 missi
504 1945 629 1979 fuerant,
658 1946 846 1974 dixitJesus:
875 1947 1056 1983 lngredimini

264 1992 375 2018 domum
397 1991 540 2023 mulieris,
567 1996 594 2019 ct
614 1992 723 2020 educite
748 2001 825 2025 eam,
845 1999 872 2021 et
888 1995 979 2022 omnia
995 2003 1057 2030 qua:

264 2038 341 2064 illius
358 2042 433 2064 sunt.
450 2037 482 2064 Et
498 2038 615 2072 ingressi
633 2044 716 2071 sunt,
735 2043 763 2066 et
783 2040 941 2068 eduxerunt
960 2041 1056 2070 Rabab

264 2084 439 2111 meretricem
451 2104 459 2116 ,
478 2089 504 2111 et
521 2088 627 2118 patrem
640 2088 667 2111 et
679 2091 793 2113 matrem
813 2086 894 2121 eius,
912 2091 938 2114 ct
954 2087 1056 2115 fratres

264 2136 336 2162 ejus.
358 2137 368 2155 ι

299 2174 376 2201 Psal.
403 2183 536 2208 Lxxxvm,
552 2176 577 2202 1.
591 2192 624 2196 —
639 2185 647 2201 ι
670 2176 876 2205 Misericordias
899 2183 963 2206 tuas
977 2200 983 2212 ,
1003 2179 1054 2207 Do-

263 2221 337 2248 mine
349 2241 357 2253 ,
372 2221 398 2247 in
418 2225 551 2248 aeternum
566 2223 694 2250 cantabo.
715 2233 724 2248 ι

302 2266 377 2294 Psal.
402 2275 464 2300 cxv,
490 2268 534 2295 12.
550 2269 665 2301 —-—Quid
692 2270 843 2297 retribuam
873 2271 988 2298 Domino
1005 2279 1054 2306 pro

264 2313 395 2340 omnibus
411 2320 472 2348 qum
491 2314 619 2341 retribuit
636 2315 740 2343 nobis?
761 2325 770 2341 ι

299 2359 376 2387 Psal.
399 2368 510 2392 cxxxvl,
539 2361 566 2388 5.
584 2364 644 2387 -ᾶ
674 2361 702 2389 Si
719 2363 825 2391 oblitus
845 2363 922 2391 l‘ncro
943 2365 993 2395 tui.
1011 2364 1056 2393 Je-

263 2407 402 2440 rnsalem,
417 2406 552 2434 oblivioni
567 2407 648 2436 detur
663 2408 778 2437 dextera
795 2417 867 2438 mea.
885 2420 894 2436 ι

300 2453 366 2487 Sap.
383 2460 443 2486 VIII,
459 2453 510 2484 2|.
533 2468 559 2475 —
575 2463 585 2481 ι
603 2453 762 2483 Prudentim
772 2460 815 2484 est
830 2456 901 2483 scire
919 2457 998 2491 cujus
1013 2463 1054 2485 cst

263 2500 377 2528 donum.
399 2509 409 2527 ι

299 2547 386 2574 Eccli.
405 2556 447 2580 tu,
466 2547 510 2575 5i.
526 2564 559 2570 --
574 2557 586 2574 ί
599 2547 653 2581 Qui
668 2548 760 2577 reddit
774 2550 911 2585 gratiam,
929 2550 1054 2577 meminit

264 2596 291 2622 in
309 2599 471 2630 posterum,
495 2598 523 2622 et
547 2594 578 2623 in
604 2600 729 2632 tempore
753 2605 836 2625 casus
866 2598 909 2625 sui
932 2597 1056 2625 inveniet

264 2642 480 2668 ﬁrmamentum.
496 2649 506 2666 ι

302 2686 386 2714 Eccli.
402 2695 469 2720 xvn,
489 2687 533 2715 18.
547 2703 580 2709 —
597 2696 607 2714 ‹
622 2687 744 2715 Gratiam
769 2689 891 2717 hominis
907 2691 985 2725 quasi
1007 2692 1056 2725 pli-

265 2733 359 2768 pillam
378 2741 524 2772 conserva.
544 2743 553 2759 ›

302 2778 367 2806 Luc.
400 2788 417 2812 ι,
432 2775 477 2807 Π.
495 2796 529 2801 -
543 2790 551 2806 ι
570 2779 644 2807 Dixit
664 2779 749 2808 Maria
765 2790 770 2807 ε
789 2780 945 2816 Magniﬁcat
964 2782 1053 2810 anima

270 2831 326 2852 mea
346 2824 502 2853 Dominum.
522 2836 530 2852 ι

303 2869 369 2898 Luc.
394 2879 460 2903 xvtl,
491 2873 524 2899 ‘12
552 2882 622 2908 seqq.
640 2890 672 2894 —
692 2884 700 2899 ι
722 2874 753 2901 ιιι
780 2874 954 2908 ingrediente
974 2883 1006 2903 eo
1024 2876 1051 2903 in

1111 1580 1262 1616 συγγνώμη
1276 1580 1380 1624 aram}.
1390 1587 1396 1595 '
1409 1582 1424 1607 ὁ
1437 1580 1465 1606 δὲ
1488 1580 1517 1613 ἐξ
1532 1580 1687 1614 ἐπιστήμης
1703 1579 1814 1610 ἀδικῶν,
1829 1579 1901 1605 ἀπο-

1107 1627 1202 1661 λογίαν
1217 1627 1268 1653 οὐκ
1286 1626 1352 1661 ἔχει,
1377 1626 1561 1662 προεαλωκὼς
1579 1626 1609 1652 ὲν
1624 1624 1662 1660 τῷ
1676 1624 1724 1652 τοῦ
1746 1625 1904 1656 συνειδότος

1105 1672 1286 1708 δικαστηρίῳ.

1109 1773 1199 1799 ΤΙΤΛ.
1219 1772 1282 1798 KB’.
1295 1787 1330 1791 —
1347 1771 1417 1805 Περὶ
1431 1771 1696 1806 εἰικαριστούντων
1714 1770 1764 1806 καί
1782 1771 1903 1805 εὐγνω-

1144 1808 1337 1851 ιιονούντων·
1358 1806 1408 1833 καὶ
1422 1806 1466 1833 ὅτι
1486 1806 1546 1840 χρὴ
1567 1806 1638 1839 τοὺς
1663 1805 1822 1840 εὐεργέτας
1844 1814 1904 1839 κη-

1140 1850 1280 1876 ρυσσειν.

1147 1911 1155 1925 ι
1176 1901 1238 1932 Τοῖς
1254 1900 1301 1927 δύο
1320 1900 1475 1931 νεανίσκοις
1489 1900 1545 1930 τοῖς
1560 1898 1804 1934 κατασκοπήσασιν
1822 1895 1904 1923 εἶπεν

1115 1946 1218 1981 Ὶησοῢς
1230 1955 1237 1961 ·
1252 1946 1396 1972 Εἰσέλθετε
1410 1947 1450 1977 εἰς
1461 1945 1509 1980 τὴν
1525 1945 1614 1972 οἰκίαν
1631 1946 1680 1980 τῆς
1695 1944 1836 1978 γυναικὸς,
1852 1945 1907 1971 καὶ

1108 1992 1237 2019 ἐκϐάλετε
1254 1992 1350 2028 αὐτὴν,
1366 1993 1412 2018 καὶ
1433 1992 1522 2018 πάντα
1536 1991 1571 2018 τὰ
1585 1991 1680 2026 αὐτῆς.
1694 1991 1748 2017 Καὶ
1761 1990 1906 2025 εἰσῆλθον,

1108 2036 1155 2063 καὶ
1171 2035 1307 2071 ἐξήγαγον
1329 2036 1379 2070 τὴν
1401 2035 1486 2062 Ῥαὰὸ
1500 2036 1549 2070 τὴν
1575 2036 1689 2071 πόρνην,
1705 2035 1754 2062 καὶ
1778 2035 1826 2061 τὸν
1847 2044 1905 2061 πα-

1107 2082 1186 2117 τέρα,
1200 2082 1247 2109 καὶ
1257 2082 1306 2118 τὴν
1322 2082 1440 2117 μητέρα,
1457 2082 1505 2108 καὶ
1519 2082 1582 2114 τοὺς
1597 2082 1729 2116 ἀδελφοὺς
1745 2081 1840 2116 αὐτῆς.
1852 2090 1863 2106 ι

1148 2184 1157 2200 ι
1179 2174 1219 2201 Τὰ
1235 2173 1298 2208 ἐλέη
1318 2181 1376 2207 σου,
1393 2174 1491 2208 Κύριε,
1508 2174 1548 2204 εἰς
1562 2171 1607 2198 τὸν
1622 2172 1710 2199 αἰῶνα
1725 2171 1840 2207 ᾄσομαι.
1854 2180 1863 2196 ι

1147 2276 1154 2291 ι
1171 2266 1204 2292 Τί
1222 2265 1408 2292 ἀνταποδώσω
1421 2265 1460 2301 τῷ
1473 2265 1570 2300 Κυρίῳ
1586 2265 1650 2300 περὶ
1665 2265 1774 2292 πάντων
1785 2260 1825 2291 ὧν
1837 2265 1908 2291 ἀντ-

1107 2313 1247 2339 απέδωκεν
1259 2313 1341 2346 ἡμίν;
1358 2321 1367 2336 ι

1145 2369 1154 2384 ί
1177 2358 1241 2385 Ἐὰν
1258 2358 1434 2393 ὲπιλάθωμαί
1450 2366 1510 2386 σου.
1530 2357 1721 2393 Ἰερουσαλὴμ,
1738 2356 1909 2393 ἐπιλησθείη

1105 2407 1121 2441 ή
1136 2405 1211 2437 δεειὰ
1228 2413 1290 2439 μου.
1309 2415 1317 2430 ι

1146 2462 1154 2478 ι
1169 2452 1330 2487 Φρονήσεώς
1347 2452 1421 2478 ἐστιν
1442 2452 1490 2479 καὶ
1501 2451 1532 2478 τὸ
1548 2451 1646 2478 εἰδέναι
1661 2450 1735 2482 τίνος
1746 2451 1764 2486 ἡ
1778 2451 1875 2486 χάρις.
1895 2461 1906 2478 ι

1147 2551 1156 2567 ‹
1178 2541 1208 2568 '0
1224 2541 1420 2572 ἀνταποδιδοὺς
1434 2541 1559 2576 χάριτας,
1578 2540 1719 2575 μέμνηται
1728 2540 1769 2571 εἰς
1785 2539 1817 2566 τὸ
1832 2541 1908 2574 μετὰ

1105 2589 1204 2621 ταῦτα,
1221 2588 1268 2615 καὶ
1293 2588 1322 2614 ἐν
1339 2587 1429 2623 καιρῷ
1446 2587 1578 2618 πτώσεως
1595 2585 1679 2613 αὑτοῦ
1698 2586 1813 2622 εὑρήσει
1838 2587 1911 2622 στή-

1106 2644 1204 2672 ριγμα,
1219 2645 1228 2660 ›
1642 2630 1645 2645 ‘

1149 2692 1158 2708 ι
1176 2681 1265 2716 Χάριν
1281 2679 1428 2716 ἀνθρώπου
1446 2679 1484 2711 ὡς
1501 2680 1586 2714 κόρην
1603 2678 1787 2714 συντήρησον,
1801 2688 1811 2704 ι

1149 2792 1157 2806 ι
1174 2779 1242 2807 Eine
1260 2780 1378 2816 Μαριάμ
1389 2789 1396 2795 ·
1413 2780 1567 2814 Μεγαλύνει
1587 2780 1603 2814 ἡ
1619 2779 1693 2814 ψυχή
1715 2787 1766 2814 μου
1785 2779 1831 2805 τὶν
1847 2779 1911 2806 Κύ-

1111 2837 1177 2864 ριον.
1193 2838 1203 2854 ›

1149 2884 1156 2898 ι
1176 2873 1375 2910 Εἱεερχομένου
1392 2870 1475 2900 αὑτοῦ
1496 2872 1535 2904 εἰς
1558 2871 1606 2906 τὴν
1631 2871 1720 2905 πόλιν,
1741 2872 1911 2907 ὑπήντησαν
