2056 3113
171 167 237 203 1561

810 168 929 198 SACRA
949 168 1180 201 PARALLELA.

1735 176 1744 206 1
1751 177 1802 208 562

171 231 246 266 αὖτῷ
263 231 328 258 δέκα
337 230 433 264 λεπροὶ
444 228 551 262 ἄνδρες,
565 225 611 253 καὶ
622 223 693 262 ἦραν
709 225 800 262 φωνὴν
814 226 941 259 λέγοντες
953 234 959 240 ·

1014 227 1174 262 civitatem,
1200 236 1384 260 occurrerunt
1399 233 1424 260 ei
1445 233 1539 262 decem
1561 233 1610 260 viri
1637 235 1754 269 lcprosi,
1775 240 1802 262 ct

178 277 266 312 Ἰησοῦ
294 275 445 305 ἐπιστάτα,
471 273 584 308 ἐλέησον
605 273 689 307 ἡμᾶς.
714 272 770 298 Καὶ
799 271 860 298 ἰδὼν
881 269 961 297 εἶπεν

171 323 279 353 αὐτοῖς’
296 320 482 356 Πορευθέντες
497 318 652 350 ἐπιδείξατε
667 317 781 348 ἑαυτοὺς
799 318 855 348 τοῖς
870 316 960 352 ἱερεῦ-

173 377 226 396 σιν.
252 368 306 394 Καὶ
331 368 359 394 ὲν
385 366 424 401 τῷ
449 359 568 399 ὑπάγειν
599 364 702 396 αὐτοὺς
728 363 959 399 ἐκαθαρίσθησαν.

172 412 219 444 Εἷς
233 414 261 440 δὲ
279 414 308 446 ἐξ
325 412 426 444 αὐτῶν,
451 411 513 438 ίδὼν
533 412 575 437 ὅτι
602 410 676 444 ἰάθη,
699 410 870 445 ὑπέστρεψεν
894 409 960 445 μετὰ

173 459 265 493 φωνῆς
283 457 405 494 μεγάλης
427 456 548 489 δοξάζων
562 456 608 482 τὸν
623 456 700 488 Θεὸν,
718 455 765 482 καὶ
790 456 889 482 ἔπεσεν
915 456 962 482 ἐπὶ

172 505 320 540 πρόσωπον
339 503 422 530 αὑτοῦ
438 502 609 538 εὐχαριστῶν
624 502 719 536 αὐτῷ·
738 503 786 528 καὶ
810 502 892 533 αὐτὸς
908 502 962 529 Σα-

175 549 317 585 μαρείτης.
340 547 515 583 Ἀποκριθεὶς
529 547 558 573 δὲ
578 547 593 572 ὁ
610 546 715 581 Ἰησοῦς
733 544 811 573 εἶπεν
825 554 831 561 ·
851 547 921 581 Οὐχὶ
938 547 962 573 οἱ

171 596 237 622 δέκα
259 594 499 630 ἐκαθαρίσθησαν;
522 594 547 619 οἱ
565 593 593 619 δὲ
616 593 694 619 ἐννέα
712 593 785 625 ποῦς
804 593 860 628 Οὐχ
883 592 963 628 εὐρέ-

173 639 260 674 θησαν
282 638 505 673 ὑποστρέψαντες
524 637 617 664 δοῦναι
633 637 712 669 δόξαν
734 637 775 673 τῷ
798 637 868 673 Θεῷ,
885 639 909 664 εἰ
925 638 962 673 μὴ

172 688 345 721 ὁὰλλογενὴς
358 685 446 719 οὗτος.
467 687 522 714 Καὶ
539 684 617 713 εἶπεν
640 685 735 721 αὐτῷ·
756 684 889 716 Ἀναστὰς
913 694 963 711 πο-

173 734 264 770 ρεύου,
281 735 299 769 ἡ
314 734 407 765 πίστις
420 742 466 760 σου
482 733 604 759 σέσωκέν
621 741 661 760 σε.
683 741 692 757 ι

209 835 218 850 ι
242 825 287 851 Ἐν
313 824 396 852 παντὶ
426 824 634 859 εὐχαριστεῖτε·
663 823 740 850 τοῦτο
775 822 830 857 γὰρ
858 822 964 857 θέλημά

171 870 244 896 ἐστιν
257 869 323 896 Θεοῦ
340 870 368 896 ὲν
383 868 493 903 Χριστῷ
514 868 602 902 Ἰησοῦ
622 868 662 899 εἰς
677 868 750 902 ὑμᾶς
777 877 785 892 ι

207 957 358 991 Πρέπουσα
374 956 528 990 δοξολογίας
548 955 690 987 ὑπόθεσις,
707 956 724 990 ἡ
742 954 796 981 τῶν
816 954 964 989 εὐεργετη-

173 1004 267 1040 μάτων
281 1004 420 1038 διήγησις.

215 1049 416 1084 Ἀποδώσωμεν
439 1049 530 1076 τοίνυν
545 1049 594 1076 σὺν
611 1048 684 1083 τόκῳ
701 1047 731 1075 τὸ
745 1048 835 1083 χρέος,
854 1047 887 1074 ἂν
910 1046 965 1082 ἄρα

171 1097 301 1123 τοσοῦτον
315 1096 500 1131 εὐποροῦντες
517 1095 656 1129 φανῶμεν.

171 1197 263 1224 ΤΙΤΛ.
278 1197 342 1224 ΚΡ.
360 1212 393 1216 -
407 1196 477 1230 Περὶ
491 1195 693 1228 ἐκδικήσεως·
718 1195 766 1222 καὶ
787 1196 826 1228 ὡς
849 1195 964 1230 ἀπηγό-

202 1241 306 1264 ρευται
324 1232 371 1264 δὶς
386 1233 453 1266 περὶ
469 1231 522 1258 τοῦ
537 1231 631 1258 αὐτοῦ
647 1231 821 1266 πρᾶγ-ματος
833 1232 962 1263 εὐθύνας

205 1267 449 1301 εἰσπράττεσθαι.

209 1333 218 1349 ι
235 1323 292 1350 Οὐκ
307 1323 460 1358 έκδικήσεις
478 1324 520 1355 δὶς
534 1323 581 1349 ἐπὶ
599 1322 628 1349 τὸ
646 1322 725 1349 αὑτό.
742 1331 751 1347 ι
907 1354 911 1356 γ

208 1379 217 1394 ‹
235 1369 267 1395 Τί
282 1368 422 1403 λογίζεσθε
439 1369 485 1395 ἐπὶ
502 1369 547 1395 τὸν
565 1368 686 1404 Κύριονς
707 1368 867 1395 συντέλειαν
882 1368 963 1400 αὐτὸς

171 1414 294 1448 ποιήσειέ
312 1415 359 1441 καὶ
376 1415 425 1441 οὐκ
445 1414 583 1449 ἐκδικήσει
598 1414 638 1446 δὶς
655 1414 701 1441 ἐπὶ
718 1414 750 1440 τδ
770 1413 838 1440 αὐτό
858 1415 887 1440 ἐν
904 1413 962 1440 θλί-

171 1459 228 1487 ὠει.
247 1470 256 1486 ι

171 1517 262 1559 ΤΙἜΑ.
281 1518 343 1559 Ka'.
357 1532 396 1559 -ι
419 1518 488 1551 Περὶ
507 1516 905 1559 ’ἐπικρίνων’πρίιγμνάτωνζ
913 1515 963 1559 καὶ

206 1552 250 1594 ὅτι
268 1552 325 1586 χρὴ
343 1553 465 1594 φξύχειν
483 1552 519 1594 σὰ
533 1552 672 1594 ἐπέχθη-9
688 1551 866 1591 καῖαπώγια,
887 1551 963 1578 διότι
977 1566 998 1594 C

206 1586 306 1621 μάχης
329 1588 377 1614 καὶ
394 1587 569 1619 διαστάσεις
587 1586 816 1621 προξενοῦντιιι.

210 1651 218 1666 ι
237 1639 320 1667 Εἶπεν
341 1640 547 1677 Ἀϐραὰμπρὺς
562 1641 638 1668 Λώτ”
656 1642 693 1677 μὴ
714 1641 786 1668 ἔστω
805 1641 880 1676 μάχη
896 1642 965 1668 ἀνα-

173 1687 257 1722 μέσον
272 1687 350 1722 ἐμοῦ,
369 1688 416 1714 καὶ
442 1688 582 1722 ἀναμέσον
599 1697 657 1720 σου,
682 1688 730 1714 καὶ
756 1688 893 1723 ἁναμέσον
911 1688 965 1714 τῶν

172 1735 310 1768 ποιμένων
327 1743 388 1769 μου.
403 1735 449 1761 καὶ
464 1734 518 1760 τῶν
539 1734 678 1769 ποιμένων
693 1743 751 1766 σου,
768 1734 809 1760 ὅτι
825 1733 965 1768 ἄνθρωποι

172 1779 282 1814 ἀδελφοὶ
298 1781 380 1815 ἡμεῖς
395 1781 490 1814 ἐσμεν.
507 1778 564 1806 Οὐκ
581 1780 636 1806 ἰδοὺ
659 1781 735 1806 πᾶσα
754 1780 770 1815 ὴ
787 1781 821 1814 γῆ
842 1779 965 1806 ἐναντίον

173 1826 221 1852 σού
237 1827 330 1858 ὲστινς
351 1826 556 1862 Διαχωρίσθητι
578 1827 625 1853 ἀπ’
641 1826 720 1862 ἐμοῦ.
743 1827 775 1853 Et
793 1827 824 1852 σὺ
840 1828 881 1858 εἰς
902 1827 964 1861 ἀρι-

172 1872 270 1907 στερὰ.
299 1872 355 1907 ἐγὼ
381 1874 421 1903 εἰς
447 1872 542 1904 δεξιά·
571 1873 596 1899 εἰ
622 1871 654 1899 σὺ
674 1873 714 1904 εἰς
737 1872 822 1905 δεξιὰ,
849 1872 904 1906 ἐγὼ
923 1873 965 1904 εἰς

171 1918 316 1954 ἀριστερά.
331 1919 387 1945 Καὶ
407 1918 515 1953 ἐπάρας
528 1917 590 1945 Λὼτ
605 1919 670 1950 τοὺς
690 1918 849 1954 ὀφθαλμοὺς
869 1918 961 1952 αὐτοῦ,

172 1964 241 1992 ςῖδεν
265 1966 315 2000 τὴν
340 1965 495 2000 περίχωρον
516 1965 563 1991 τοῦ
584 1965 734 2000 Ἰορδάνου,
764 1965 806 1991 ὃτι
830 1966 905 1992 πᾶσα
929 1963 963 2000 ἦν

172 2011 349 2046 ποτιζομένη,
368 2011 421 2046 πρὸ
433 2011 481 2037 τοῦ
499 2004 754 2046 καταστρέψαι⁴τὺν
773 2011 840 2038 Θεὸν
858 2011 963 2046 Σόδομα

171 2058 218 2082 καὶ
233 2056 373 2091 Γόμορρα,
389 2056 427 2087 ὡς
443 2056 609 2091 παράδεισος
624 2056 670 2083 τοῦ
686 2056 765 2089 Θεοῦ,
779 2057 825 2083 καὶ
842 2057 880 2088 ὡς
894 2058 910 2092 ἡ
926 2058 961 2092 γῆ

170 2103 322 2136 Αἰγύπτου.
340 2103 395 2129 Καὶ
407 2103 549 2136 ἐξελέξατο
566 2103 657 2138 ἑαυτῷ
670 2103 732 2130 Λὼτ
742 2104 791 2138 τὴν
807 2104 962 2140 περίχωρον

171 2148 217 2175 τοῦ
239 2149 384 2184 Ἰορδάνου,
399 2149 447 2176 καὶ
467 2150 573 2185 ἀπῆρεν
593 2149 655 2176 Λὼτ
676 2150 729 2177 ἀπὸ
749 2150 898 2183 ἀνατολῶν,
914 2152 962 2178 καὶ

172 2194 371 2229 ἐχωρίσθησαν.
393 2204 402 2220 ι

1013 272 1174 301 levaverunt
1199 283 1292 304 vocem
1320 286 1413 312 suam,
1436 279 1578 308 dicentes:
1604 280 1669 308 Jesu
1699 289 1801 316 praece-

1013 323 1084 353 ptor,
1103 320 1236 349 miserere
1256 324 1356 355 nostri.
1373 328 1400 351 et
1422 325 1492 352 dixit
1506 326 1567 353 eis:
1585 325 1624 353 Ite
1638 345 1645 358 ,
1666 330 1694 353 et
1710 331 1802 353 osten-

1012 362 1068 390 dite
1078 370 1125 391 vos
1139 366 1341 395 sacerdotibus.
1355 367 1388 394 Et
1402 377 1464 396 eum
1477 370 1565 402 irent,
1582 371 1705 397 mundati
1723 374 1800 398 sunt.

1014 408 1091 437 Unus
1106 414 1199 439 autem
1222 420 1254 440 ex
1279 413 1347 445 illis,
1363 419 1394 441 ut
1407 415 1476 441 vidit
1497 416 1562 450 quia
1577 421 1692 444 sanatus
1707 421 1800 449 esset,

1013 462 1158 489 regressus
1175 461 1217 484 est
1235 465 1296 484 cum
1315 466 1383 486 voce
1396 467 1508 495 magna,
1527 461 1686 496 gloriﬁcans
1704 462 1800 495 Deum,

1013 503 1040 527 et
1070 501 1169 529 cecidit
1201 503 1228 529 in
1256 503 1354 531 faciem
1385 509 1449 533 ante
1488 507 1571 540 [‘CtICS
1597 507 1667 542 ejus,
1698 508 1802 542 gratias

1014 553 1118 581 agens:
1139 552 1167 575 et
1185 549 1229 576 hic.
1255 555 1315 577 erat
1332 550 1536 580 Samaritanus.
1553 552 1737 588 Respondeas
1753 561 1803 581 au-

1014 597 1068 620 tem
1097 593 1195 626 Jesus,
1224 596 1312 624 dixit:
1342 596 1438 625 Nonne
1465 599 1559 626 decem
1579 600 1803 627 mundatisunt?

1013 643 1040 666 et
1055 647 1153 667 novem
1169 641 1215 668 ubi
1230 643 1314 668 sunt?
1333 641 1393 669 Non
1409 643 1511 671 inventi
1525 649 1591 671 sunt
1607 645 1653 679 qui
1669 645 1801 678 redirent,

1013 690 1042 713 et
1060 686 1159 713 darent
1183 687 1297 721 gIOriam
1324 687 1402 722 Deo,
1425 689 1479 716 nisi
1513 690 1558 717 liic
1586 691 1752 725 alienigena.
1770 692 1804 718 Et

1016 731 1053 758 ait
1070 732 1109 759 illi
1128 741 1134 759 :
1154 732 1260 768 Surge,
1276 733 1365 765 vade,
1389 735 1453 770 quia
1484 735 1551 763 ﬁdes
1574 740 1620 763 tua
1645 740 1670 763 te
1695 737 1802 763 salvum

1016 779 1091 806 fecit.
1112 788 1121 805 ι

1051 826 1129 861 521
1159 825 1173 853 1
1200 826 1291 854 Thess.
1309 835 1336 859 ν,
1354 827 1397 854 17.
1409 843 1443 848 -
1458 837 1467 854 ι
1484 828 1513 855 1η
1540 829 1669 856 omnibus
1698 829 1801 864 gratias

1016 874 1106 909 agite:
1126 874 1183 901 haec
1201 879 1243 902 est
1257 874 1330 901 enim
1350 875 1478 902 voluntas
1496 875 1543 903 Dei
1564 876 1591 902 in
1608 875 1719 904 Christo
1736 875 1802 903 Jesu

1016 921 1044 947 in
1059 921 1147 948 vobis.
1167 931 1176 947 ι

1051 967 1082 995 S.
1101 967 1187 994 Basil.
1203 983 1238 988 —-
1249 968 1406 1004 Congrunm
1422 969 1588 996 laudationis
1609 973 1803 1004 argumentum

1015 1019 1070 1046 est,
1086 1019 1265 1050 acceptorum
1286 1016 1484 1044 beneficiorum
1503 1016 1739 1043 commemoratio.

1051 1060 1080 1089 S.
1101 1061 1178 1096 (ἶνες.
1194 1061 1266 1091 Naz.
1282 1067 1353 1089 orat.
1369 1063 1396 1089 in
1409 1062 1438 1090 S.
1454 1062 1535 1097 Cypr.
1551 1077 1585 1083 ——
1601 1061 1727 1089 chitum
1740 1069 1805 1096 ergo

1016 1114 1080 1134 eum
1109 1107 1207 1135 fenore
1235 1108 1447 1142 pcrsolvamus;
1476 1108 1499 1135 si
1517 1112 1609 1135 tamen
1633 1111 1676 1135 sat
1697 1107 1804 1142 amplas

1016 1160 1081 1188 opes
1098 1153 1201 1181 habere
1216 1154 1398 1189 reperiamur.

1016 1209 1085 1238 TIT.
1101 1209 1198 1237 XXIII.
1215 1225 1250 1230 —
1266 1210 1304 1236 De
1323 1210 1501 1243 vindicatianc
1518 1219 1527 1237 :
1541 1215 1565 1237 et
1586 1210 1655 1245 quod
1671 1210 1703 1238 de
1717 1219 1744 1237 re
1760 1218 1805 1237 ea-

1140 1245 1199 1272 dem
1222 1246 1262 1273 bis
1278 1254 1369 1280 poenas
1391 1247 1495 1281 exigere
1513 1254 1565 1273 non
1589 1247 1680 1274 liceat.

1051 1335 1131 1362 Deut.
1144 1351 1180 1355 —
1194 1345 1203 1361 ι
1224 1336 1283 1363 Non
1298 1337 1342 1363 bis
1356 1336 1511 1363 vindicabis
1527 1336 1554 1362 in
1570 1335 1703 1370 idipsum.
1723 1345 1732 1360 ι

1052 1381 1161 1408 Nalmm
1177 1389 1197 1414 ι,
1221 1382 1247 1409 9.
1264 1397 1299 1403 —
1316 1391 1326 1407 ι
1347 1381 1418 1416 Quid
1444 1381 1574 1417 cogitatis
1595 1384 1693 1408 contra
1714 1380 1807 1407 Domi-

1015 1428 1394 1456 num?Consummationem
1414 1428 1474 1463 ipse
1497 1428 1597 1458 faciet,
1617 1431 1643 1454 et
1663 1435 1718 1454 non
1735 1426 1806 1454 ulci-

1004 1479 1110 1515 _scetur
1129 1474 1171 1502 bis
1185 1474 1212 1501 in
1233 1474 1353 1510 idipsum
1369 1474 1397 1501 in
1416 1474 1608 1502 tribulatione.
1631 1483 1639 1499 ι

1018 1528 1085 1556 ΤΙΤ.
1100 1528 1198 1567 XXIY.
1214 1545 1248 1567 ὴ
1271 1530 1307 1556 De
1324 1531 1507 1567 communibus
1528 1530 1640 1567 negotiis
1655 1538 1673 1567 :_
1686 1529 1808 1567 quodque

1051 1564 1202 1590 ronimunia
1220 1564 1367 1591 diversoria
1385 1565 1494 1591 vitanda
1509 1566 1574 1598 sint,
1590 1564 1653 1599 quia
1664 1565 1725 1591 hinc
1740 1566 1807 1592 rixa:

1053 1604 1079 1625 et
1099 1599 1214 1626 dissidia
1227 1604 1383 1626 nascantur.

1053 1654 1118 1682 Gen.
1138 1663 1199 1688 xui,
1215 1656 1231 1682 8
1253 1664 1326 1691 seqq.
1340 1672 1375 1676 —
1391 1666 1400 1682 (
1418 1656 1491 1684 Dixit
1513 1657 1652 1685 Abraham
1673 1657 1706 1685 ad
1729 1657 1779 1685 ι,οι
1798 1667 1806 1685 :

1016 1699 1055 1727 Nc
1070 1700 1123 1731 sit,
1139 1708 1255 1735 quaeso,
1278 1701 1401 1737 jurgium
1422 1703 1497 1730 inter
1515 1711 1557 1731 me
1577 1708 1604 1731 et
1627 1709 1671 1737 te,
1690 1707 1718 1732 et
1734 1705 1807 1731 inter

1016 1751 1142 1782 pastores
1160 1755 1236 1774 meos
1248 1751 1275 1775 et
1293 1753 1420 1782 pastores
1438 1753 1519 1776 tuos:
1547 1749 1649 1777 fratres
1669 1751 1743 1778 enim
1760 1759 1806 1779 su-

1017 1800 1089 1821 mus.
1105 1793 1146 1820 An
1168 1800 1223 1820 non
1246 1801 1311 1821 ecce
1328 1795 1458 1823 universa
1484 1801 1558 1823 terra
1582 1804 1674 1823 coram
1698 1801 1725 1824 te
1744 1797 1807 1825 est?

1015 1838 1123 1866 Recede
1135 1847 1149 1865 a
1166 1847 1220 1866 me.
1238 1839 1265 1866 Si
1288 1840 1323 1867 ad
1348 1840 1462 1868 sinistra
1477 1841 1560 1875 ieris,
1577 1849 1628 1877 ego
1644 1841 1677 1869 ad
1692 1842 1806 1869 dextera

1015 1886 1078 1919 ibo;
1096 1887 1118 1913 si
1143 1890 1173 1913 tu
1196 1887 1230 1914 ad
1255 1886 1390 1920 dextera,
1413 1895 1464 1922 ego
1484 1887 1518 1914 ad
1543 1888 1657 1915 sinistra
1681 1896 1805 1924 pergam.

1015 1932 1137 1960 Elevatis
1163 1933 1257 1968 itaque
1272 1933 1325 1960 Lot
1346 1933 1437 1961 oculis
1459 1934 1532 1966 suis,
1552 1935 1619 1962 vidit
1637 1942 1746 1962 omnem
1763 1943 1806 1962 re-

1013 1979 1124 2013 gionem
1148 1979 1291 2012 Jordanis,
1315 1980 1388 2014 quod
1414 1981 1546 2008 universa
1566 1981 1806 2016 irrigarctur,an-

1013 2027 1125 2059 tequam
1149 2024 1332 2052 subvertisset
1361 2025 1494 2052 Dominus
1528 2025 1674 2053 Sodomam
1702 2030 1729 2053 et
1749 2025 1805 2052 Go-

1015 2070 1153 2097 morrliam
1166 2090 1173 2103 ,
1192 2071 1266 2098 sicut
1284 2071 1430 2105 paradisus
1446 2071 1554 2098 Domini
1567 2091 1574 2103 ,
1590 2075 1617 2098 et
1635 2071 1706 2099 sicut
1721 2071 1805 2107 Egy-

1014 2120 1086 2151 ptus.
1100 2117 1244 2152 Elegitquc
1259 2117 1311 2144 sibi
1325 2116 1376 2144 Lot
1392 2117 1532 2152 regionem
1549 2117 1623 2144 circa
1638 2116 1800 2150 Jordanem,

1013 2167 1040 2190 et
1055 2160 1172 2190 recéssit
1184 2163 1220 2190 ab
1234 2164 1356 2196 oriente,
1373 2168 1400 2192 et
1414 2163 1496 2191 divisi
1514 2167 1579 2191 sunt
1591 2163 1626 2191 ab
1646 2163 1774 2191 invicem.
1792 2173 1802 2189 ι

209 2251 219 2267 ι
237 2242 372 2276 Κρεῖσσον
387 2242 472 2268 οἰκεῖν
483 2242 530 2268 ἐπὶ
543 2243 646 2276 γωνίας
661 2243 806 2280 ὑπαίθρου,
821 2244 837 2279 ἦ
853 2245 882 2271 ἐν
895 2244 962 2280 οἴκῳ

1052 2249 1131 2277 Prov.
1150 2258 1208 2282 χιιι,
1225 2250 1260 2283 9;
1277 2259 1341 2283 xxv.
1356 2251 1401 2278 2i».
1416 2265 1452 2271 -ν
1469 2260 1477 2276 ι
1497 2251 1593 2278 Melius
1615 2255 1658 2278 est
1681 2251 1807 2278 habitare

171 2296 264 2322 κοινῳ.
286 2297 294 2312 ι

209 2343 218 2358 ι
245 2333 425 2369 ’ἰσχυροτέρῳ
438 2342 486 2360 σου
501 2334 548 2361 καὶ
571 2333 762 2371 πλουσιωτέρῳ
777 2345 824 2363 σου
846 2337 883 2372 μὴ
905 2346 962 2364 κοι-

170 2386 260 2406 νωνει.
285 2388 294 2404 1

208 2424 334 2458 Ἕχουσιν
351 2425 378 2451 αἱ
399 2424 453 2451 τῶν
474 2424 575 2452 κοινῶν
595 2426 751 2461 ἐπιμέλειαι
774 2427 860 2460 λαῦὰς
874 2428 914 2459 εἰς
930 2428 962 2455 τὸ

172 2469 343 2505 μεμφθῆναι.

170 2526 261 2553 ΤΙΤΛ.
278 2527 341 2553 KE’.
356 2542 390 2546 —
406 2527 477 2565 Περί
492 2527 666 2565 absus/plac
676 2536 683 2543 '
702 2529 747 2556 ὅτι
762 2530 857 2565 εὐχῆς
872 2530 960 2563 ἄξιον

449 2562 481 2589 τὸ
496 2563 679 2596 κατόρθωμα.

207 2616 216 2632 ι
238 2607 299 2633 Ἐπὶ
317 2607 408 2642 μικρῷ
417 2607 466 2634 καὶ
483 2608 594 2644 μεγάλῳ
608 2610 768 2645 εὐδοκιμίαν
783 2610 840 2645 ἔχε.
857 2621 866 2636 ι

207 2707 216 2722 ι
233 2698 387 2726 Σπούδασον
409 2700 524 2727 σεαυτὸν
549 2701 695 2736 εὐδόκιμον
721 2704 899 2740 παραστῆσαι
919 2704 958 2740 τῷ

168 2742 238 2779 Θεῷ,
257 2745 378 2780 ἐργάτην
392 2747 617 2783 ἀνεπαίσχυντον.
635 2758 644 2774 ι

326 2835 416 2862 ΤΙΤΛ.
434 2835 504 2869 KG'.
519 2851 551 2855 ——
566 2837 634 2871 Περὶ
649 2837 797 2874 ἐμπόρων.

204 2888 213 2905 ι
231 2880 316 2912 Μόλις
334 2881 465 2914 ἐξελεῖται
482 2882 602 2918 ἔμπορος
617 2884 670 2911 ἀπὸ
687 2885 888 2923 πλημμελείας.
908 2900 916 2916 ›

1016 2296 1042 2323 in
1059 2297 1161 2332 angulo
1177 2297 1229 2324 sub
1244 2296 1300 2330 dio,
1321 2305 1402 2332 quam
1421 2298 1449 2324 in
1464 2298 1546 2325 domo
1559 2298 1711 2325 communi.
1731 2307 1740 2322 ι

1052 2342 1134 2369 Ειειὶ⁴
1150 2351 1211 2374 xui,
1227 2343 1255 2370 2.
1266 2359 1300 2364 --
1312 2353 1321 2369 ι
1336 2343 1454 2371 Fortiori
1473 2348 1500 2372 et
1514 2344 1607 2372 ditiori
1621 2348 1693 2371 tene
1709 2342 1804 2370 socius

1016 2387 1113 2416 fueris.
1131 2398 1141 2414 ι

1053 2432 1158 2461 [labent
1168 2435 1357 2461 communium
1370 2435 1545 2470 negotiorum
1561 2442 1635 2462 cura:
1653 2435 1804 2470 reprehen-

1015 2481 1103 2508 sionis
1115 2487 1209 2507 ansas.

1013 2537 1082 2565 TIT.
1098 2537 1181 2565 XXV.
1193 2538 1277 2564 ——De
1294 2539 1407 2565 nominis
1421 2539 1562 2574 splendore
1574 2547 1584 2566 :
1603 2544 1628 2566 ει
1647 2538 1718 2574 quod
1733 2543 1802 2566 recte

1210 2574 1312 2607 factum
1332 2574 1418 2609 gloria
1433 2575 1542 2609 dignum
1559 2575 1604 2601 sit.

1048 2619 1130 2647 Eccli.
1151 2628 1227 2652 nix,
1239 2621 1283 2647 50.
1297 2635 1332 2640 -
1346 2630 1355 2646 ι
1371 2621 1400 2648 In
1414 2628 1499 2656 parva
1518 2626 1545 2650 et
1566 2629 1666 2657 magna
1679 2629 1720 2654 re,
1733 2629 1800 2648 cura

1014 2669 1042 2693 ut
1059 2667 1127 2694 bene
1137 2667 1244 2695 audias.
1264 2677 1274 2693 ι

1049 2712 1080 2740 ll
1095 2713 1163 2740 Tim.
1183 2722 1213 2746 ιι,
1229 2714 1273 2742 15.
1286 2729 1321 2735 —-
1339 2724 1348 2740 ι
1365 2714 1490 2743 Sollicite
1506 2723 1573 2743 cura
1598 2717 1716 2752 leipsum
1734 2723 1799 2751 pro-

1011 2758 1130 2786 babilem
1157 2760 1288 2788 exhibere
1313 2761 1384 2793 Deo,
1413 2763 1615 2789 mercenarium
1644 2762 1800 2790 iuconi‘usi-

1011 2804 1104 2832 bilem.
1123 2814 1141 2835 ι

1152 2850 1219 2879 ΤΙΤ.
1238 2851 1333 2880 XXVI.
1347 2867 1381 2872 ——
1398 2852 1434 2880 De
1453 2855 1654 2882 mercatoribus.

1047 2893 1130 2923 Eccli.
1148 2912 1181 2915 —
1200 2906 1208 2922 ι
1232 2896 1279 2924 Vix
1309 2902 1444 2926 mercator
1465 2900 1598 2936 eripietur
1623 2909 1637 2928 a
1658 2901 1784 2929 delicto.)
