2056 3113
270 165 336 194 15in
834 161 864 192 S.
886 161 1047 192 JOANNIS
1066 161 1082 191 ῑ

1100 160 1282 191 \MASCENI
1840 161 1912 194 15ῡῆ

441 219 507 247 TlT.
525 218 634 246 XXVII.
647 234 679 238 —
694 218 733 246 De
747 220 886 246 eunuchis.
1077 223 1096 249 Λ

1077 223 1096 249 Λ
1260 218 1353 246 ΤΙΤΛ.
1374 219 1436 246 KZ'.
1454 233 1488 238 —-
1513 217 1583 252 Περὶ
1602 218 1766 253 εὐνούχων.

305 267 370 301 Sap.
395 275 436 299 nt,
469 267 557 294 IVL—
575 276 584 291 ε
608 266 710 293 Beatus
736 270 778 293 est
803 267 909 301 spado,
934 265 981 301 qui
1005 273 1061 292 non

1154 274 1163 290 ι
1180 265 1326 301 Μακάριος
1341 266 1355 291 6
1370 264 1511 299 εὐνοῦχος,
1523 265 1537 290 6
1551 264 1588 299 μὴ
1599 264 1788 300 ἐργασάμενος
1807 265 1835 292 ὲν
1848 274 1917 300 χερ-

268 317 399 347 operatus
429 316 472 340 est
505 320 552 347 per
578 319 677 339 manus
703 305 771 339 sua;
789 311 981 347 iniquitatem,
1010 318 1062 338 nec

1117 312 1158 337 civ
1187 311 1329 346 ὰνόμημα,
1357 309 1424 345 μηδὲ
1440 309 1606 345 ἐνθυμηθεὶς
1637 311 1710 337 κατὰ
1737 310 1786 337 τοῦ
1807 311 1915 346 Κυρίου

269 359 400 394 cogitavit
423 359 560 386 adversus
586 358 671 386 Deum
686 359 870 393 nequissima,
887 350 1004 386 Dabitur
1022 357 1061 384 illi

1116 357 1234 392 πονηρά.
1247 356 1399 392 Δοῦἠσεται
1411 355 1486 390 αὐτῷ
1495 356 1545 391 τῆς
1563 356 1682 388 πίστεως
1693 356 1773 392 χάρις
1784 357 1914 392 ὲκλεκτὴ,

271 404 333 432 Iidei
360 405 463 433 donum
483 405 602 433 electum
617 424 625 437 ,
648 409 674 432 et
694 412 755 433 sors
783 405 810 432 in
835 405 938 440 templo
955 405 1003 432 Dei
1018 412 1063 431 ae~

974 405 1003 431 rei
1018 412 1063 431 ae~
1117 402 1166 430 καὶ
1186 403 1288 438 κλῆρος
1303 403 1332 429 ὲν
1353 402 1409 437 ναῷ
1424 401 1527 439 Κυρίου
1544 402 1759 438 θυμηδέα-τερος.
1777 412 1786 428 ι

271 451 439 485 ceptissima.
463 460 474 476 ι

309 494 391 523 Ereti.
409 504 455 527 xv,
473 495 500 522 4.
513 510 545 515 —-
557 504 566 521 ε
581 495 815 531 Concupiscentia
826 496 957 531 spadonis
969 501 998 524 ut
1015 497 1065 524 de-

1060 511 1065 517 .
1157 501 1166 516 ι
1190 491 1341 526 Ἐπιθυμία
1353 490 1482 526 εὐνούχου
1499 490 1731 524 ἁποπαρθενῶσαι
1746 490 1846 518 νεᾶνιν.
1864 499 1872 516 ι

273 542 394 576 virginet
406 542 596 577 juvenculam.
616 551 625 567 ι

309 587 408 616 Matt/t.
431 596 489 620 xix,
506 587 550 615 12.
570 603 601 608 -
615 597 624 613 ‹
641 587 712 614 Sunt
728 587 847 615 eunuchi
861 588 907 623 qui
920 588 952 615 de
973 593 1064 623 ventre

1158 588 1167 604 ι
1188 578 1263 605 Εἰσὶν
1283 578 1418 614 εὐνοῦχοι,
1435 579 1534 611 οἵτινες
1554 580 1588 606 ἐκ
1610 579 1716 612 κοιλίας
1740 580 1843 615 μητρδς
1861 579 1916 606 αὑ-

274 633 372 661 matris
397 642 453 660 sua:
474 633 513 660 sic
543 633 602 660 nati
625 637 706 666 sunt;
727 637 755 660 et
784 637 849 661 sunt
879 634 1000 671 etmuchi
1019 635 1066 670 qui

1119 625 1174 652 τῶν
1189 625 1375 661 ἐγεννήθησαν
1395 625 1497 658 οὕτως·
1514 625 1561 652 καὶ
1582 626 1652 653 εἰσὶν
1668 625 1801 661 εὐνοῦχοι,
1814 626 1916 659 οἵτινες

275 678 339 706 l'acti
356 684 422 705 sunt
439 679 473 706 ab
491 678 649 706 hominibus
663 687 671 712 ς
691 682 718 706 et
732 684 797 706 sunt
810 671 931 706 eunuchi
960 679 1007 715 qui
1024 687 1068 707 se-

1120 671 1336 707 εὺνουχίσθησαν
1351 671 1404 698 ὑπὸ
1419 671 1473 698 τῶν
1488 671 1657 707 ἀνθρώπων·
1675 672 1723 698 καὶ
1736 673 1805 699 εἰσιν
1820 673 1915 700 εὐνοῦ·

275 724 351 759 ipsos
369 727 566 752 castraxcruut
584 729 698 759 propter
715 732 832 758 regnum
850 724 1011 752 caelorum.)

1121 726 1174 753 χοι,
1200 717 1300 749 οἵτινες
1326 717 1489 752 εὐνούχισαν
1511 718 1627 749 ἑαυτοὺς
1645 717 1689 744 διὰ
1704 717 1753 753 τὴν
1775 717 1914 754 βασιλεία»

1120 764 1176 789 τῶν
1191 763 1221 789 οὺ
1227 762 1326 798 ρανῶν.
1345 772 1354 788 ι

310 807 391 843 522
403 807 433 836 S.
452 808 542 836 Basil.
558 809 638 845 epist.
657 809 692 836 ad
715 810 837 844 Simplic.
859 810 951 836 lueret.
967 825 1001 829 —
1016 809 1070 836 Eu-

1159 811 1275 845 Ἂτιμον
1290 809 1321 836 τὸ
1336 809 1392 836 τῶν
1415 808 1552 844 εὐνούχων
1569 809 1647 843 γένος
1664 808 1711 836 καὶ
1728 808 1917 844 πανώλεθρον.

276 854 432 882 unt-horum
451 862 537 890 genus
550 855 653 883 infame
665 860 749 891 atque
765 856 996 883 exitiosissimum
1012 860 1064 884 est.

1123 856 1209 883 Τοῦτο
1222 855 1254 890 δὴ
1269 855 1349 882 τοῦτο
1365 855 1460 890 ἆθηλυ,
1478 854 1621 890 ἄνανδρον,
1637 854 1848 889 γυναικομανὲς,
1868 854 1918 880 καὶ

276 900 345 932 lloc,
371 899 501 935 inquam,
531 901 622 935 ipsum
643 909 695 928 nec
712 901 866 934 muliebre,
889 909 941 928 nec
965 901 1047 929 virile
1062 922 1069 934 ,

1106 908 1108 927 ι
1123 901 1264 937 ἐπίζηλον,
1281 901 1461 936 ὰμετάδοτον,
1476 901 1620 936 πάνδοκον,
1635 900 1818 936 ἅπροσκορὲς.
1832 900 1918 926 κλαυ-

276 946 422 974 nmlierum
466 947 567 975 insano
608 955 703 976 amore
740 947 858 980 ardens,
892 947 1068 983 zelotypum,

1126 948 1272 980 σίδειπνον,
1287 948 1434 983 ὀξύθυμον,
1453 947 1635 983 χρυσομανὲς,
1653 946 1834 981 κακόμισθον,
1848 946 1921 980 ἀπη-

277 992 430 1026 illiberale,
453 993 524 1021 nihil
554 1002 610 1022 non
635 994 797 1029 accipiens,
827 994 1007 1029 inexplebile,
1034 994 1071 1021 ob

1124 994 1180 1026 νὲς,
1203 993 1385 1029 θηλυδρῶδες,
1404 993 1616 1029 γαστρίδουλον·
1643 993 1689 1020 κα¹ι
1705 993 1731 1019 τί
1758 991 1811 1027 γὰρ
1825 991 1918 1023 sinu;

276 1044 382 1065 cmuam
405 1038 519 1073 plorans
531 1058 538 1071 ,
566 1039 749 1070 iracunduuh
765 1040 825 1066 auri
843 1040 954 1066 avidum
970 1059 977 1071 ,
996 1039 1070 1067 ftede

1126 1039 1175 1065 σὺν
1187 1039 1256 1075 αὐτῇ
1286 1039 1319 1074 τῇ
1336 1039 1475 1074 γεννήσει,
1500 1037 1754 1074 σιδηροκατάδικον.
1778 1036 1841 1068 Πῶς
1862 1036 1922 1071 γὰρ

277 1085 494 1119 mercenarium,
524 1093 646 1118 saevum,
676 1085 882 1118 ell'emiuatum,
914 1085 1004 1112 ventri
1020 1085 1069 1113 de-

1124 1085 1192 1120 ὀρθὴ
1216 1084 1314 1120 γνώμη
1338 1084 1453 1116 τούτων,
1469 1080 1507 1111 ὧν
1525 1084 1550 1110 οι
1567 1083 1647 1115 πόδες
1672 1082 1817 1118 στρεϐλοΗ
1844 1079 1921 1109 οὗτοι

276 1128 365 1155 ditum
383 1137 391 1155 :
410 1129 476 1164 quid
505 1129 617 1157 tandem
644 1130 758 1158 dicant?
780 1129 815 1157 ab
831 1130 892 1165 ipso
909 1133 972 1156 ortu
991 1129 1070 1156 dam-

1126 1131 1174 1166 μὲν
1187 1129 1234 1158 οὖν
1251 1130 1435 1167 σωφρονοῦσιν
1460 1130 1566 1165 ἆμισθα
1588 1129 1634 1156 διὰ
1656 1130 1784 1165 σιδήρου’
1807 1129 1921 1163 μένουσι

277 1177 372 1201 uatum
406 1174 488 1203 ferro.
514 1175 654 1209 Quidnam
681 1180 775 1203 autent
804 1176 902 1203 horum
933 1176 1069 1211 integrum

847 1183 902 1203 rum
933 1176 1069 1211 integrant
1125 1176 1154 1202 δὲ
1170 1176 1293 1211 ἄκαρποι
1310 1176 1344 1203 δι’
1358 1175 1464 1203 οἰκείαν
1479 1175 1659 1210 αἰσχρότητα.

278 1220 410 1255 iudicium
435 1222 486 1256 sit,
523 1229 642 1257 quorum
680 1222 765 1257 pedes
799 1229 910 1257 quoque
948 1221 1069 1256 perversi
1087 1222 1172 1248 sunt?
1203 1221 1236 1249 IIi
1269 1222 1403 1250 nimirum
1437 1226 1464 1250 et
1499 1221 1566 1249 ferri
1600 1227 1684 1256 opera
1716 1217 1816 1248 frustra
1847 1220 1920 1248 casti

277 1273 359 1301 sunt,
373 1275 405 1294 ac
424 1272 538 1303 propter
560 1269 764 1296 obscenitatem
791 1276 869 1295 suam
897 1268 1006 1295 fructus
1024 1272 1151 1302 expertes
1166 1272 1291 1295 manent.

313 1314 343 1342 S.
358 1313 429 1341 Nili.
441 1331 476 1336 —
493 1315 535 1342 Ab
566 1323 653 1343 uxore
681 1320 728 1343 tua
753 1315 908 1351 spadonum
925 1315 1071 1351 strepitum

1168 1316 1336 1351 ’Λπόστησον
1361 1315 1415 1342 ἀπὸ
1433 1314 1482 1349 τῆς
1506 1314 1623 1350 συμῦίου
1649 1323 1696 1341 σου
1713 1314 1760 1341 τὸν
1783 1314 1925 1349 εὐνούχων

278 1367 398 1387 remove.
415 1361 548 1393 Quamvis
562 1361 635 1388 enim
656 1361 745 1397 spado
760 1361 887 1396 geminos
904 1360 976 1388 inl'ra
988 1365 1072 1388 testes

1127 1362 1281 1397 σμάραγον,
1298 1362 1358 1388 Κᾶν
1373 1361 1428 1396 γὰρ
1449 1361 1541 1396 δοκοίη
1557 1361 1613 1387 τῶν
1632 1361 1708 1387 κάτω
1727 1360 1848 1396 διδύμων
1872 1361 1922 1387 ἐκ-

278 1413 405 1436 exsectos
421 1408 525 1435 habere
537 1407 678 1437 videatur.
697 1413 725 1436 at
736 1416 821 1443 supra
838 1412 932 1436 tamen
947 1407 1072 1443 geminos

1125 1407 1291 1443 τετμῆσθαι.
1313 1407 1371 1434 ἀλλ’
1384 1407 1443 1434 ἄνω
1453 1406 1510 1442 ἔχει
1526 1408 1555 1433 ὲν
1569 1406 1607 1442 τῷ
1623 1406 1761 1442 προσώπῳ
1776 1407 1838 1438 τοὺς
1851 1406 1922 1433 διδύ-

279 1454 306 1480 in
329 1453 399 1481 facie
413 1453 511 1481 oculos
524 1453 608 1481 habet
627 1454 776 1482 libidinose
793 1454 945 1486 inIuenles.
963 1458 990 1481 et
1001 1453 1071 1480 mala
1087 1481 1091 1499 ⁴

1128 1462 1193 1488 μους
1211 1453 1371 1488 ὀφθαλμοὺς
1385 1453 1519 1488 ἑμπαθῶς
1547 1453 1708 1488 βλέποντας,
1728 1453 1774 1480 καὶ
1789 1453 1921 1488 ἐπισυρό-

280 1507 374 1527 ευρυιιι
391 1499 552 1528 testimonia
574 1500 725 1528 trahentes.

1091 1499 1109 1503 ’
1127 1509 1209 1535 μενον
1223 1500 1275 1535 ἤδη
1293 1499 1415 1536 πονηρὰς
1433 1499 1598 1536 μαρτυρίας.

281 1555 351 1583 ’1’1”1“.
372 1554 492 1583 XXVIII.
506 1571 542 1576 —
558 1555 596 1583 De
615 1556 830 1588 laudationibus,
855 1562 879 1583 el
901 1556 956 1583 illis
982 1558 1027 1591 qui
1048 1558 1075 1583 in

1126 1558 1216 1585 TI'I‘A.
1235 1558 1303 1584 κη’.
1320 1573 1354 1577 -
1369 1557 1439 1591 Περὶ
1454 1557 1609 1591 ἐγκωμίων
1623 1556 1672 1584 καὶ
1685 1555 1744 1583 τῶν
1756 1557 1923 1591 χαιρόντων

317 1592 355 1619 eis
376 1592 537 1626 voluptatem
564 1592 692 1626 capiunt;
708 1597 732 1619 et
753 1593 823 1625 quod
843 1597 905 1619 ante
926 1592 1075 1626 periculum

1161 1593 1196 1619 ἐν
1214 1593 1318 1626 αὐτοῖς
1328 1599 1334 1606 ·
1352 1593 1402 1620 καὶ
1420 1593 1464 1619 ὅτι
1476 1593 1513 1620 οὐ
1531 1592 1580 1619 δεῖ
1593 1591 1651 1627 πρὸ
1663 1593 1769 1627 πεΙρας
1785 1592 1924 1619 ἐπαινεῖν

317 1627 419 1661 factum
435 1627 565 1654 neminem
578 1627 690 1654 laudare
707 1632 836 1662 oporteat.
1163 1636 1240 1655 τινα.

320 1684 399 1712 Prov.
426 1692 513 1716 xxvu,
537 1684 633 1711 2l.—
661 1693 671 1711 ‹
699 1685 850 1712 Probatum
876 1689 1022 1721 argentum
1050 1691 1077 1714 et

1165 1694 1174 1710 ι
1192 1685 1310 1720 Δόκιμον
1325 1684 1459 1721 ἀργύριον
1478 1684 1526 1711 καὶ
1543 1684 1656 1720 χρυσίον
1671 1683 1828 1719 πυρώσεις·
1852 1683 1925 1719 ἀνὴρ

284 1738 382 1758 aurum
402 1730 465 1765 igne
479 1730 628 1766 probabis;
648 1731 730 1759 homo
748 1739 813 1760 vero
827 1732 962 1768 probatur
978 1739 1027 1766 per
1042 1739 1073 1759 os

1127 1730 1156 1757 δὲ
1182 1730 1361 1766 δοκιμάζεται
1383 1731 1428 1758 διὰ
1452 1730 1587 1766 στόματος
1615 1729 1849 1765 ἐγκωμιαζόντων
1878 1730 1927 1757 αὺ-

285 1776 459 1804 laudantium
478 1784 552 1804 eum.
574 1786 586 1803 ι

403 1776 459 1803 ium
478 1784 552 1804 eum.
574 1786 586 1803 ι
1128 1777 1185 1804 τόν.
1206 1787 1215 1804 ι

322 1833 332 1849 ι
355 1822 487 1851 Enmdem
507 1823 623 1852 laudare
641 1829 668 1853 et
689 1824 847 1860 vituperare
863 1831 974 1854 nonest
989 1825 1077 1853 lmini-

1167 1833 1176 1849 ι
1194 1822 1246 1850 Τὺν
1261 1823 1345 1851 αὑτὸν
1362 1824 1487 1851 ἐπαινεῖν
1502 1823 1550 1851 καὶ
1564 1822 1660 1859 ψέγειν
1675 1822 1726 1848 οὐκ
1741 1820 1841 1857 ἀνδρὸς
1861 1822 1925 1855 ἀγα-

285 1870 329 1897 nis
345 1869 433 1904 probi.
455 1878 464 1895 ι

401 1870 433 1897 bi.
455 1878 464 1895 ι
1131 1869 1188 1896 οοῦ.
1205 1879 1213 1895 ι

322 1915 408 1943 Eccli.
436 1923 522 1949 xxvu,
537 1915 565 1942 7.
581 1931 614 1937 —
632 1925 641 1941 ι
664 1916 738 1943 Ante
765 1915 1019 1944 considerationem
1046 1923 1080 1943 ne

1170 1926 1179 1942 ‹
1195 1915 1253 1949 Πρὸ
1275 1915 1407 1951 λογισμοῦ
1428 1917 1466 1951 μὴ
1489 1915 1641 1951 ἐπαινέσῃς
1655 1914 1749 1950 ἄνδρα.
1766 1912 1852 1947 Οὗτος
1872 1914 1927 1948 γὰρ

285 1961 383 1990 laudes
402 1962 503 1989 virum.
525 1960 590 1989 llaec
607 1962 680 1989 enim
702 1966 744 1990 est
766 1963 882 1991 tentatio
900 1962 1032 1991 hominis.
1051 1972 1060 1988 ι

670 1969 680 1988 ο
702 1966 744 1990 est
766 1963 882 1991 tentatio
900 1962 1032 1991 hominis.
1051 1972 1060 1988 ι
1132 1962 1288 1998 πειρασμὸς
1301 1961 1457 1997 ἀνθρώπου.
1474 1971 1482 1987 ι

322 2007 388 2035 Luc.
418 2016 457 2039 vr,
473 2007 519 2034 26.
537 2021 572 2027 —-
585 2016 594 2032 ‹
616 2006 662 2034 νε
679 2007 776 2039 vobis,
799 2015 863 2035 cum
889 2008 1082 2036 benedixcrint

1171 2019 1180 2035 ε
1199 2009 1268 2036 Οὐαὶ
1281 2008 1347 2043 ὑμῖν
1364 2008 1428 2035 ὅταν
1449 2007 1540 2040 καλῶς
1555 2008 1670 2035 εἴπωσιν
1686 2008 1760 2043 ὑμᾶς
1782 2007 1887 2038 πάντες
1903 2007 1927 2032 οἱ

287 2054 366 2081 vobis
399 2053 537 2082 homines.
569 2052 727 2080 Secundum
753 2053 812 2081 hzec
837 2054 911 2082 cuitu
944 2053 1082 2081 faciebant

1131 2055 1282 2091 ἄνθρωποι.
1302 2055 1382 2082 Κατὰ
1395 2054 1482 2081 ταῦτα
1502 2055 1557 2090 γὰρ
1581 2054 1691 2081 ἐποίουν
1705 2055 1762 2086 τοῖς
1778 2052 1930 2088 ψευδοπρο-

287 2099 538 2135 pseudoprophetis
559 2102 653 2133 patres
666 2105 780 2138 eorum._
796 2108 805 2124 ι

738 2106 780 2138 m._
796 2108 805 2124 ι
1133 2102 1233 2138 φήταις
1248 2101 1272 2127 οἱ
1288 2100 1407 2135 πατέρες
1421 2099 1526 2127 αὐτῶν.
1540 2109 1549 2126 ι

324 2133 453 2180 S.lgimt.
469 2145 545 2180 epist.
561 2146 595 2171 ad
612 2144 695 2172 Trall.
712 2133 937 2180 intei‘poI.-Etsi
955 2145 982 2173 in
1003 2147 1085 2175 rebus
1101 2145 1125 2174 Ι)

1120 2150 1125 2170 1
1140 2133 1146 2138 ”
1165 2133 1185 2173 ἰ
1200 2147 1260 2174 Κᾶν
1272 2133 1429 2183 ἐρρωμένος
1445 2143 1468 2172 ὢ
1484 2145 1556 2173 κατὰ
1570 2145 1616 2173 τὸν
1634 2145 1714 2178 Θεὸν,
1731 2145 1823 2172 πλεῖόν
1838 2153 1874 2179 με
1891 2145 1932 2171 δεῖ

287 2199 349 2226 (μου
363 2191 396 2218 ad
413 2191 498 2219 Deum
515 2195 658 2226 spectant,
681 2191 816 2220 robustus
840 2191 929 2224 fuero,
949 2197 1005 2219 lum
1020 2200 1080 2220 am-

1133 2192 1275 2228 φοὸεῖσθαι
1303 2193 1352 2219 καὶ
1383 2191 1531 2228 προσέχειν
1550 2192 1606 2222 τοῖς
1630 2191 1692 2226 εἰκῆ
1725 2189 1851 2226 φυσῶσίν
1881 2198 1929 2224 με.

288 2237 362 2272 plius
381 2238 496 2265 timeam
519 2241 646 2272 oportet,
672 2242 754 2272 atque
779 2237 814 2264 ab
837 2238 878 2265 eis
900 2245 1011 2265 caveam
1033 2239 1080 2273 qui

900 2245 1011 2265 caveam
1033 2239 1080 2273 qui
1139 2238 1329 2270 Ἐπαινοῦντες
1345 2238 1401 2274 γάρ
1416 2246 1450 2273 με
1470 2236 1664 2273 μαστιγοῦσιν.
1684 2245 1693 2262 ι

288 2291 332 2310 me
346 2283 486 2311 incassum
500 2282 609 2310 inﬂant.
633 2282 664 2310 Ili
682 2282 756 2310 enim
773 2290 817 2310 me
838 2283 978 2310 laudando
994 2283 1082 2311 casti-

299 2333 366 2356 (aut.

290 2338 366 2364 gum.

325 2375 365 2403 Ne
377 2375 411 2403 ad
427 2383 474 2404 eas
487 2375 583 2404 Iaudes
603 2383 665 2412 qua:
686 2376 832 2403 veritatem
859 2375 1018 2409 excedunt,
1039 2376 1082 2403 in-

1170 2371 1216 2407 Μὴ
1239 2371 1308 2407 πρὸς
1333 2371 1463 2403 ἐπαίνους
1486 2369 1674 2406 χαυνωθῶμεν
1697 2369 1761 2401 τοὺς
1780 2368 1852 2404 ὑπὲρ
1882 2369 1933 2404 τὴν

291 2426 492 2450 tumescamus.

469 2430 492 2449 s.
1135 2417 1278 2453 ἀλήθειαν.

328 2467 359 2495 S.
377 2467 463 2494 Basil.
479 2483 513 2488 —
530 2467 625 2500 Multi,
646 2467 712 2495 dum
727 2466 800 2501 vulgi
824 2466 923 2494 laudes
945 2474 977 2494 ae
1004 2466 1084 2501 plau-

1172 2464 1270 2491 Πολλοὶ
1282 2464 1328 2490 τὸν
1342 2464 1418 2499 παρὰ
1437 2462 1493 2490 τῶν
1509 2461 1617 2489 πολλῶν
1632 2461 1744 2488 ἔπαινον
1760 2459 1933 2496 θηρώμενοι,

292 2521 355 2543 sum
385 2519 573 2549 aueupantur.
600 2521 630 2542 re
651 2513 766 2550 quidem
785 2513 844 2548 ipsa
868 2512 1034 2546 injustiliam
1058 2516 1086 2540 ct

1137 2511 1212 2547 ἔργῳ
1235 2510 1285 2545 μὲν
1300 2511 1351 2544 τὴν
1372 2508 1480 2536 ἀδικίαν
1497 2508 1545 2536 καὶ
1561 2506 1719 2540 πλεονεξίαν
1731 2506 1769 2538 ὡς
1789 2505 1934 2541 ὠφέλιμον

292 2560 440 2588 avaritiam
461 2564 593 2596 tanquam
620 2558 906 2594 utilemrprael‘erunt;
925 2559 1018 2594 specie
1035 2566 1086 2586 an-

1139 2557 1302 2594 προτιμῶσι,
1320 2556 1440 2591 σχήματι
1460 2555 1488 2582 δὲ
1510 2555 1559 2582 καὶ
1582 2554 1664 2589 λόγῳ,
1684 2553 1733 2589 τὴν
1751 2553 1867 2588 ἰσότητα
1889 2554 1936 2580 καὶ

294 2613 351 2637 tem
363 2611 392 2635 et
412 2613 540 2636 scrutene
555 2607 714 2641 aequitatem
731 2610 760 2633 et
773 2604 913 2639 justitiam
934 2605 1035 2632 mirum
1058 2605 1086 2632 iu

854 2605 913 2631 iam
934 2605 1035 2632 mirum
1058 2605 1086 2632 in
1138 2604 1188 2640 τὴν
1201 2602 1379 2637 δικαιοσύνην
1394 2600 1666 2637 ὑπερθαυμάζουσιν.

295 2653 408 2681 modum
427 2652 612 2680 admirantur.

331 2699 383 2727 llic
409 2707 476 2735 opes
503 2706 570 2728 suas
594 2699 621 2727 in
641 2706 689 2729 eos
712 2699 759 2734 qui
783 2707 846 2727 cum
876 2698 943 2726 feris
964 2702 1089 2733 pugnant

1181 2695 1210 2722 '0
1223 2695 1297 2722 δεῖνα
1308 2694 1355 2721 τὸν
1370 2693 1485 2720 πλοῦτον
1506 2693 1563 2724 τοῖς
1589 2690 1769 2726 Θηριομάχοις
1795 2699 1936 2725 προσῆψας

297 2744 460 2777 cliundcns,
485 2750 571 2781 atque
599 2745 730 2774 inanibus
756 2745 832 2781 vulgi
847 2745 1022 2773 sermonibus
1037 2752 1086 2771 ex-

1140 2741 1251 2772 λὶσκων,
1275 2740 1322 2767 καὶ
1346 2740 1406 2771 ταῖς
1423 2738 1553 2774 ματαίαις
1575 2736 1630 2763 τῶν
1645 2736 1742 2772 δήμων
1764 2736 1870 2770 φωναῖς
1892 2738 1937 2762 ἔπη

299 2790 409 2818 saltans
420 2810 428 2823 ,
448 2791 578 2819 laudibus
594 2792 755 2819 intumescit
766 2812 774 2823 ,
788 2790 990 2826 magniﬁcaque
1007 2790 1042 2818 de
1059 2798 1089 2818 se

1141 2786 1336 2820 αγαλλόμενος,
1349 2785 1467 2819 φυσᾶται
1478 2785 1534 2815 τοῖς
1543 2782 1675 2813 ἐπαίνοις,
1686 2782 1733 2808 καὶ
1742 2781 1814 2816 μέγα
1827 2783 1936 2816 φρονεῖ,

299 2835 401 2867 sentit,
435 2837 550 2870 gloriam
581 2837 708 2865 videlicet
736 2838 842 2865 hancus
870 2838 898 2864 in
923 2836 1087 2864 confusione

1142 2832 1190 2867 τὴν
1205 2831 1283 2864 δόξαν
1305 2831 1376 2865 ἔχων
1401 2831 1431 2857 ὲν
1450 2830 1483 2865 τῇ
1506 2827 1621 2864 αἰσχύνῃ
1644 2826 1748 2854 αὐτοῦ·
1775 2827 1805 2858 ὃς
1830 2835 1864 2861 γε
1890 2828 1939 2853 καὶ

300 2889 372 2908 sua.
402 2882 504 2916 quippe
536 2884 582 2917 qui
602 2883 769 2912 clariSsimis
793 2884 950 2918 quibusque
979 2883 1088 2910 civibus

1144 2879 1284 2913 ἔγγραφον
1313 2878 1368 2908 τοῖς
1394 2875 1555 2911 περιφανέτι
1573 2875 1621 2909 τῆς
1637 2873 1743 2905 πόλεως
1759 2872 1809 2908 τὴν
1834 2873 1939 2900 ἑαυτοῦ

301 2925 328 2951 in
345 2925 448 2951 tabulis
465 2926 569 2958 putum
590 2933 733 2961 parvulum
755 2917 877 2956 ostentet
892 2917 981 2956 suum.

1146 2924 1282 2959 ἁμαρτία-ν
1299 2923 1344 2949 ἐπὶ
1357 2923 1410 2949 τῶν
1427 2922 1548 2948 πινάκων
1564 2919 1691 2947 δεικνύει.
1865 2917 1870 2922 ’
