  <div class='ocr_page' id='page_1' title='image "/cluster/home/n/w/nwhite01/storage/ocr_20150623/95/njp.32101077772844/792.png"; bbox 0 0 2056 3113; ppageno 0'>
   <div class='ocr_carea' id='block_1_1' title="bbox 190 174 257 208">
    <p class='ocr_par' dir='ltr' id='par_1_1' title="bbox 190 174 257 208">
     <span class='ocr_line' id='line_1_1' title="bbox 190 174 257 208; baseline 0.03 -2"><span class='ocrx_word' id='word_1_1' title='bbox 190 174 257 208; x_wconf 71' lang='lat'><strong>1565</strong></span> 
     </span>
    </p>
   </div>
   <div class='ocr_carea' id='block_1_2' title="bbox 820 175 1182 205">
    <p class='ocr_par' dir='ltr' id='par_1_2' title="bbox 820 175 1182 205">
     <span class='ocr_line' id='line_1_2' title="bbox 820 175 1182 205; baseline 0 -1"><span class='ocrx_word' id='word_1_2' title='bbox 820 175 938 205; x_wconf 75' lang='lat' dir='ltr'><strong>SACRA</strong></span> <span class='ocrx_word' id='word_1_3' title='bbox 954 175 1182 204; x_wconf 76' lang='lat' dir='ltr'><strong>PARALLELA.</strong></span> 
     </span>
    </p>
   </div>
   <div class='ocr_carea' id='block_1_3' title="bbox 1753 172 1820 203">
    <p class='ocr_par' dir='ltr' id='par_1_3' title="bbox 1753 172 1820 203">
     <span class='ocr_line' id='line_1_3' title="bbox 1753 172 1820 203; baseline -0.015 0"><span class='ocrx_word' id='word_1_4' title='bbox 1753 172 1762 203; x_wconf 82' lang='grc'><strong>1</strong></span> <span class='ocrx_word' id='word_1_5' title='bbox 1769 172 1820 203; x_wconf 80' lang='grc'><strong>566</strong></span> 
     </span>
    </p>
   </div>
   <div class='ocr_carea' id='block_1_4' title="bbox 189 228 973 269">
    <p class='ocr_par' dir='ltr' id='par_1_4' title="bbox 189 233 973 269">
     <span class='ocr_line' id='line_1_4' title="bbox 189 233 973 269; baseline -0.003 -8"><span class='ocrx_word' id='word_1_6' title='bbox 189 235 280 261; x_wconf 81' lang='grc' dir='ltr'><strong>ΤΙΤΛ.</strong></span> <span class='ocrx_word' id='word_1_7' title='bbox 301 234 364 261; x_wconf 75' lang='lat' dir='ltr'><strong>KG’.</strong></span> <span class='ocrx_word' id='word_1_8' title='bbox 374 250 407 255; x_wconf 91' lang='lat'><strong>—-</strong></span> <span class='ocrx_word' id='word_1_9' title='bbox 419 233 486 269; x_wconf 69' lang='grc' dir='ltr'>Περὶ</span> <span class='ocrx_word' id='word_1_10' title='bbox 501 234 682 267; x_wconf 72' lang='grc' dir='ltr'>ἐκδικήσεως·</span> <span class='ocrx_word' id='word_1_11' title='bbox 698 233 771 261; x_wconf 83' lang='grc' dir='ltr'><strong>Θεοῦ</strong></span> <span class='ocrx_word' id='word_1_12' title='bbox 787 233 849 266; x_wconf 84' lang='grc' dir='ltr'>τοῖς</span> <span class='ocrx_word' id='word_1_13' title='bbox 862 233 973 260; x_wconf 81' lang='grc' dir='ltr'>ἀδικου-</span> 
     </span>
    </p>
   </div>
   <div class='ocr_carea' id='block_1_5' title="bbox 1022 228 1819 269">
    <p class='ocr_par' dir='ltr' id='par_1_5' title="bbox 1034 228 1819 269">
     <span class='ocr_line' id='line_1_5' title="bbox 1034 228 1819 269; baseline -0.003 -11"><span class='ocrx_word' id='word_1_14' title='bbox 1034 231 1107 269; x_wconf 24' lang='grc' dir='ltr'>τιτι</span> <span class='ocrx_word' id='word_1_15' title='bbox 1128 231 1224 269; x_wconf 20' lang='grc' dir='ltr'><strong>ΧνΧίξ.</strong></span> <span class='ocrx_word' id='word_1_16' title='bbox 1241 228 1466 269; x_wconf 77' lang='lat' dir='ltr'><strong>——_De_t-indic!a</strong></span> <span class='ocrx_word' id='word_1_17' title='bbox 1490 236 1542 269; x_wconf 78' lang='lat' dir='ltr'><strong>quq</strong></span> <span class='ocrx_word' id='word_1_18' title='bbox 1566 228 1634 269; x_wconf 69' lang='lat' dir='ltr'><strong>Deus</strong></span> <span class='ocrx_word' id='word_1_19' title='bbox 1658 236 1701 255; x_wconf 76' lang='lat' dir='ltr'><strong>eos</strong></span> <span class='ocrx_word' id='word_1_20' title='bbox 1730 230 1819 269; x_wconf 56' lang='lat' dir='ltr'><strong>ritibus</strong></span> 
     </span>
    </p>
   </div>
   <div class='ocr_carea' id='block_1_6' title="bbox 219 268 978 304">
    <p class='ocr_par' dir='ltr' id='par_1_6' title="bbox 219 268 978 304">
     <span class='ocr_line' id='line_1_6' title="bbox 219 268 978 304; baseline -0.003 -8"><span class='ocrx_word' id='word_1_21' title='bbox 219 269 322 304; x_wconf 78' lang='grc' dir='ltr'><strong>μένοις</strong></span> <span class='ocrx_word' id='word_1_22' title='bbox 335 268 499 304; x_wconf 69' lang='grc' dir='ltr'>γενομένης</span> <span class='ocrx_word' id='word_1_23' title='bbox 509 278 515 284; x_wconf 92' lang='grc'>·</span> <span class='ocrx_word' id='word_1_24' title='bbox 536 269 580 296; x_wconf 80' lang='grc' dir='ltr'>ὅτι</span> <span class='ocrx_word' id='word_1_25' title='bbox 599 270 658 304; x_wconf 76' lang='grc' dir='ltr'>χρὴ</span> <span class='ocrx_word' id='word_1_26' title='bbox 674 268 714 301; x_wconf 80' lang='grc' dir='ltr'>τῷ</span> <span class='ocrx_word' id='word_1_27' title='bbox 731 269 793 302; x_wconf 81' lang='grc' dir='ltr'><strong>Θεῷ</strong></span> <span class='ocrx_word' id='word_1_28' title='bbox 807 268 978 302; x_wconf 76' lang='grc' dir='ltr'><strong>ἐπιτρέπειν</strong></span> 
     </span>
    </p>
   </div>
   <div class='ocr_carea' id='block_1_7' title="bbox 222 304 540 338">
    <p class='ocr_par' dir='ltr' id='par_1_7' title="bbox 222 304 540 338">
     <span class='ocr_line' id='line_1_7' title="bbox 222 304 540 338; baseline 0 -7"><span class='ocrx_word' id='word_1_29' title='bbox 222 305 257 331; x_wconf 79' lang='grc' dir='ltr'>τὰ</span> <span class='ocrx_word' id='word_1_30' title='bbox 277 304 333 338; x_wconf 84' lang='grc' dir='ltr'><strong>τῆς</strong></span> <span class='ocrx_word' id='word_1_31' title='bbox 346 304 540 338; x_wconf 72' lang='grc' dir='ltr'><strong>ἐκδικήσεως.</strong></span> 
     </span>
    </p>
   </div>
   <div class='ocr_carea' id='block_1_8' title="bbox 225 359 979 396">
    <p class='ocr_par' dir='ltr' id='par_1_8' title="bbox 225 359 979 396">
     <span class='ocr_line' id='line_1_8' title="bbox 225 359 979 396; baseline 0.003 -11"><span class='ocrx_word' id='word_1_32' title='bbox 225 369 234 385; x_wconf 80' lang='grc' dir='ltr'><strong>ι</strong></span> <span class='ocrx_word' id='word_1_33' title='bbox 252 359 319 392; x_wconf 77' lang='grc' dir='ltr'>Θεὸς</span> <span class='ocrx_word' id='word_1_34' title='bbox 332 360 502 396; x_wconf 81' lang='grc' dir='ltr'>ὲκδικήσεων</span> <span class='ocrx_word' id='word_1_35' title='bbox 514 360 627 395; x_wconf 81' lang='grc' dir='ltr'>Κύριος,</span> <span class='ocrx_word' id='word_1_36' title='bbox 643 360 709 391; x_wconf 75' lang='grc' dir='ltr'>Θεὸς</span> <span class='ocrx_word' id='word_1_37' title='bbox 721 359 888 395; x_wconf 78' lang='grc' dir='ltr'>ἐκδικήσεων</span> <span class='ocrx_word' id='word_1_38' title='bbox 899 360 979 395; x_wconf 79' lang='grc' dir='ltr'>ὲπαῤ·</span> 
     </span>
    </p>
   </div>
   <div class='ocr_carea' id='block_1_9' title="bbox 189 405 382 440">
    <p class='ocr_par' dir='ltr' id='par_1_9' title="bbox 189 405 382 440">
     <span class='ocr_line' id='line_1_9' title="bbox 189 405 382 440; baseline 0 -10"><span class='ocrx_word' id='word_1_39' title='bbox 189 405 351 440; x_wconf 78' lang='grc' dir='ltr'>ρησιάσατο.</span> <span class='ocrx_word' id='word_1_40' title='bbox 373 414 382 430; x_wconf 71' lang='grc' dir='ltr'><strong>ι</strong></span> 
     </span>
    </p>
   </div>
   <div class='ocr_carea' id='block_1_10' title="bbox 226 450 977 486">
    <p class='ocr_par' dir='ltr' id='par_1_10' title="bbox 226 450 977 486">
     <span class='ocr_line' id='line_1_10' title="bbox 226 450 977 486; baseline 0 -10"><span class='ocrx_word' id='word_1_41' title='bbox 226 460 235 476; x_wconf 77' lang='grc' dir='ltr'><strong>ι</strong></span> <span class='ocrx_word' id='word_1_42' title='bbox 251 450 340 477; x_wconf 89' lang='grc' dir='ltr'>Ποιῶν</span> <span class='ocrx_word' id='word_1_43' title='bbox 357 450 543 485; x_wconf 71' lang='grc' dir='ltr'><strong>ἐλεημοσύνας</strong></span> <span class='ocrx_word' id='word_1_44' title='bbox 559 451 574 477; x_wconf 85' lang='grc' dir='ltr'><strong>ὀ</strong></span> <span class='ocrx_word' id='word_1_45' title='bbox 597 451 716 486; x_wconf 82' lang='grc' dir='ltr'>Κύριος,</span> <span class='ocrx_word' id='word_1_46' title='bbox 734 450 782 478; x_wconf 79' lang='grc' dir='ltr'>καὶ</span> <span class='ocrx_word' id='word_1_47' title='bbox 806 451 893 486; x_wconf 81' lang='grc' dir='ltr'>κρῖμα</span> <span class='ocrx_word' id='word_1_48' title='bbox 911 451 977 477; x_wconf 81' lang='grc' dir='ltr'>πᾶσι</span> 
     </span>
    </p>
   </div>
   <div class='ocr_carea' id='block_1_11' title="bbox 189 496 494 532">
    <p class='ocr_par' dir='ltr' id='par_1_11' title="bbox 189 496 494 532">
     <span class='ocr_line' id='line_1_11' title="bbox 189 496 494 532; baseline -0.003 -10"><span class='ocrx_word' id='word_1_49' title='bbox 189 498 245 528; x_wconf 82' lang='grc' dir='ltr'>τοῖς</span> <span class='ocrx_word' id='word_1_50' title='bbox 262 496 463 532; x_wconf 83' lang='grc' dir='ltr'>ἀδικουμένοις.</span> <span class='ocrx_word' id='word_1_51' title='bbox 485 506 494 521; x_wconf 76' lang='grc' dir='ltr'><strong>ι</strong></span> 
     </span>
    </p>
   </div>
   <div class='ocr_carea' id='block_1_12' title="bbox 227 542 976 578">
    <p class='ocr_par' dir='ltr' id='par_1_12' title="bbox 227 542 976 578">
     <span class='ocr_line' id='line_1_12' title="bbox 227 542 976 578; baseline 0.001 -10"><span class='ocrx_word' id='word_1_52' title='bbox 227 551 236 568; x_wconf 80' lang='grc' dir='ltr'><strong>ι</strong></span> <span class='ocrx_word' id='word_1_53' title='bbox 253 542 360 576; x_wconf 77' lang='grc' dir='ltr'>Ἔγνων</span> <span class='ocrx_word' id='word_1_54' title='bbox 375 542 417 569; x_wconf 79' lang='grc' dir='ltr'>ὅτι</span> <span class='ocrx_word' id='word_1_55' title='bbox 431 543 540 574; x_wconf 82' lang='grc' dir='ltr'>ποιήσει</span> <span class='ocrx_word' id='word_1_56' title='bbox 554 542 657 578; x_wconf 77' lang='grc' dir='ltr'>Κύριος</span> <span class='ocrx_word' id='word_1_57' title='bbox 671 542 720 577; x_wconf 86' lang='grc' dir='ltr'><strong>τὴν</strong></span> <span class='ocrx_word' id='word_1_58' title='bbox 731 543 823 578; x_wconf 80' lang='grc' dir='ltr'><strong>κρίσιν</strong></span> <span class='ocrx_word' id='word_1_59' title='bbox 838 542 893 569; x_wconf 83' lang='grc' dir='ltr'><strong>τῶν</strong></span> <span class='ocrx_word' id='word_1_60' title='bbox 907 550 976 569; x_wconf 84' lang='grc' dir='ltr'>πτω-</span> 
     </span>
    </p>
   </div>
   <div class='ocr_carea' id='block_1_13' title="bbox 188 586 512 623">
    <p class='ocr_par' dir='ltr' id='par_1_13' title="bbox 188 586 512 623">
     <span class='ocr_line' id='line_1_13' title="bbox 188 586 512 623; baseline 0 -11"><span class='ocrx_word' id='word_1_61' title='bbox 188 586 252 621; x_wconf 83' lang='grc' dir='ltr'><strong>χῶν1</strong></span> <span class='ocrx_word' id='word_1_62' title='bbox 270 587 319 613; x_wconf 82' lang='grc' dir='ltr'>καὶ</span> <span class='ocrx_word' id='word_1_63' title='bbox 335 587 385 623; x_wconf 85' lang='grc' dir='ltr'>τὴν</span> <span class='ocrx_word' id='word_1_64' title='bbox 397 587 486 622; x_wconf 87' lang='grc' dir='ltr'>δίκην.</span> <span class='ocrx_word' id='word_1_65' title='bbox 503 596 512 612; x_wconf 74' lang='grc' dir='ltr'><strong>ι</strong></span> 
     </span>
    </p>
   </div>
   <div class='ocr_carea' id='block_1_14' title="bbox 225 632 976 669">
    <p class='ocr_par' dir='ltr' id='par_1_14' title="bbox 225 632 976 669">
     <span class='ocr_line' id='line_1_14' title="bbox 225 632 976 669; baseline 0.001 -11"><span class='ocrx_word' id='word_1_66' title='bbox 225 642 234 657; x_wconf 78' lang='grc' dir='ltr'><strong>ι</strong></span> <span class='ocrx_word' id='word_1_67' title='bbox 249 632 295 668; x_wconf 82' lang='grc' dir='ltr'><strong>Μὴ</strong></span> <span class='ocrx_word' id='word_1_68' title='bbox 311 632 403 668; x_wconf 80' lang='grc' dir='ltr'>είπῃς,</span> <span class='ocrx_word' id='word_1_69' title='bbox 418 633 535 667; x_wconf 81' lang='grc' dir='ltr'>Τίσομαι</span> <span class='ocrx_word' id='word_1_70' title='bbox 551 633 596 659; x_wconf 77' lang='grc' dir='ltr'>τὸν</span> <span class='ocrx_word' id='word_1_71' title='bbox 620 633 729 669; x_wconf 75' lang='grc' dir='ltr'>ἐχθρὸν,</span> <span class='ocrx_word' id='word_1_72' title='bbox 751 632 808 659; x_wconf 76' lang='grc' dir='ltr'>ἀλλ’</span> <span class='ocrx_word' id='word_1_73' title='bbox 828 632 976 667; x_wconf 85' lang='grc' dir='ltr'><strong>ὑπόμεινον</strong></span> 
     </span>
    </p>
   </div>
   <div class='ocr_carea' id='block_1_15' title="bbox 186 677 639 715">
    <p class='ocr_par' dir='ltr' id='par_1_15' title="bbox 186 677 639 715">
     <span class='ocr_line' id='line_1_15' title="bbox 186 677 639 715; baseline 0 -11"><span class='ocrx_word' id='word_1_74' title='bbox 186 678 232 705; x_wconf 85' lang='grc' dir='ltr'>τὸν</span> <span class='ocrx_word' id='word_1_75' title='bbox 247 677 361 713; x_wconf 82' lang='grc' dir='ltr'>Κύριον,</span> <span class='ocrx_word' id='word_1_76' title='bbox 377 678 421 705; x_wconf 84' lang='grc' dir='ltr'><strong>ἴνα</strong></span> <span class='ocrx_word' id='word_1_77' title='bbox 433 687 463 704; x_wconf 88' lang='grc' dir='ltr'><strong>σε</strong></span> <span class='ocrx_word' id='word_1_78' title='bbox 479 677 612 715; x_wconf 78' lang='grc' dir='ltr'><strong>βοηθήσῃ.</strong></span> <span class='ocrx_word' id='word_1_79' title='bbox 629 688 639 704; x_wconf 72' lang='grc' dir='ltr'><strong>ι</strong></span> 
     </span>
    </p>
   </div>
   <div class='ocr_carea' id='block_1_16' title="bbox 224 723 975 760">
    <p class='ocr_par' dir='ltr' id='par_1_16' title="bbox 224 723 975 760">
     <span class='ocr_line' id='line_1_16' title="bbox 224 723 975 760; baseline 0 -11"><span class='ocrx_word' id='word_1_80' title='bbox 224 734 233 749; x_wconf 74' lang='grc' dir='ltr'><strong>ι</strong></span> <span class='ocrx_word' id='word_1_81' title='bbox 255 724 359 759; x_wconf 77' lang='grc' dir='ltr'>Σκόλοψ</span> <span class='ocrx_word' id='word_1_82' title='bbox 386 725 500 760; x_wconf 82' lang='grc' dir='ltr'>πικρίας</span> <span class='ocrx_word' id='word_1_83' title='bbox 521 725 569 751; x_wconf 74' lang='grc' dir='ltr'>καὶ</span> <span class='ocrx_word' id='word_1_84' title='bbox 598 724 706 752; x_wconf 75' lang='grc' dir='ltr'>ἄκανθα</span> <span class='ocrx_word' id='word_1_85' title='bbox 731 724 829 760; x_wconf 83' lang='grc' dir='ltr'><strong>ὀδύνης</strong></span> <span class='ocrx_word' id='word_1_86' title='bbox 845 724 899 750; x_wconf 80' lang='grc' dir='ltr'><strong>ἀπὸ</strong></span> <span class='ocrx_word' id='word_1_87' title='bbox 921 723 975 750; x_wconf 81' lang='grc' dir='ltr'>τῶν</span> 
     </span>
    </p>
   </div>
   <div class='ocr_carea' id='block_1_17' title="bbox 187 766 975 804">
    <p class='ocr_par' dir='ltr' id='par_1_17' title="bbox 187 766 975 804">
     <span class='ocr_line' id='line_1_17' title="bbox 187 766 975 804; baseline -0.003 -9"><span class='ocrx_word' id='word_1_88' title='bbox 187 768 346 804; x_wconf 79' lang='grc' dir='ltr'><strong>περικύκλῳ</strong></span> <span class='ocrx_word' id='word_1_89' title='bbox 360 769 461 796; x_wconf 80' lang='grc' dir='ltr'>αὐτῶν.</span> <span class='ocrx_word' id='word_1_90' title='bbox 478 769 533 795; x_wconf 79' lang='grc' dir='ltr'><strong>Καὶ</strong></span> <span class='ocrx_word' id='word_1_91' title='bbox 554 766 660 803; x_wconf 82' lang='grc' dir='ltr'>ποιήσω</span> <span class='ocrx_word' id='word_1_92' title='bbox 680 769 767 804; x_wconf 82' lang='grc' dir='ltr'>κρῖμα</span> <span class='ocrx_word' id='word_1_93' title='bbox 783 769 812 795; x_wconf 80' lang='grc' dir='ltr'>ὲν</span> <span class='ocrx_word' id='word_1_94' title='bbox 831 769 899 794; x_wconf 81' lang='grc' dir='ltr'>πᾶσι</span> <span class='ocrx_word' id='word_1_95' title='bbox 920 768 975 798; x_wconf 78' lang='grc' dir='ltr'>τοῖς</span> 
     </span>
    </p>
   </div>
   <div class='ocr_carea' id='block_1_18' title="bbox 187 814 521 850">
    <p class='ocr_par' dir='ltr' id='par_1_18' title="bbox 187 814 521 850">
     <span class='ocr_line' id='line_1_18' title="bbox 187 814 521 850; baseline 0 -9"><span class='ocrx_word' id='word_1_96' title='bbox 187 814 365 850; x_wconf 79' lang='grc' dir='ltr'><strong>ἀτιμάζουσιν</strong></span> <span class='ocrx_word' id='word_1_97' title='bbox 381 814 489 846; x_wconf 82' lang='grc' dir='ltr'>αὐτούς.</span> <span class='ocrx_word' id='word_1_98' title='bbox 511 823 521 840; x_wconf 66' lang='grc' dir='ltr'><strong>ι</strong></span> 
     </span>
    </p>
   </div>
   <div class='ocr_carea' id='block_1_19' title="bbox 1067 264 1818 301">
    <p class='ocr_par' dir='ltr' id='par_1_19' title="bbox 1067 264 1818 301">
     <span class='ocr_line' id='line_1_19' title="bbox 1067 264 1818 301; baseline -0.003 -8"><span class='ocrx_word' id='word_1_99' title='bbox 1067 268 1169 301; x_wconf 82' lang='lat' dir='ltr'><strong>injuria</strong></span> <span class='ocrx_word' id='word_1_100' title='bbox 1192 267 1222 301; x_wconf 80' lang='lat' dir='ltr'><strong>ﬁt</strong></span> <span class='ocrx_word' id='word_1_101' title='bbox 1249 266 1406 296; x_wconf 80' lang='lat' dir='ltr'><strong>ulciscitur;</strong></span> <span class='ocrx_word' id='word_1_102' title='bbox 1427 269 1450 290; x_wconf 86' lang='lat' dir='ltr'><strong>et</strong></span> <span class='ocrx_word' id='word_1_103' title='bbox 1473 265 1542 294; x_wconf 74' lang='lat' dir='ltr'><strong>quod</strong></span> <span class='ocrx_word' id='word_1_104' title='bbox 1562 265 1596 290; x_wconf 83' lang='lat' dir='ltr'><strong>ad</strong></span> <span class='ocrx_word' id='word_1_105' title='bbox 1617 272 1675 291; x_wconf 84' lang='lat' dir='ltr'><strong>eum</strong></span> <span class='ocrx_word' id='word_1_106' title='bbox 1697 264 1763 290; x_wconf 81' lang='grc' dir='ltr'>ιιιιὶο</span> <span class='ocrx_word' id='word_1_107' title='bbox 1780 273 1818 291; x_wconf 81' lang='lat' dir='ltr'><strong>re-</strong></span> 
     </span>
    </p>
   </div>
   <div class='ocr_carea' id='block_1_20' title="bbox 1065 302 1251 329">
    <p class='ocr_par' dir='ltr' id='par_1_20' title="bbox 1065 302 1251 329">
     <span class='ocr_line' id='line_1_20' title="bbox 1065 302 1251 329; baseline -0.005 -1"><span class='ocrx_word' id='word_1_108' title='bbox 1065 302 1192 329; x_wconf 78' lang='lat' dir='ltr'><strong>mittenda</strong></span> <span class='ocrx_word' id='word_1_109' title='bbox 1207 302 1251 328; x_wconf 79' lang='lat' dir='ltr'><strong>sil.</strong></span> 
     </span>
    </p>
   </div>
   <div class='ocr_carea' id='block_1_21' title="bbox 1063 353 1817 389">
    <p class='ocr_par' dir='ltr' id='par_1_21' title="bbox 1063 353 1817 389">
     <span class='ocr_line' id='line_1_21' title="bbox 1063 353 1817 389; baseline -0.005 -4"><span class='ocrx_word' id='word_1_110' title='bbox 1063 358 1138 385; x_wconf 79' lang='lat' dir='ltr'><strong>Psal.</strong></span> <span class='ocrx_word' id='word_1_111' title='bbox 1164 366 1241 389; x_wconf 81' lang='lat' dir='ltr'><strong>xcm,</strong></span> <span class='ocrx_word' id='word_1_112' title='bbox 1269 357 1295 384; x_wconf 85' lang='grc'><strong>1.</strong></span> <span class='ocrx_word' id='word_1_113' title='bbox 1321 365 1378 382; x_wconf 85' lang='grc' dir='ltr'><strong>--ι</strong></span> <span class='ocrx_word' id='word_1_114' title='bbox 1410 356 1481 384; x_wconf 86' lang='lat' dir='ltr'><strong>Deus</strong></span> <span class='ocrx_word' id='word_1_115' title='bbox 1502 356 1637 383; x_wconf 88' lang='lat' dir='ltr'><strong>ultionum</strong></span> <span class='ocrx_word' id='word_1_116' title='bbox 1665 353 1817 386; x_wconf 85' lang='lat' dir='ltr'><strong>Dominus,</strong></span> 
     </span>
    </p>
   </div>
   <div class='ocr_carea' id='block_1_22' title="bbox 1029 403 1477 438">
    <p class='ocr_par' dir='ltr' id='par_1_22' title="bbox 1029 403 1477 438">
     <span class='ocr_line' id='line_1_22' title="bbox 1029 403 1477 438; baseline -0.004 -8"><span class='ocrx_word' id='word_1_117' title='bbox 1029 404 1104 432; x_wconf 91' lang='lat' dir='ltr'><strong>Deus</strong></span> <span class='ocrx_word' id='word_1_118' title='bbox 1123 404 1259 431; x_wconf 88' lang='lat' dir='ltr'><strong>ultionmn</strong></span> <span class='ocrx_word' id='word_1_119' title='bbox 1280 403 1367 430; x_wconf 89' lang='lat' dir='ltr'><strong>libere</strong></span> <span class='ocrx_word' id='word_1_120' title='bbox 1382 403 1448 438; x_wconf 74' lang='lat' dir='ltr'><strong>egit.</strong></span> <span class='ocrx_word' id='word_1_121' title='bbox 1468 412 1477 428; x_wconf 71' lang='grc' dir='ltr'><strong>ι</strong></span> 
     </span>
    </p>
   </div>
   <div class='ocr_carea' id='block_1_23' title="bbox 1063 445 1817 481">
    <p class='ocr_par' dir='ltr' id='par_1_23' title="bbox 1063 445 1817 481">
     <span class='ocr_line' id='line_1_23' title="bbox 1063 445 1817 481; baseline -0.005 -5"><span class='ocrx_word' id='word_1_122' title='bbox 1063 449 1138 477; x_wconf 79' lang='lat' dir='ltr'><strong>Psal.</strong></span> <span class='ocrx_word' id='word_1_123' title='bbox 1155 457 1202 481; x_wconf 84' lang='lat' dir='ltr'><strong>cu,</strong></span> <span class='ocrx_word' id='word_1_124' title='bbox 1219 448 1296 476; x_wconf 81' lang='grc' dir='ltr'>6.-ι</span> <span class='ocrx_word' id='word_1_125' title='bbox 1314 448 1431 476; x_wconf 83' lang='lat' dir='ltr'><strong>Facicns</strong></span> <span class='ocrx_word' id='word_1_126' title='bbox 1449 445 1656 474; x_wconf 82' lang='lat' dir='ltr'><strong>misericordias</strong></span> <span class='ocrx_word' id='word_1_127' title='bbox 1673 445 1817 476; x_wconf 78' lang='lat' dir='ltr'><strong>Dominus.</strong></span> 
     </span>
    </p>
   </div>
   <div class='ocr_carea' id='block_1_24' title="bbox 1026 491 1730 529">
    <p class='ocr_par' dir='ltr' id='par_1_24' title="bbox 1026 491 1730 529">
     <span class='ocr_line' id='line_1_24' title="bbox 1026 491 1730 529; baseline -0.01 -7"><span class='ocrx_word' id='word_1_128' title='bbox 1026 500 1054 522; x_wconf 87' lang='lat' dir='ltr'><strong>et</strong></span> <span class='ocrx_word' id='word_1_129' title='bbox 1070 494 1206 529; x_wconf 79' lang='lat' dir='ltr'><strong>judicium</strong></span> <span class='ocrx_word' id='word_1_130' title='bbox 1225 494 1354 521; x_wconf 78' lang='lat' dir='ltr'><strong>cantibus</strong></span> <span class='ocrx_word' id='word_1_131' title='bbox 1369 492 1497 526; x_wconf 87' lang='lat' dir='ltr'><strong>injuriam</strong></span> <span class='ocrx_word' id='word_1_132' title='bbox 1513 491 1696 526; x_wconf 72' lang='lat' dir='ltr'><strong>patientibus.</strong></span> <span class='ocrx_word' id='word_1_133' title='bbox 1720 499 1730 515; x_wconf 78' lang='grc'><strong>1</strong></span> 
     </span>
    </p>
   </div>
   <div class='ocr_carea' id='block_1_25' title="bbox 1064 535 1817 573">
    <p class='ocr_par' dir='ltr' id='par_1_25' title="bbox 1064 535 1817 573">
     <span class='ocr_line' id='line_1_25' title="bbox 1064 535 1817 573; baseline -0.007 -6"><span class='ocrx_word' id='word_1_134' title='bbox 1064 540 1138 567; x_wconf 77' lang='grc' dir='ltr'>Ρεαί.</span> <span class='ocrx_word' id='word_1_135' title='bbox 1167 547 1281 572; x_wconf 78' lang='lat' dir='ltr'><strong>cxxxtx,</strong></span> <span class='ocrx_word' id='word_1_136' title='bbox 1297 538 1341 566; x_wconf 74' lang='lat'><strong>13.</strong></span> <span class='ocrx_word' id='word_1_137' title='bbox 1356 553 1391 558; x_wconf 82' lang='lat'><strong>—-</strong></span> <span class='ocrx_word' id='word_1_138' title='bbox 1409 547 1419 564; x_wconf 83' lang='grc' dir='ltr'><strong>ι</strong></span> <span class='ocrx_word' id='word_1_139' title='bbox 1439 538 1562 573; x_wconf 77' lang='lat' dir='ltr'><strong>Cognovi</strong></span> <span class='ocrx_word' id='word_1_140' title='bbox 1585 537 1651 571; x_wconf 84' lang='lat' dir='ltr'><strong>quia</strong></span> <span class='ocrx_word' id='word_1_141' title='bbox 1667 536 1749 563; x_wconf 79' lang='lat' dir='ltr'><strong>faciet</strong></span> <span class='ocrx_word' id='word_1_142' title='bbox 1763 535 1817 562; x_wconf 81' lang='lat' dir='ltr'><strong>llo-</strong></span> 
     </span>
    </p>
   </div>
   <div class='ocr_carea' id='block_1_26' title="bbox 1027 583 1669 620">
    <p class='ocr_par' dir='ltr' id='par_1_26' title="bbox 1027 583 1669 620">
     <span class='ocr_line' id='line_1_26' title="bbox 1027 583 1669 620; baseline -0.008 -7"><span class='ocrx_word' id='word_1_143' title='bbox 1027 586 1120 614; x_wconf 82' lang='lat' dir='ltr'><strong>minus</strong></span> <span class='ocrx_word' id='word_1_144' title='bbox 1132 585 1270 620; x_wconf 85' lang='lat' dir='ltr'><strong>judicium</strong></span> <span class='ocrx_word' id='word_1_145' title='bbox 1288 586 1399 620; x_wconf 91' lang='lat' dir='ltr'><strong>inopum</strong></span> <span class='ocrx_word' id='word_1_146' title='bbox 1415 604 1422 616; x_wconf 82' lang='lat'><strong>,</strong></span> <span class='ocrx_word' id='word_1_147' title='bbox 1442 589 1470 612; x_wconf 90' lang='lat' dir='ltr'><strong>et</strong></span> <span class='ocrx_word' id='word_1_148' title='bbox 1484 583 1646 611; x_wconf 79' lang='lat' dir='ltr'><strong>vindictam.</strong></span> <span class='ocrx_word' id='word_1_149' title='bbox 1660 592 1669 608; x_wconf 81' lang='grc' dir='ltr'><strong>ι</strong></span> 
     </span>
    </p>
   </div>
   <div class='ocr_carea' id='block_1_27' title="bbox 1065 627 1816 664">
    <p class='ocr_par' dir='ltr' id='par_1_27' title="bbox 1065 627 1816 664">
     <span class='ocr_line' id='line_1_27' title="bbox 1065 627 1816 664; baseline -0.008 -6"><span class='ocrx_word' id='word_1_150' title='bbox 1065 632 1145 658; x_wconf 84' lang='lat' dir='ltr'><strong>Prov.</strong></span> <span class='ocrx_word' id='word_1_151' title='bbox 1173 640 1219 664; x_wconf 78' lang='lat' dir='ltr'><strong>xx,</strong></span> <span class='ocrx_word' id='word_1_152' title='bbox 1244 631 1290 658; x_wconf 74' lang='lat'><strong>‘22.</strong></span> <span class='ocrx_word' id='word_1_153' title='bbox 1306 646 1340 650; x_wconf 95' lang='lat'><strong>—</strong></span> <span class='ocrx_word' id='word_1_154' title='bbox 1357 640 1365 655; x_wconf 77' lang='grc' dir='ltr'><strong>ι</strong></span> <span class='ocrx_word' id='word_1_155' title='bbox 1387 629 1425 657; x_wconf 81' lang='lat' dir='ltr'><strong>Ne</strong></span> <span class='ocrx_word' id='word_1_156' title='bbox 1448 629 1551 657; x_wconf 81' lang='lat' dir='ltr'><strong>dicas:</strong></span> <span class='ocrx_word' id='word_1_157' title='bbox 1579 627 1736 663; x_wconf 76' lang='lat' dir='ltr'><strong>Rependam</strong></span> <span class='ocrx_word' id='word_1_158' title='bbox 1763 627 1816 653; x_wconf 80' lang='lat' dir='ltr'><strong>ini—</strong></span> 
     </span>
    </p>
   </div>
   <div class='ocr_carea' id='block_1_28' title="bbox 1031 673 1763 710">
    <p class='ocr_par' dir='ltr' id='par_1_28' title="bbox 1031 673 1763 710">
     <span class='ocr_line' id='line_1_28' title="bbox 1031 673 1763 710; baseline -0.008 -6"><span class='ocrx_word' id='word_1_159' title='bbox 1031 677 1121 709; x_wconf 88' lang='lat' dir='ltr'><strong>mico;</strong></span> <span class='ocrx_word' id='word_1_160' title='bbox 1139 676 1185 704; x_wconf 86' lang='lat' dir='ltr'><strong>sed</strong></span> <span class='ocrx_word' id='word_1_161' title='bbox 1204 679 1335 710; x_wconf 79' lang='lat' dir='ltr'><strong>exspecta</strong></span> <span class='ocrx_word' id='word_1_162' title='bbox 1353 674 1510 705; x_wconf 87' lang='lat' dir='ltr'><strong>Dominum.</strong></span> <span class='ocrx_word' id='word_1_163' title='bbox 1529 677 1557 700; x_wconf 90' lang='lat' dir='ltr'><strong>ut</strong></span> <span class='ocrx_word' id='word_1_164' title='bbox 1575 679 1600 699; x_wconf 88' lang='lat' dir='ltr'><strong>te</strong></span> <span class='ocrx_word' id='word_1_165' title='bbox 1618 673 1736 707; x_wconf 76' lang='lat' dir='ltr'><strong>adjuvet.</strong></span> <span class='ocrx_word' id='word_1_166' title='bbox 1754 681 1763 697; x_wconf 72' lang='grc' dir='ltr'><strong>ι</strong></span> 
     </span>
    </p>
   </div>
   <div class='ocr_carea' id='block_1_29' title="bbox 1061 717 1818 758">
    <p class='ocr_par' dir='ltr' id='par_1_29' title="bbox 1061 717 1818 758">
     <span class='ocr_line' id='line_1_29' title="bbox 1061 717 1818 758; baseline -0.008 -9"><span class='ocrx_word' id='word_1_167' title='bbox 1061 722 1140 758; x_wconf 78' lang='grc'><strong>523</strong></span> <span class='ocrx_word' id='word_1_168' title='bbox 1156 721 1253 749; x_wconf 73' lang='lat' dir='ltr'><strong>Ezecli.</strong></span> <span class='ocrx_word' id='word_1_169' title='bbox 1270 729 1367 753; x_wconf 73' lang='lat' dir='ltr'><strong>nun,</strong></span> <span class='ocrx_word' id='word_1_170' title='bbox 1382 720 1428 747; x_wconf 72' lang='grc'><strong>24.</strong></span> <span class='ocrx_word' id='word_1_171' title='bbox 1441 734 1476 738; x_wconf 95' lang='grc'><strong><em>-</em></strong></span> <span class='ocrx_word' id='word_1_172' title='bbox 1492 718 1626 746; x_wconf 85' lang='lat' dir='ltr'><strong>Stimulus</strong></span> <span class='ocrx_word' id='word_1_173' title='bbox 1658 717 1818 744; x_wconf 86' lang='lat' dir='ltr'><strong>amaritudi—</strong></span> 
     </span>
    </p>
   </div>
   <div class='ocr_carea' id='block_1_30' title="bbox 1027 762 1816 802">
    <p class='ocr_par' dir='ltr' id='par_1_30' title="bbox 1027 762 1816 802">
     <span class='ocr_line' id='line_1_30' title="bbox 1027 762 1816 802; baseline -0.006 -7"><span class='ocrx_word' id='word_1_174' title='bbox 1027 768 1082 802; x_wconf 88' lang='lat' dir='ltr'><strong>nis,</strong></span> <span class='ocrx_word' id='word_1_175' title='bbox 1099 772 1127 795; x_wconf 71' lang='grc' dir='ltr'><strong>οι</strong></span> <span class='ocrx_word' id='word_1_176' title='bbox 1151 769 1230 802; x_wconf 80' lang='lat' dir='ltr'><strong>spina</strong></span> <span class='ocrx_word' id='word_1_177' title='bbox 1251 767 1356 794; x_wconf 79' lang='lat' dir='ltr'><strong>doloris</strong></span> <span class='ocrx_word' id='word_1_178' title='bbox 1373 774 1421 801; x_wconf 88' lang='lat' dir='ltr'><strong>per</strong></span> <span class='ocrx_word' id='word_1_179' title='bbox 1437 765 1586 793; x_wconf 85' lang='lat' dir='ltr'><strong>circuitum</strong></span> <span class='ocrx_word' id='word_1_180' title='bbox 1600 771 1710 792; x_wconf 88' lang='lat' dir='ltr'><strong>eorum.</strong></span> <span class='ocrx_word' id='word_1_181' title='bbox 1730 763 1762 790; x_wconf 79' lang='lat' dir='ltr'><strong>Et</strong></span> <span class='ocrx_word' id='word_1_182' title='bbox 1776 762 1816 790; x_wconf 78' lang='grc' dir='ltr'>[ιι-</span> 
     </span>
    </p>
   </div>
   <div class='ocr_carea' id='block_1_31' title="bbox 1026 810 1818 848">
    <p class='ocr_par' dir='ltr' id='par_1_31' title="bbox 1026 810 1818 848">
     <span class='ocr_line' id='line_1_31' title="bbox 1026 810 1818 848; baseline -0.008 -8"><span class='ocrx_word' id='word_1_183' title='bbox 1026 815 1096 841; x_wconf 88' lang='lat' dir='ltr'><strong>ciam</strong></span> <span class='ocrx_word' id='word_1_184' title='bbox 1116 814 1251 848; x_wconf 85' lang='lat' dir='ltr'><strong>judicium</strong></span> <span class='ocrx_word' id='word_1_185' title='bbox 1271 813 1400 840; x_wconf 87' lang='lat' dir='ltr'><strong>omnibus</strong></span> <span class='ocrx_word' id='word_1_186' title='bbox 1415 812 1462 847; x_wconf 91' lang='lat' dir='ltr'><strong>qui</strong></span> <span class='ocrx_word' id='word_1_187' title='bbox 1484 810 1597 839; x_wconf 82' lang='lat' dir='ltr'><strong>fecerint</strong></span> <span class='ocrx_word' id='word_1_188' title='bbox 1622 810 1662 837; x_wconf 90' lang='lat' dir='ltr'><strong>eis</strong></span> <span class='ocrx_word' id='word_1_189' title='bbox 1677 814 1818 836; x_wconf 79' lang='lat' dir='ltr'><strong>cantumc~</strong></span> 
     </span>
    </p>
   </div>
   <div class='ocr_carea' id='block_1_32' title="bbox 1029 859 1132 886">
    <p class='ocr_par' dir='ltr' id='par_1_32' title="bbox 1029 859 1132 886">
     <span class='ocr_line' id='line_1_32' title="bbox 1029 859 1132 886; baseline -0.01 0"><span class='ocrx_word' id='word_1_190' title='bbox 1029 859 1105 886; x_wconf 87' lang='lat' dir='ltr'><strong>liam.</strong></span> <span class='ocrx_word' id='word_1_191' title='bbox 1122 869 1132 885; x_wconf 70' lang='grc' dir='ltr'><strong>ι</strong></span> 
     </span>
    </p>
   </div>
   <div class='ocr_carea' id='block_1_33' title="bbox 223 900 973 939">
    <p class='ocr_par' dir='ltr' id='par_1_33' title="bbox 223 900 973 938">
     <span class='ocr_line' id='line_1_33' title="bbox 223 900 973 938; baseline -0.001 -10"><span class='ocrx_word' id='word_1_192' title='bbox 223 912 232 928; x_wconf 74' lang='grc' dir='ltr'><strong>ι</strong></span> <span class='ocrx_word' id='word_1_193' title='bbox 249 902 354 938; x_wconf 81' lang='grc' dir='ltr'>Κριτής</span> <span class='ocrx_word' id='word_1_194' title='bbox 367 910 410 934; x_wconf 82' lang='grc' dir='ltr'><strong>τις</strong></span> <span class='ocrx_word' id='word_1_195' title='bbox 423 900 457 938; x_wconf 76' lang='grc' dir='ltr'>ἦν</span> <span class='ocrx_word' id='word_1_196' title='bbox 471 902 501 929; x_wconf 78' lang='grc' dir='ltr'>ἐν</span> <span class='ocrx_word' id='word_1_197' title='bbox 511 911 566 929; x_wconf 86' lang='grc' dir='ltr'>τινι</span> <span class='ocrx_word' id='word_1_198' title='bbox 578 902 655 929; x_wconf 87' lang='grc' dir='ltr'>πόλει</span> <span class='ocrx_word' id='word_1_199' title='bbox 671 901 717 929; x_wconf 80' lang='grc' dir='ltr'>τὸν</span> <span class='ocrx_word' id='word_1_200' title='bbox 733 902 800 928; x_wconf 75' lang='grc' dir='ltr'>Θεδν</span> <span class='ocrx_word' id='word_1_201' title='bbox 822 901 860 937; x_wconf 85' lang='grc' dir='ltr'>μὴ</span> <span class='ocrx_word' id='word_1_202' title='bbox 875 901 973 936; x_wconf 74' lang='grc' dir='ltr'><strong>φοῦού-</strong></span> 
     </span>
    </p>
   </div>
   <div class='ocr_carea' id='block_1_34' title="bbox 1022 900 1812 939">
    <p class='ocr_par' dir='ltr' id='par_1_34' title="bbox 1059 901 1812 939">
     <span class='ocr_line' id='line_1_34' title="bbox 1059 901 1812 939; baseline -0.008 -7"><span class='ocrx_word' id='word_1_203' title='bbox 1059 905 1126 932; x_wconf 85' lang='lat' dir='ltr'><strong>Luc.</strong></span> <span class='ocrx_word' id='word_1_204' title='bbox 1143 905 1250 936; x_wconf 68' lang='lat'><strong>“111,2</strong></span> <span class='ocrx_word' id='word_1_205' title='bbox 1271 913 1342 939; x_wconf 74' lang='lat' dir='ltr'><strong>seqq.</strong></span> <span class='ocrx_word' id='word_1_206' title='bbox 1357 920 1392 924; x_wconf 91' lang='lat'><em>—</em></span> <span class='ocrx_word' id='word_1_207' title='bbox 1420 913 1429 930; x_wconf 76' lang='grc' dir='ltr'><strong>ι</strong></span> <span class='ocrx_word' id='word_1_208' title='bbox 1444 903 1531 931; x_wconf 79' lang='lat' dir='ltr'><strong>Judex</strong></span> <span class='ocrx_word' id='word_1_209' title='bbox 1558 902 1669 936; x_wconf 90' lang='lat' dir='ltr'><strong>quidam</strong></span> <span class='ocrx_word' id='word_1_210' title='bbox 1696 906 1757 928; x_wconf 88' lang='lat' dir='ltr'><strong>erat</strong></span> <span class='ocrx_word' id='word_1_211' title='bbox 1785 901 1812 927; x_wconf 93' lang='lat' dir='ltr'><strong>in</strong></span> 
     </span>
    </p>
   </div>
   <div class='ocr_carea' id='block_1_35' title="bbox 186 947 974 985">
    <p class='ocr_par' dir='ltr' id='par_1_35' title="bbox 186 947 974 985">
     <span class='ocr_line' id='line_1_35' title="bbox 186 947 974 985; baseline -0.001 -9"><span class='ocrx_word' id='word_1_212' title='bbox 186 958 276 985; x_wconf 82' lang='grc' dir='ltr'>μενος,</span> <span class='ocrx_word' id='word_1_213' title='bbox 291 949 338 976; x_wconf 78' lang='grc' dir='ltr'>καὶ</span> <span class='ocrx_word' id='word_1_214' title='bbox 350 949 495 984; x_wconf 81' lang='grc' dir='ltr'>ἄνθρωπον</span> <span class='ocrx_word' id='word_1_215' title='bbox 520 949 557 985; x_wconf 83' lang='grc' dir='ltr'>μὴ</span> <span class='ocrx_word' id='word_1_216' title='bbox 583 949 791 985; x_wconf 75' lang='grc' dir='ltr'>ἐντρεπόμενος.</span> <span class='ocrx_word' id='word_1_217' title='bbox 808 950 888 984; x_wconf 82' lang='grc' dir='ltr'>Χήρα</span> <span class='ocrx_word' id='word_1_218' title='bbox 898 949 926 975; x_wconf 82' lang='grc' dir='ltr'>δὲ</span> <span class='ocrx_word' id='word_1_219' title='bbox 940 947 974 984; x_wconf 75' lang='grc' dir='ltr'>ἢν</span> 
     </span>
    </p>
   </div>
   <div class='ocr_carea' id='block_1_36' title="bbox 184 995 973 1031">
    <p class='ocr_par' dir='ltr' id='par_1_36' title="bbox 184 995 973 1031">
     <span class='ocr_line' id='line_1_36' title="bbox 184 995 973 1031; baseline -0.001 -9"><span class='ocrx_word' id='word_1_220' title='bbox 184 996 213 1022; x_wconf 75' lang='grc' dir='ltr'>ἐν</span> <span class='ocrx_word' id='word_1_221' title='bbox 229 997 261 1031; x_wconf 81' lang='grc' dir='ltr'><strong>τῇ</strong></span> <span class='ocrx_word' id='word_1_222' title='bbox 275 995 353 1022; x_wconf 84' lang='grc' dir='ltr'>πόλει</span> <span class='ocrx_word' id='word_1_223' title='bbox 363 995 465 1031; x_wconf 81' lang='grc' dir='ltr'>ἐκείνῃ,</span> <span class='ocrx_word' id='word_1_224' title='bbox 476 996 525 1022; x_wconf 78' lang='grc' dir='ltr'>καὶ</span> <span class='ocrx_word' id='word_1_225' title='bbox 538 995 638 1030; x_wconf 69' lang='grc' dir='ltr'>ἤρχετο</span> <span class='ocrx_word' id='word_1_226' title='bbox 651 995 719 1031; x_wconf 80' lang='grc' dir='ltr'>πρὸς</span> <span class='ocrx_word' id='word_1_227' title='bbox 743 995 824 1022; x_wconf 79' lang='grc' dir='ltr'>αὑτὸν</span> <span class='ocrx_word' id='word_1_228' title='bbox 838 995 957 1029; x_wconf 78' lang='grc' dir='ltr'><strong>λέγουσα</strong></span> <span class='ocrx_word' id='word_1_229' title='bbox 966 1004 973 1010; x_wconf 91' lang='grc'><strong>·</strong></span> 
     </span>
    </p>
   </div>
   <div class='ocr_carea' id='block_1_37' title="bbox 190 1040 974 1077">
    <p class='ocr_par' dir='ltr' id='par_1_37' title="bbox 190 1040 974 1077">
     <span class='ocr_line' id='line_1_37' title="bbox 190 1040 974 1077; baseline -0.003 -9"><span class='ocrx_word' id='word_1_230' title='bbox 190 1041 349 1077; x_wconf 76' lang='grc' dir='ltr'><strong>Ἐκδίκησόν</strong></span> <span class='ocrx_word' id='word_1_231' title='bbox 360 1050 393 1076; x_wconf 85' lang='grc' dir='ltr'><strong>με</strong></span> <span class='ocrx_word' id='word_1_232' title='bbox 408 1041 462 1068; x_wconf 77' lang='grc' dir='ltr'><strong>ἀπὸ</strong></span> <span class='ocrx_word' id='word_1_233' title='bbox 476 1041 523 1067; x_wconf 82' lang='grc' dir='ltr'><strong>τοῦ</strong></span> <span class='ocrx_word' id='word_1_234' title='bbox 533 1041 670 1068; x_wconf 78' lang='grc' dir='ltr'>ἀντιδίκου</span> <span class='ocrx_word' id='word_1_235' title='bbox 684 1049 746 1076; x_wconf 86' lang='grc' dir='ltr'>μου.</span> <span class='ocrx_word' id='word_1_236' title='bbox 755 1041 809 1067; x_wconf 72' lang='grc' dir='ltr'><strong>Καὶ</strong></span> <span class='ocrx_word' id='word_1_237' title='bbox 821 1041 870 1067; x_wconf 77' lang='grc' dir='ltr'>οὐκ</span> <span class='ocrx_word' id='word_1_238' title='bbox 881 1040 974 1076; x_wconf 74' lang='grc' dir='ltr'>ἤθελεν</span> 
     </span>
    </p>
   </div>
   <div class='ocr_carea' id='block_1_38' title="bbox 183 1083 975 1122">
    <p class='ocr_par' dir='ltr' id='par_1_38' title="bbox 183 1083 975 1122">
     <span class='ocr_line' id='line_1_38' title="bbox 183 1083 975 1122; baseline -0.003 -9"><span class='ocrx_word' id='word_1_239' title='bbox 183 1087 230 1113; x_wconf 74' lang='grc' dir='ltr'><strong>ἐπὶ</strong></span> <span class='ocrx_word' id='word_1_240' title='bbox 238 1086 346 1122; x_wconf 74' lang='grc' dir='ltr'>χρόνου.</span> <span class='ocrx_word' id='word_1_241' title='bbox 363 1086 440 1113; x_wconf 81' lang='grc' dir='ltr'>Μετὰ</span> <span class='ocrx_word' id='word_1_242' title='bbox 451 1086 480 1112; x_wconf 81' lang='grc' dir='ltr'>δὲ</span> <span class='ocrx_word' id='word_1_243' title='bbox 495 1085 583 1113; x_wconf 80' lang='grc' dir='ltr'>ταῦτα</span> <span class='ocrx_word' id='word_1_244' title='bbox 599 1083 678 1112; x_wconf 78' lang='grc' dir='ltr'>εἶπεν</span> <span class='ocrx_word' id='word_1_245' title='bbox 702 1086 730 1112; x_wconf 77' lang='grc' dir='ltr'>ἐν</span> <span class='ocrx_word' id='word_1_246' title='bbox 745 1085 835 1120; x_wconf 84' lang='grc' dir='ltr'>ἐαυτῷ</span> <span class='ocrx_word' id='word_1_247' title='bbox 845 1093 851 1101; x_wconf 91' lang='grc'>·</span> <span class='ocrx_word' id='word_1_248' title='bbox 878 1085 910 1112; x_wconf 83' lang='lat' dir='ltr'><strong>Et</strong></span> <span class='ocrx_word' id='word_1_249' title='bbox 928 1085 975 1112; x_wconf 78' lang='grc' dir='ltr'>καὶ</span> 
     </span>
    </p>
   </div>
   <div class='ocr_carea' id='block_1_39' title="bbox 184 1129 972 1166">
    <p class='ocr_par' dir='ltr' id='par_1_39' title="bbox 184 1129 972 1166">
     <span class='ocr_line' id='line_1_39' title="bbox 184 1129 972 1166; baseline -0.003 -8"><span class='ocrx_word' id='word_1_250' title='bbox 184 1131 228 1158; x_wconf 72' lang='grc' dir='ltr'><strong>τὸν</strong></span> <span class='ocrx_word' id='word_1_251' title='bbox 241 1131 310 1158; x_wconf 74' lang='grc' dir='ltr'>Θεὸν</span> <span class='ocrx_word' id='word_1_252' title='bbox 327 1130 358 1157; x_wconf 90' lang='grc' dir='ltr'>οὺ</span> <span class='ocrx_word' id='word_1_253' title='bbox 380 1131 531 1166; x_wconf 70' lang='grc' dir='ltr'>φοϐοῦμαι,</span> <span class='ocrx_word' id='word_1_254' title='bbox 547 1131 595 1158; x_wconf 75' lang='grc' dir='ltr'>καὶ</span> <span class='ocrx_word' id='word_1_255' title='bbox 605 1129 750 1165; x_wconf 81' lang='grc' dir='ltr'>ἄνθρωπον</span> <span class='ocrx_word' id='word_1_256' title='bbox 771 1130 822 1157; x_wconf 79' lang='grc' dir='ltr'>οὐκ</span> <span class='ocrx_word' id='word_1_257' title='bbox 842 1129 972 1165; x_wconf 74' lang='grc' dir='ltr'>ἐντρέπο-</span> 
     </span>
    </p>
   </div>
   <div class='ocr_carea' id='block_1_40' title="bbox 185 1171 974 1210">
    <p class='ocr_par' dir='ltr' id='par_1_40' title="bbox 185 1171 974 1210">
     <span class='ocr_line' id='line_1_40' title="bbox 185 1171 974 1210; baseline -0.005 -8"><span class='ocrx_word' id='word_1_258' title='bbox 185 1184 245 1210; x_wconf 86' lang='grc' dir='ltr'>μαι,</span> <span class='ocrx_word' id='word_1_259' title='bbox 259 1175 304 1202; x_wconf 85' lang='grc' dir='ltr'>διά</span> <span class='ocrx_word' id='word_1_260' title='bbox 318 1183 350 1209; x_wconf 87' lang='grc' dir='ltr'>γε</span> <span class='ocrx_word' id='word_1_261' title='bbox 373 1175 403 1201; x_wconf 85' lang='grc' dir='ltr'>τὸ</span> <span class='ocrx_word' id='word_1_262' title='bbox 419 1174 553 1210; x_wconf 84' lang='grc' dir='ltr'>παρέχειν</span> <span class='ocrx_word' id='word_1_263' title='bbox 574 1182 620 1209; x_wconf 87' lang='grc' dir='ltr'><strong>μοι</strong></span> <span class='ocrx_word' id='word_1_264' title='bbox 636 1173 720 1200; x_wconf 88' lang='grc' dir='ltr'>κόπον</span> <span class='ocrx_word' id='word_1_265' title='bbox 734 1173 783 1208; x_wconf 82' lang='grc' dir='ltr'>τὴν</span> <span class='ocrx_word' id='word_1_266' title='bbox 802 1173 891 1208; x_wconf 79' lang='grc' dir='ltr'>χήραν</span> <span class='ocrx_word' id='word_1_267' title='bbox 910 1171 974 1198; x_wconf 89' lang='grc' dir='ltr'>ταύ-</span> 
     </span>
    </p>
   </div>
   <div class='ocr_carea' id='block_1_41' title="bbox 183 1218 973 1256">
    <p class='ocr_par' dir='ltr' id='par_1_41' title="bbox 183 1218 973 1256">
     <span class='ocr_line' id='line_1_41' title="bbox 183 1218 973 1256; baseline -0.005 -8"><span class='ocrx_word' id='word_1_268' title='bbox 183 1229 243 1256; x_wconf 85' lang='grc' dir='ltr'>την,</span> <span class='ocrx_word' id='word_1_269' title='bbox 262 1221 398 1255; x_wconf 75' lang='grc' dir='ltr'>ἐκδικήσω</span> <span class='ocrx_word' id='word_1_270' title='bbox 420 1220 524 1256; x_wconf 82' lang='grc' dir='ltr'>αὐτὴν,</span> <span class='ocrx_word' id='word_1_271' title='bbox 553 1220 596 1247; x_wconf 82' lang='grc' dir='ltr'>ἵνα</span> <span class='ocrx_word' id='word_1_272' title='bbox 620 1219 658 1256; x_wconf 82' lang='grc' dir='ltr'>μὴ</span> <span class='ocrx_word' id='word_1_273' title='bbox 685 1220 726 1251; x_wconf 83' lang='grc' dir='ltr'><strong>είς</strong></span> <span class='ocrx_word' id='word_1_274' title='bbox 749 1219 826 1250; x_wconf 78' lang='grc' dir='ltr'>τέλος</span> <span class='ocrx_word' id='word_1_275' title='bbox 839 1218 973 1254; x_wconf 86' lang='grc' dir='ltr'>ὲρχομένη</span> 
     </span>
    </p>
   </div>
   <div class='ocr_carea' id='block_1_42' title="bbox 184 1264 974 1302">
    <p class='ocr_par' dir='ltr' id='par_1_42' title="bbox 184 1264 974 1302">
     <span class='ocr_line' id='line_1_42' title="bbox 184 1264 974 1302; baseline -0.001 -9"><span class='ocrx_word' id='word_1_276' title='bbox 184 1266 324 1302; x_wconf 79' lang='grc' dir='ltr'>ὑποπιάζῃ</span> <span class='ocrx_word' id='word_1_277' title='bbox 352 1275 396 1301; x_wconf 91' lang='grc' dir='ltr'>με.</span> <span class='ocrx_word' id='word_1_278' title='bbox 421 1264 506 1293; x_wconf 80' lang='grc' dir='ltr'>Εἶπεν</span> <span class='ocrx_word' id='word_1_279' title='bbox 519 1266 572 1293; x_wconf 83' lang='grc' dir='ltr'><strong>δὲὸ</strong></span> <span class='ocrx_word' id='word_1_280' title='bbox 592 1266 715 1301; x_wconf 71' lang='grc' dir='ltr'>Κύριος*</span> <span class='ocrx_word' id='word_1_281' title='bbox 751 1265 898 1292; x_wconf 69' lang='grc' dir='ltr'>Ἀκούσατε</span> <span class='ocrx_word' id='word_1_282' title='bbox 921 1267 947 1292; x_wconf 85' lang='grc' dir='ltr'><strong>τί</strong></span> <span class='ocrx_word' id='word_1_283' title='bbox 960 1267 974 1292; x_wconf 78' lang='grc' dir='ltr'>ὁ</span> 
     </span>
    </p>
   </div>
   <div class='ocr_carea' id='block_1_43' title="bbox 183 1309 973 1347">
    <p class='ocr_par' dir='ltr' id='par_1_43' title="bbox 183 1309 973 1347">
     <span class='ocr_line' id='line_1_43' title="bbox 183 1309 973 1347; baseline -0.003 -9"><span class='ocrx_word' id='word_1_284' title='bbox 183 1311 279 1347; x_wconf 80' lang='grc' dir='ltr'>κριτὴς</span> <span class='ocrx_word' id='word_1_285' title='bbox 288 1311 338 1346; x_wconf 79' lang='grc' dir='ltr'>τῆς</span> <span class='ocrx_word' id='word_1_286' title='bbox 349 1310 456 1342; x_wconf 80' lang='grc' dir='ltr'>ἀδικίας</span> <span class='ocrx_word' id='word_1_287' title='bbox 475 1310 561 1345; x_wconf 84' lang='grc' dir='ltr'>λέγει.</span> <span class='ocrx_word' id='word_1_288' title='bbox 586 1311 615 1337; x_wconf 91' lang='grc' dir='ltr'>Ὁ</span> <span class='ocrx_word' id='word_1_289' title='bbox 641 1311 669 1337; x_wconf 82' lang='grc' dir='ltr'>δὲ</span> <span class='ocrx_word' id='word_1_290' title='bbox 688 1310 756 1342; x_wconf 81' lang='grc' dir='ltr'>Θεὸς</span> <span class='ocrx_word' id='word_1_291' title='bbox 770 1310 799 1337; x_wconf 87' lang='grc' dir='ltr'>οὺ</span> <span class='ocrx_word' id='word_1_292' title='bbox 819 1309 856 1345; x_wconf 81' lang='grc' dir='ltr'>μὴ</span> <span class='ocrx_word' id='word_1_293' title='bbox 874 1311 973 1346; x_wconf 79' lang='grc' dir='ltr'>ποιήσῃ</span> 
     </span>
    </p>
   </div>
   <div class='ocr_carea' id='block_1_44' title="bbox 182 1355 974 1391">
    <p class='ocr_par' dir='ltr' id='par_1_44' title="bbox 182 1355 974 1391">
     <span class='ocr_line' id='line_1_44' title="bbox 182 1355 974 1391; baseline 0.001 -9"><span class='ocrx_word' id='word_1_294' title='bbox 182 1356 232 1391; x_wconf 78' lang='grc' dir='ltr'>τὴν</span> <span class='ocrx_word' id='word_1_295' title='bbox 246 1355 386 1391; x_wconf 81' lang='grc' dir='ltr'>ἐκδίκησιν</span> <span class='ocrx_word' id='word_1_296' title='bbox 408 1356 463 1382; x_wconf 81' lang='grc' dir='ltr'>τῶν</span> <span class='ocrx_word' id='word_1_297' title='bbox 487 1355 623 1383; x_wconf 73' lang='grc' dir='ltr'>ἐκλεκτῶν</span> <span class='ocrx_word' id='word_1_298' title='bbox 647 1355 748 1389; x_wconf 79' lang='grc' dir='ltr'>αὐτοῦ,</span> <span class='ocrx_word' id='word_1_299' title='bbox 772 1355 826 1383; x_wconf 86' lang='grc' dir='ltr'>τῶν</span> <span class='ocrx_word' id='word_1_300' title='bbox 850 1355 974 1390; x_wconf 85' lang='grc' dir='ltr'>βοώντων</span> 
     </span>
    </p>
   </div>
   <div class='ocr_carea' id='block_1_45' title="bbox 184 1401 973 1438">
    <p class='ocr_par' dir='ltr' id='par_1_45' title="bbox 184 1401 973 1438">
     <span class='ocr_line' id='line_1_45' title="bbox 184 1401 973 1438; baseline 0.003 -10"><span class='ocrx_word' id='word_1_301' title='bbox 184 1401 252 1436; x_wconf 82' lang='grc' dir='ltr'>πρὸς</span> <span class='ocrx_word' id='word_1_302' title='bbox 266 1401 348 1428; x_wconf 75' lang='grc' dir='ltr'>αὑτὸν</span> <span class='ocrx_word' id='word_1_303' title='bbox 359 1401 458 1434; x_wconf 84' lang='grc' dir='ltr'>νυκτὸς</span> <span class='ocrx_word' id='word_1_304' title='bbox 473 1401 521 1428; x_wconf 80' lang='grc' dir='ltr'>καὶ</span> <span class='ocrx_word' id='word_1_305' title='bbox 535 1402 653 1438; x_wconf 81' lang='grc' dir='ltr'>ἡμέρας,</span> <span class='ocrx_word' id='word_1_306' title='bbox 673 1402 721 1429; x_wconf 81' lang='grc' dir='ltr'>καὶ</span> <span class='ocrx_word' id='word_1_307' title='bbox 734 1402 919 1438; x_wconf 72' lang='grc' dir='ltr'>μακροθυμῶν</span> <span class='ocrx_word' id='word_1_308' title='bbox 929 1404 973 1430; x_wconf 77' lang='grc' dir='ltr'><strong>ἐπ’</strong></span> 
     </span>
    </p>
   </div>
   <div class='ocr_carea' id='block_1_46' title="bbox 182 1449 973 1486">
    <p class='ocr_par' dir='ltr' id='par_1_46' title="bbox 182 1449 973 1486">
     <span class='ocr_line' id='line_1_46' title="bbox 182 1449 973 1486; baseline 0.001 -10"><span class='ocrx_word' id='word_1_309' title='bbox 182 1449 288 1482; x_wconf 74' lang='grc' dir='ltr'>αὑτοῖςς</span> <span class='ocrx_word' id='word_1_310' title='bbox 302 1450 382 1484; x_wconf 82' lang='grc' dir='ltr'>Λέγω</span> <span class='ocrx_word' id='word_1_311' title='bbox 396 1449 472 1485; x_wconf 80' lang='grc' dir='ltr'>ὑμῖν,</span> <span class='ocrx_word' id='word_1_312' title='bbox 487 1450 528 1477; x_wconf 82' lang='grc' dir='ltr'>ὅτι</span> <span class='ocrx_word' id='word_1_313' title='bbox 540 1450 650 1485; x_wconf 82' lang='grc' dir='ltr'>ποιήσει</span> <span class='ocrx_word' id='word_1_314' title='bbox 661 1449 710 1485; x_wconf 85' lang='grc' dir='ltr'>τὴν</span> <span class='ocrx_word' id='word_1_315' title='bbox 727 1450 866 1486; x_wconf 76' lang='grc' dir='ltr'>ἐκδίκησιν</span> <span class='ocrx_word' id='word_1_316' title='bbox 884 1451 973 1478; x_wconf 81' lang='grc' dir='ltr'>αὐτῶν</span> 
     </span>
    </p>
   </div>
   <div class='ocr_carea' id='block_1_47' title="bbox 182 1494 337 1529">
    <p class='ocr_par' dir='ltr' id='par_1_47' title="bbox 182 1494 337 1529">
     <span class='ocr_line' id='line_1_47' title="bbox 182 1494 337 1529; baseline 0.006 -10"><span class='ocrx_word' id='word_1_317' title='bbox 182 1494 211 1520; x_wconf 74' lang='grc' dir='ltr'>ὲν</span> <span class='ocrx_word' id='word_1_318' title='bbox 221 1494 308 1529; x_wconf 81' lang='grc' dir='ltr'>τάχει.</span> <span class='ocrx_word' id='word_1_319' title='bbox 328 1503 337 1520; x_wconf 74' lang='grc' dir='ltr'><strong>ι</strong></span> 
     </span>
    </p>
   </div>
   <div class='ocr_carea' id='block_1_48' title="bbox 220 1539 972 1576">
    <p class='ocr_par' dir='ltr' id='par_1_48' title="bbox 220 1539 972 1576">
     <span class='ocr_line' id='line_1_48' title="bbox 220 1539 972 1576; baseline 0.003 -11"><span class='ocrx_word' id='word_1_320' title='bbox 220 1549 229 1564; x_wconf 77' lang='grc' dir='ltr'><strong>ι</strong></span> <span class='ocrx_word' id='word_1_321' title='bbox 245 1539 291 1574; x_wconf 77' lang='grc' dir='ltr'><strong>Μὴ</strong></span> <span class='ocrx_word' id='word_1_322' title='bbox 309 1539 422 1571; x_wconf 64' lang='grc' dir='ltr'>ἑαυτοὺς</span> <span class='ocrx_word' id='word_1_323' title='bbox 435 1539 617 1571; x_wconf 78' lang='grc' dir='ltr'>ἐκδικοῦντες,</span> <span class='ocrx_word' id='word_1_324' title='bbox 632 1539 699 1566; x_wconf 75' lang='grc' dir='ltr'>ἀλλὰ</span> <span class='ocrx_word' id='word_1_325' title='bbox 712 1539 772 1566; x_wconf 83' lang='grc' dir='ltr'>δότε</span> <span class='ocrx_word' id='word_1_326' title='bbox 785 1539 867 1566; x_wconf 77' lang='grc' dir='ltr'>τόπον</span> <span class='ocrx_word' id='word_1_327' title='bbox 879 1541 911 1575; x_wconf 90' lang='grc' dir='ltr'><strong>τῇ</strong></span> <span class='ocrx_word' id='word_1_328' title='bbox 927 1541 972 1576; x_wconf 86' lang='grc' dir='ltr'><strong>ὀρ-</strong></span> 
     </span>
    </p>
   </div>
   <div class='ocr_carea' id='block_1_49' title="bbox 182 1571 1008 1620">
    <p class='ocr_par' dir='ltr' id='par_1_49' title="bbox 182 1571 1008 1620">
     <span class='ocr_line' id='line_1_49' title="bbox 182 1571 1008 1620; baseline 0.004 -10"><span class='ocrx_word' id='word_1_329' title='bbox 182 1585 228 1619; x_wconf 81' lang='grc' dir='ltr'><strong>γῇ.</strong></span> <span class='ocrx_word' id='word_1_330' title='bbox 247 1571 404 1619; x_wconf 51' lang='grc' dir='ltr'>Γέίίραπται</span> <span class='ocrx_word' id='word_1_331' title='bbox 418 1585 491 1619; x_wconf 85' lang='grc' dir='ltr'>γάρ·</span> <span class='ocrx_word' id='word_1_332' title='bbox 510 1585 588 1619; x_wconf 83' lang='grc' dir='ltr'>Ἐμοὶ</span> <span class='ocrx_word' id='word_1_333' title='bbox 604 1584 759 1619; x_wconf 81' lang='grc' dir='ltr'>ἐκδίκησις,</span> <span class='ocrx_word' id='word_1_334' title='bbox 780 1584 836 1620; x_wconf 76' lang='grc' dir='ltr'><strong>ἐγὼ</strong></span> <span class='ocrx_word' id='word_1_335' title='bbox 854 1571 973 1613; x_wconf 74' lang='grc' dir='ltr'>ἀνταπο·</span> <span class='ocrx_word' id='word_1_336' title='bbox 986 1571 1008 1600; x_wconf 76' lang='lat' dir='ltr'><strong><em>C</em></strong></span> 
     </span>
    </p>
   </div>
   <div class='ocr_carea' id='block_1_50' title="bbox 181 1628 516 1663">
    <p class='ocr_par' dir='ltr' id='par_1_50' title="bbox 181 1628 516 1663">
     <span class='ocr_line' id='line_1_50' title="bbox 181 1628 516 1663; baseline -0.003 -7"><span class='ocrx_word' id='word_1_337' title='bbox 181 1629 269 1662; x_wconf 81' lang='grc' dir='ltr'>δώσω,</span> <span class='ocrx_word' id='word_1_338' title='bbox 285 1628 361 1663; x_wconf 83' lang='grc' dir='ltr'>λέγει</span> <span class='ocrx_word' id='word_1_339' title='bbox 372 1629 486 1663; x_wconf 82' lang='grc' dir='ltr'>Κύριος.</span> <span class='ocrx_word' id='word_1_340' title='bbox 507 1639 516 1655; x_wconf 74' lang='grc' dir='ltr'><strong>ι</strong></span> 
     </span>
    </p>
   </div>
   <div class='ocr_carea' id='block_1_51' title="bbox 218 1716 973 1753">
    <p class='ocr_par' dir='ltr' id='par_1_51' title="bbox 218 1716 973 1753">
     <span class='ocr_line' id='line_1_51' title="bbox 218 1716 973 1753; baseline 0.003 -10"><span class='ocrx_word' id='word_1_341' title='bbox 218 1717 329 1748; x_wconf 70' lang='grc' dir='ltr'>Πάντως</span> <span class='ocrx_word' id='word_1_342' title='bbox 344 1717 358 1743; x_wconf 81' lang='grc' dir='ltr'><strong>ὁ</strong></span> <span class='ocrx_word' id='word_1_343' title='bbox 372 1716 564 1752; x_wconf 83' lang='grc' dir='ltr'>ἀδικούμενος.</span> <span class='ocrx_word' id='word_1_344' title='bbox 580 1717 781 1751; x_wconf 83' lang='grc' dir='ltr'>καταφλέγεται</span> <span class='ocrx_word' id='word_1_345' title='bbox 799 1718 848 1753; x_wconf 87' lang='grc' dir='ltr'>μὲν</span> <span class='ocrx_word' id='word_1_346' title='bbox 860 1718 912 1745; x_wconf 81' lang='grc' dir='ltr'><strong>ὑπὸ</strong></span> <span class='ocrx_word' id='word_1_347' title='bbox 926 1718 973 1745; x_wconf 88' lang='grc' dir='ltr'><strong>λύ-</strong></span> 
     </span>
    </p>
   </div>
   <div class='ocr_carea' id='block_1_52' title="bbox 182 1762 973 1798">
    <p class='ocr_par' dir='ltr' id='par_1_52' title="bbox 182 1762 973 1798">
     <span class='ocr_line' id='line_1_52' title="bbox 182 1762 973 1798; baseline 0.003 -9"><span class='ocrx_word' id='word_1_348' title='bbox 182 1772 246 1798; x_wconf 88' lang='grc' dir='ltr'>πης,</span> <span class='ocrx_word' id='word_1_349' title='bbox 267 1762 423 1797; x_wconf 81' lang='grc' dir='ltr'>ἀμύνασθαι</span> <span class='ocrx_word' id='word_1_350' title='bbox 441 1763 469 1789; x_wconf 83' lang='grc' dir='ltr'>δὲ</span> <span class='ocrx_word' id='word_1_351' title='bbox 483 1763 533 1789; x_wconf 71' lang='grc' dir='ltr'>οὐκ</span> <span class='ocrx_word' id='word_1_352' title='bbox 544 1762 626 1798; x_wconf 73' lang='grc' dir='ltr'>ἔχων,</span> <span class='ocrx_word' id='word_1_353' title='bbox 639 1763 655 1798; x_wconf 78' lang='grc' dir='ltr'>ἢ</span> <span class='ocrx_word' id='word_1_354' title='bbox 671 1763 715 1790; x_wconf 86' lang='grc' dir='ltr'><strong>διὰ</strong></span> <span class='ocrx_word' id='word_1_355' title='bbox 728 1763 782 1789; x_wconf 85' lang='grc' dir='ltr'>τῶν</span> <span class='ocrx_word' id='word_1_356' title='bbox 803 1764 867 1790; x_wconf 82' lang='grc' dir='ltr'>ἰσων</span> <span class='ocrx_word' id='word_1_357' title='bbox 885 1764 973 1792; x_wconf 79' lang='grc' dir='ltr'>ἐλθεῖν</span> 
     </span>
    </p>
   </div>
   <div class='ocr_carea' id='block_1_53' title="bbox 182 1807 970 1844">
    <p class='ocr_par' dir='ltr' id='par_1_53' title="bbox 182 1807 970 1844">
     <span class='ocr_line' id='line_1_53' title="bbox 182 1807 970 1844; baseline 0.003 -10"><span class='ocrx_word' id='word_1_358' title='bbox 182 1807 237 1834; x_wconf 78' lang='grc' dir='ltr'><strong>ἔσθ’</strong></span> <span class='ocrx_word' id='word_1_359' title='bbox 255 1807 309 1841; x_wconf 83' lang='grc' dir='ltr'>ὅτε,</span> <span class='ocrx_word' id='word_1_360' title='bbox 326 1807 370 1834; x_wconf 79' lang='grc' dir='ltr'><strong>διὰ</strong></span> <span class='ocrx_word' id='word_1_361' title='bbox 383 1807 413 1834; x_wconf 71' lang='grc' dir='ltr'>τὸ</span> <span class='ocrx_word' id='word_1_362' title='bbox 424 1807 559 1842; x_wconf 75' lang='grc' dir='ltr'>ἡττᾶσθαι</span> <span class='ocrx_word' id='word_1_363' title='bbox 571 1808 621 1843; x_wconf 85' lang='grc' dir='ltr'>τῆς</span> <span class='ocrx_word' id='word_1_364' title='bbox 639 1807 685 1834; x_wconf 78' lang='grc' dir='ltr'>τοῦ</span> <span class='ocrx_word' id='word_1_365' title='bbox 700 1808 857 1840; x_wconf 81' lang='grc' dir='ltr'>ἀδικοῦντος</span> <span class='ocrx_word' id='word_1_366' title='bbox 869 1810 970 1844; x_wconf 83' lang='grc' dir='ltr'>χειρὸς,</span> 
     </span>
    </p>
   </div>
   <div class='ocr_carea' id='block_1_54' title="bbox 181 1852 972 1890">
    <p class='ocr_par' dir='ltr' id='par_1_54' title="bbox 181 1852 972 1890">
     <span class='ocr_line' id='line_1_54' title="bbox 181 1852 972 1890; baseline 0.003 -11"><span class='ocrx_word' id='word_1_367' title='bbox 181 1853 230 1887; x_wconf 86' lang='grc' dir='ltr'>τῆς</span> <span class='ocrx_word' id='word_1_368' title='bbox 255 1852 360 1880; x_wconf 74' lang='grc' dir='ltr'>ἄνωθεν</span> <span class='ocrx_word' id='word_1_369' title='bbox 378 1852 578 1888; x_wconf 80' lang='grc' dir='ltr'>μισοπονηρίας</span> <span class='ocrx_word' id='word_1_370' title='bbox 606 1852 636 1879; x_wconf 85' lang='grc' dir='ltr'>τὸ</span> <span class='ocrx_word' id='word_1_371' title='bbox 658 1852 773 1888; x_wconf 82' lang='grc' dir='ltr'>κέντρον</span> <span class='ocrx_word' id='word_1_372' title='bbox 797 1853 876 1880; x_wconf 85' lang='grc' dir='ltr'><strong>καλεί</strong></span> <span class='ocrx_word' id='word_1_373' title='bbox 903 1855 972 1890; x_wconf 78' lang='grc' dir='ltr'>πρὸς</span> 
     </span>
    </p>
   </div>
   <div class='ocr_carea' id='block_1_55' title="bbox 181 1898 352 1934">
    <p class='ocr_par' dir='ltr' id='par_1_55' title="bbox 181 1898 352 1934">
     <span class='ocr_line' id='line_1_55' title="bbox 181 1898 352 1934; baseline 0.012 -10"><span class='ocrx_word' id='word_1_374' title='bbox 181 1898 352 1934; x_wconf 78' lang='grc' dir='ltr'>ἐπικουρίαν.</span> 
     </span>
    </p>
   </div>
   <div class='ocr_carea' id='block_1_56' title="bbox 213 1985 971 2025">
    <p class='ocr_par' dir='ltr' id='par_1_56' title="bbox 213 1985 971 2025">
     <span class='ocr_line' id='line_1_56' title="bbox 213 1985 971 2025; baseline 0.004 -12"><span class='ocrx_word' id='word_1_375' title='bbox 213 1988 286 2021; x_wconf 88' lang='grc' dir='ltr'>Δεῖν,</span> <span class='ocrx_word' id='word_1_376' title='bbox 302 1985 391 2022; x_wconf 78' lang='grc' dir='ltr'>οἶμαι,</span> <span class='ocrx_word' id='word_1_377' title='bbox 407 1987 470 2019; x_wconf 73' lang='grc' dir='ltr'>τοὺς</span> <span class='ocrx_word' id='word_1_378' title='bbox 483 1988 583 2024; x_wconf 81' lang='grc' dir='ltr'>χωρίον</span> <span class='ocrx_word' id='word_1_379' title='bbox 595 1988 668 2024; x_wconf 79' lang='grc' dir='ltr'>ἱερὸν</span> <span class='ocrx_word' id='word_1_380' title='bbox 679 1989 845 2024; x_wconf 81' lang='grc' dir='ltr'>νεμομένους</span> <span class='ocrx_word' id='word_1_381' title='bbox 863 1990 971 2025; x_wconf 69' lang='grc' dir='ltr'>ἐπιτρέ-</span> 
     </span>
    </p>
   </div>
   <div class='ocr_carea' id='block_1_57' title="bbox 182 2033 970 2072">
    <p class='ocr_par' dir='ltr' id='par_1_57' title="bbox 182 2033 970 2072">
     <span class='ocr_line' id='line_1_57' title="bbox 182 2033 970 2072; baseline 0.004 -12"><span class='ocrx_word' id='word_1_382' title='bbox 182 2043 242 2061; x_wconf 90' lang='grc' dir='ltr'>πειν</span> <span class='ocrx_word' id='word_1_383' title='bbox 257 2033 346 2061; x_wconf 83' lang='grc' dir='ltr'>πάντα</span> <span class='ocrx_word' id='word_1_384' title='bbox 360 2033 399 2069; x_wconf 81' lang='grc' dir='ltr'>τῷ</span> <span class='ocrx_word' id='word_1_385' title='bbox 414 2033 474 2069; x_wconf 84' lang='grc' dir='ltr'><strong>Θεῷ</strong></span> <span class='ocrx_word' id='word_1_386' title='bbox 484 2034 617 2066; x_wconf 80' lang='grc' dir='ltr'>δικάζειν,</span> <span class='ocrx_word' id='word_1_387' title='bbox 631 2035 679 2061; x_wconf 76' lang='grc' dir='ltr'><strong>καὶ</strong></span> <span class='ocrx_word' id='word_1_388' title='bbox 693 2037 873 2072; x_wconf 80' lang='grc' dir='ltr'>καταφρονεῖν</span> <span class='ocrx_word' id='word_1_389' title='bbox 887 2036 970 2070; x_wconf 79' lang='grc' dir='ltr'>τῆσδε</span> 
     </span>
    </p>
   </div>
   <div class='ocr_carea' id='block_1_58' title="bbox 181 2079 970 2118">
    <p class='ocr_par' dir='ltr' id='par_1_58' title="bbox 181 2079 970 2118">
     <span class='ocr_line' id='line_1_58' title="bbox 181 2079 970 2118; baseline 0.005 -13"><span class='ocrx_word' id='word_1_390' title='bbox 181 2081 271 2115; x_wconf 81' lang='grc' dir='ltr'>χειρὸς</span> <span class='ocrx_word' id='word_1_391' title='bbox 293 2079 477 2115; x_wconf 76' lang='grc' dir='ltr'>ἀνθρωπίνης,</span> <span class='ocrx_word' id='word_1_392' title='bbox 505 2080 569 2108; x_wconf 81' lang='grc' dir='ltr'>ὅταν</span> <span class='ocrx_word' id='word_1_393' title='bbox 595 2081 673 2107; x_wconf 70' lang='grc' dir='ltr'>αὐτοὶ</span> <span class='ocrx_word' id='word_1_394' title='bbox 691 2080 738 2107; x_wconf 66' lang='grc' dir='ltr'><strong>τὸν</strong></span> <span class='ocrx_word' id='word_1_395' title='bbox 766 2081 823 2108; x_wconf 81' lang='grc' dir='ltr'>ἄνω</span> <span class='ocrx_word' id='word_1_396' title='bbox 839 2081 970 2118; x_wconf 77' lang='grc' dir='ltr'>δικαστὴν</span> 
     </span>
    </p>
   </div>
   <div class='ocr_carea' id='block_1_59' title="bbox 181 2125 406 2162">
    <p class='ocr_par' dir='ltr' id='par_1_59' title="bbox 181 2125 406 2162">
     <span class='ocr_line' id='line_1_59' title="bbox 181 2125 406 2162; baseline 0.004 -10"><span class='ocrx_word' id='word_1_397' title='bbox 181 2125 406 2162; x_wconf 66' lang='grc' dir='ltr'><strong>περιιπκοτιῶσιν.Δ</strong></span> 
     </span>
    </p>
   </div>
   <div class='ocr_carea' id='block_1_60' title="bbox 181 2192 968 2228">
    <p class='ocr_par' dir='ltr' id='par_1_60' title="bbox 181 2192 968 2228">
     <span class='ocr_line' id='line_1_60' title="bbox 181 2192 968 2228; baseline 0.005 -9"><span class='ocrx_word' id='word_1_398' title='bbox 181 2193 270 2219; x_wconf 87' lang='grc' dir='ltr'><strong>ἸἸΤΛ.</strong></span> <span class='ocrx_word' id='word_1_399' title='bbox 297 2192 336 2220; x_wconf 85' lang='grc' dir='ltr'><strong>Λ’.</strong></span> <span class='ocrx_word' id='word_1_400' title='bbox 348 2208 382 2214; x_wconf 88' lang='lat'><strong>—-</strong></span> <span class='ocrx_word' id='word_1_401' title='bbox 398 2192 468 2226; x_wconf 80' lang='grc' dir='ltr'>Περὶ</span> <span class='ocrx_word' id='word_1_402' title='bbox 486 2192 696 2226; x_wconf 81' lang='grc' dir='ltr'><strong>εὺθυνομένων</strong></span> <span class='ocrx_word' id='word_1_403' title='bbox 726 2194 775 2220; x_wconf 77' lang='grc' dir='ltr'>καὶ</span> <span class='ocrx_word' id='word_1_404' title='bbox 801 2195 889 2228; x_wconf 79' lang='grc' dir='ltr'>δίκας</span> <span class='ocrx_word' id='word_1_405' title='bbox 907 2197 968 2223; x_wconf 78' lang='grc' dir='ltr'>εισ-</span> 
     </span>
    </p>
   </div>
   <div class='ocr_carea' id='block_1_61' title="bbox 215 2228 1006 2276">
    <p class='ocr_par' dir='ltr' id='par_1_61' title="bbox 215 2228 1006 2276">
     <span class='ocr_line' id='line_1_61' title="bbox 215 2228 1006 2276; baseline 0.006 -22"><span class='ocrx_word' id='word_1_406' title='bbox 523 2228 562 2260; x_wconf 86' lang='grc' dir='ltr'><strong>ὠς</strong></span> <span class='ocrx_word' id='word_1_407' title='bbox 575 2228 712 2262; x_wconf 83' lang='grc' dir='ltr'>οὐδαμῶς</span> <span class='ocrx_word' id='word_1_408' title='bbox 727 2229 821 2263; x_wconf 75' lang='grc' dir='ltr'><em>ἄλλος</em></span> <span class='ocrx_word' id='word_1_409' title='bbox 831 2231 898 2258; x_wconf 80' lang='grc' dir='ltr'><strong>ἀντὶ</strong></span> <span class='ocrx_word' id='word_1_410' title='bbox 913 2231 967 2259; x_wconf 79' lang='grc' dir='ltr'><strong>ἄλ·</strong></span> <span class='ocrx_word' id='word_1_411' title='bbox 982 2246 1006 2276; x_wconf 79' lang='lat' dir='ltr'><strong>D</strong></span> 
     </span>
    </p>
   </div>
   <div class='ocr_carea' id='block_1_62' title="bbox 214 2262 513 2296">
    <p class='ocr_par' dir='ltr' id='par_1_62' title="bbox 214 2262 513 2296">
     <span class='ocr_line' id='line_1_62' title="bbox 214 2262 513 2296; baseline 0.003 -8"><span class='ocrx_word' id='word_1_412' title='bbox 214 2264 271 2288; x_wconf 74' lang='grc' dir='ltr'><strong>λου</strong></span> <span class='ocrx_word' id='word_1_413' title='bbox 285 2262 513 2296; x_wconf 77' lang='grc' dir='ltr'>εὐθυνθήσεται.</span> 
     </span>
    </p>
   </div>
   <div class='ocr_carea' id='block_1_63' title="bbox 217 2317 965 2355">
    <p class='ocr_par' dir='ltr' id='par_1_63' title="bbox 217 2317 965 2355">
     <span class='ocr_line' id='line_1_63' title="bbox 217 2317 965 2355; baseline 0.008 -12"><span class='ocrx_word' id='word_1_414' title='bbox 217 2327 226 2343; x_wconf 81' lang='grc' dir='ltr'><strong>ι</strong></span> <span class='ocrx_word' id='word_1_415' title='bbox 246 2317 304 2344; x_wconf 85' lang='grc' dir='ltr'>Οὐκ</span> <span class='ocrx_word' id='word_1_416' title='bbox 316 2317 517 2345; x_wconf 79' lang='grc' dir='ltr'>ἀποθανοῦνται</span> <span class='ocrx_word' id='word_1_417' title='bbox 541 2318 659 2354; x_wconf 80' lang='grc' dir='ltr'>πατέρες</span> <span class='ocrx_word' id='word_1_418' title='bbox 677 2319 747 2355; x_wconf 75' lang='grc' dir='ltr'>ὑπὲρ</span> <span class='ocrx_word' id='word_1_419' title='bbox 765 2320 883 2354; x_wconf 80' lang='grc' dir='ltr'>τέκνων,</span> <span class='ocrx_word' id='word_1_420' title='bbox 903 2322 965 2349; x_wconf 73' lang='grc' dir='ltr'>οὔτε</span> 
     </span>
    </p>
   </div>
   <div class='ocr_carea' id='block_1_64' title="bbox 180 2363 966 2403">
    <p class='ocr_par' dir='ltr' id='par_1_64' title="bbox 180 2363 966 2403">
     <span class='ocr_line' id='line_1_64' title="bbox 180 2363 966 2403; baseline 0.008 -14"><span class='ocrx_word' id='word_1_421' title='bbox 180 2363 233 2390; x_wconf 79' lang='grc' dir='ltr'>υἱοὶ</span> <span class='ocrx_word' id='word_1_422' title='bbox 243 2363 314 2398; x_wconf 77' lang='grc' dir='ltr'>ὑπὲρ</span> <span class='ocrx_word' id='word_1_423' title='bbox 325 2363 452 2398; x_wconf 86' lang='grc' dir='ltr'>πατέρων</span> <span class='ocrx_word' id='word_1_424' title='bbox 462 2371 468 2378; x_wconf 94' lang='grc'><strong>·</strong></span> <span class='ocrx_word' id='word_1_425' title='bbox 482 2363 598 2395; x_wconf 73' lang='grc' dir='ltr'>ἕκαστος</span> <span class='ocrx_word' id='word_1_426' title='bbox 611 2365 643 2399; x_wconf 86' lang='grc' dir='ltr'><strong>τῇ</strong></span> <span class='ocrx_word' id='word_1_427' title='bbox 655 2364 752 2391; x_wconf 84' lang='grc' dir='ltr'>ἑαυτοῦ</span> <span class='ocrx_word' id='word_1_428' title='bbox 765 2366 887 2403; x_wconf 71' lang='grc' dir='ltr'>ἁμαρτίᾳ</span> <span class='ocrx_word' id='word_1_429' title='bbox 897 2369 966 2395; x_wconf 78' lang='grc' dir='ltr'>ἀπο-</span> 
     </span>
    </p>
   </div>
   <div class='ocr_carea' id='block_1_65' title="bbox 180 2409 343 2437">
    <p class='ocr_par' dir='ltr' id='par_1_65' title="bbox 180 2409 343 2437">
     <span class='ocr_line' id='line_1_65' title="bbox 180 2409 343 2437; baseline 0.006 -1"><span class='ocrx_word' id='word_1_430' title='bbox 180 2409 311 2437; x_wconf 83' lang='grc' dir='ltr'>θανεῖται.</span> <span class='ocrx_word' id='word_1_431' title='bbox 334 2418 343 2434; x_wconf 80' lang='lat' dir='ltr'><strong>I</strong></span> 
     </span>
    </p>
   </div>
   <div class='ocr_carea' id='block_1_66' title="bbox 214 2453 963 2494">
    <p class='ocr_par' dir='ltr' id='par_1_66' title="bbox 214 2453 963 2494">
     <span class='ocr_line' id='line_1_66' title="bbox 214 2453 963 2494; baseline 0.009 -14"><span class='ocrx_word' id='word_1_432' title='bbox 214 2465 223 2480; x_wconf 75' lang='grc' dir='ltr'><strong>ι</strong></span> <span class='ocrx_word' id='word_1_433' title='bbox 247 2455 373 2490; x_wconf 80' lang='grc' dir='ltr'>’Δδελφὸς</span> <span class='ocrx_word' id='word_1_434' title='bbox 385 2453 416 2481; x_wconf 84' lang='grc' dir='ltr'>οὺ</span> <span class='ocrx_word' id='word_1_435' title='bbox 427 2454 586 2490; x_wconf 81' lang='grc' dir='ltr'>λυτροῦται,</span> <span class='ocrx_word' id='word_1_436' title='bbox 598 2455 767 2492; x_wconf 71' lang='grc' dir='ltr'>λυτρώσεται</span> <span class='ocrx_word' id='word_1_437' title='bbox 778 2457 921 2494; x_wconf 74' lang='grc' dir='ltr'>ἅνθρωπος</span> <span class='ocrx_word' id='word_1_438' title='bbox 932 2469 940 2494; x_wconf 86' lang='lat'><strong>;</strong></span> <span class='ocrx_word' id='word_1_439' title='bbox 955 2471 963 2486; x_wconf 70' lang='grc' dir='ltr'><strong>ι</strong></span> 
     </span>
    </p>
   </div>
   <div class='ocr_carea' id='block_1_67' title="bbox 216 2545 967 2583">
    <p class='ocr_par' dir='ltr' id='par_1_67' title="bbox 216 2545 967 2583">
     <span class='ocr_line' id='line_1_67' title="bbox 216 2545 967 2583; baseline 0.004 -10"><span class='ocrx_word' id='word_1_440' title='bbox 216 2557 226 2573; x_wconf 80' lang='grc' dir='ltr'><strong>ι</strong></span> <span class='ocrx_word' id='word_1_441' title='bbox 251 2547 296 2572; x_wconf 87' lang='grc' dir='ltr'>Ἐν</span> <span class='ocrx_word' id='word_1_442' title='bbox 306 2547 364 2578; x_wconf 84' lang='grc' dir='ltr'>ταῖς</span> <span class='ocrx_word' id='word_1_443' title='bbox 380 2545 497 2581; x_wconf 80' lang='grc' dir='ltr'>ἡμέραις</span> <span class='ocrx_word' id='word_1_444' title='bbox 508 2546 627 2579; x_wconf 79' lang='grc' dir='ltr'>ἐκείναις</span> <span class='ocrx_word' id='word_1_445' title='bbox 640 2548 670 2574; x_wconf 88' lang='grc' dir='ltr'>οὺ</span> <span class='ocrx_word' id='word_1_446' title='bbox 686 2547 724 2583; x_wconf 85' lang='grc' dir='ltr'>μὴ</span> <span class='ocrx_word' id='word_1_447' title='bbox 746 2549 844 2575; x_wconf 65' lang='grc' dir='ltr'>εἴπωσι</span> <span class='ocrx_word' id='word_1_448' title='bbox 855 2557 861 2564; x_wconf 91' lang='grc'><strong>·</strong></span> <span class='ocrx_word' id='word_1_449' title='bbox 880 2549 967 2576; x_wconf 81' lang='grc' dir='ltr'>Πατέ-</span> 
     </span>
    </p>
   </div>
   <div class='ocr_carea' id='block_1_68' title="bbox 180 2593 967 2629">
    <p class='ocr_par' dir='ltr' id='par_1_68' title="bbox 180 2593 967 2629">
     <span class='ocr_line' id='line_1_68' title="bbox 180 2593 967 2629; baseline 0.004 -10"><span class='ocrx_word' id='word_1_450' title='bbox 180 2602 226 2629; x_wconf 74' lang='lat' dir='ltr'><strong>ps;</strong></span> <span class='ocrx_word' id='word_1_451' title='bbox 250 2593 352 2628; x_wconf 76' lang='grc' dir='ltr'>ἔφαγον</span> <span class='ocrx_word' id='word_1_452' title='bbox 380 2593 519 2627; x_wconf 74' lang='grc' dir='ltr'>ὄμφακας,</span> <span class='ocrx_word' id='word_1_453' title='bbox 535 2593 583 2620; x_wconf 71' lang='grc' dir='ltr'>καὶ</span> <span class='ocrx_word' id='word_1_454' title='bbox 609 2594 634 2621; x_wconf 77' lang='grc' dir='ltr'>οἱ</span> <span class='ocrx_word' id='word_1_455' title='bbox 657 2595 763 2627; x_wconf 76' lang='grc' dir='ltr'>ὀδόντες</span> <span class='ocrx_word' id='word_1_456' title='bbox 786 2596 841 2622; x_wconf 88' lang='grc' dir='ltr'>τῶν</span> <span class='ocrx_word' id='word_1_457' title='bbox 863 2596 967 2623; x_wconf 84' lang='grc' dir='ltr'>τέκνων</span> 
     </span>
    </p>
   </div>
   <div class='ocr_carea' id='block_1_69' title="bbox 180 2639 967 2678">
    <p class='ocr_par' dir='ltr' id='par_1_69' title="bbox 180 2639 967 2678">
     <span class='ocr_line' id='line_1_69' title="bbox 180 2639 967 2678; baseline 0.005 -13"><span class='ocrx_word' id='word_1_458' title='bbox 180 2639 355 2675; x_wconf 73' lang='grc' dir='ltr'>ᾐμωδίασανν</span> <span class='ocrx_word' id='word_1_459' title='bbox 385 2639 442 2666; x_wconf 78' lang='grc' dir='ltr'>ἀλλ’</span> <span class='ocrx_word' id='word_1_460' title='bbox 466 2639 581 2671; x_wconf 70' lang='grc' dir='ltr'>ἕκαστος</span> <span class='ocrx_word' id='word_1_461' title='bbox 611 2641 640 2667; x_wconf 80' lang='grc' dir='ltr'>ὲν</span> <span class='ocrx_word' id='word_1_462' title='bbox 669 2642 702 2676; x_wconf 84' lang='grc' dir='ltr'><strong>τῇ</strong></span> <span class='ocrx_word' id='word_1_463' title='bbox 727 2641 823 2668; x_wconf 76' lang='grc' dir='ltr'>ἑαυτοῦ</span> <span class='ocrx_word' id='word_1_464' title='bbox 843 2641 967 2678; x_wconf 81' lang='grc' dir='ltr'>ἁμαρτίᾳ</span> 
     </span>
    </p>
   </div>
   <div class='ocr_carea' id='block_1_70' title="bbox 178 2685 966 2722">
    <p class='ocr_par' dir='ltr' id='par_1_70' title="bbox 178 2685 966 2722">
     <span class='ocr_line' id='line_1_70' title="bbox 178 2685 966 2722; baseline 0.003 -10"><span class='ocrx_word' id='word_1_465' title='bbox 178 2685 369 2719; x_wconf 81' lang='grc' dir='ltr'>ἀποθανεῖται,</span> <span class='ocrx_word' id='word_1_466' title='bbox 391 2685 439 2712; x_wconf 76' lang='grc' dir='ltr'>καὶ</span> <span class='ocrx_word' id='word_1_467' title='bbox 463 2685 510 2712; x_wconf 85' lang='grc' dir='ltr'>τοῦ</span> <span class='ocrx_word' id='word_1_468' title='bbox 537 2686 670 2721; x_wconf 81' lang='grc' dir='ltr'>φαγόντος</span> <span class='ocrx_word' id='word_1_469' title='bbox 698 2687 914 2722; x_wconf 68' lang='grc' dir='ltr'>αίμωδιάσουσιν</span> <span class='ocrx_word' id='word_1_470' title='bbox 943 2689 966 2715; x_wconf 83' lang='grc' dir='ltr'>οἰ</span> 
     </span>
    </p>
   </div>
   <div class='ocr_carea' id='block_1_71' title="bbox 179 2729 323 2761">
    <p class='ocr_par' dir='ltr' id='par_1_71' title="bbox 179 2729 323 2761">
     <span class='ocr_line' id='line_1_71' title="bbox 179 2729 323 2761; baseline -0.007 -5"><span class='ocrx_word' id='word_1_471' title='bbox 179 2729 294 2761; x_wconf 74' lang='grc' dir='ltr'>ὀδόντες.</span> <span class='ocrx_word' id='word_1_472' title='bbox 314 2738 323 2755; x_wconf 74' lang='grc' dir='ltr'><strong>ι</strong></span> 
     </span>
    </p>
   </div>
   <div class='ocr_carea' id='block_1_72' title="bbox 214 2776 966 2813">
    <p class='ocr_par' dir='ltr' id='par_1_72' title="bbox 214 2776 966 2813">
     <span class='ocr_line' id='line_1_72' title="bbox 214 2776 966 2813; baseline 0.009 -12"><span class='ocrx_word' id='word_1_473' title='bbox 214 2785 223 2801; x_wconf 75' lang='grc' dir='ltr'><strong>ι</strong></span> <span class='ocrx_word' id='word_1_474' title='bbox 239 2777 270 2802; x_wconf 79' lang='lat' dir='ltr'><strong>Ut</strong></span> <span class='ocrx_word' id='word_1_475' title='bbox 287 2776 404 2811; x_wconf 76' lang='grc' dir='ltr'>πατέρες</span> <span class='ocrx_word' id='word_1_476' title='bbox 418 2776 518 2811; x_wconf 83' lang='grc' dir='ltr'>ἔφαγον</span> <span class='ocrx_word' id='word_1_477' title='bbox 536 2777 675 2812; x_wconf 70' lang='grc' dir='ltr'>ὅμφακας,</span> <span class='ocrx_word' id='word_1_478' title='bbox 691 2779 736 2805; x_wconf 73' lang='grc' dir='ltr'>καὶ</span> <span class='ocrx_word' id='word_1_479' title='bbox 752 2780 776 2806; x_wconf 79' lang='grc' dir='ltr'>οἱ</span> <span class='ocrx_word' id='word_1_480' title='bbox 789 2779 896 2813; x_wconf 80' lang='grc' dir='ltr'>ὀδόν-τες</span> <span class='ocrx_word' id='word_1_481' title='bbox 911 2782 966 2809; x_wconf 83' lang='grc' dir='ltr'>τῶν</span> 
     </span>
    </p>
   </div>
   <div class='ocr_carea' id='block_1_73' title="bbox 179 2823 964 2862">
    <p class='ocr_par' dir='ltr' id='par_1_73' title="bbox 179 2823 964 2862">
     <span class='ocr_line' id='line_1_73' title="bbox 179 2823 964 2862; baseline 0.006 -14"><span class='ocrx_word' id='word_1_482' title='bbox 179 2823 282 2849; x_wconf 75' lang='grc' dir='ltr'>τέκνοιν</span> <span class='ocrx_word' id='word_1_483' title='bbox 297 2823 464 2858; x_wconf 80' lang='grc' dir='ltr'>ᾐμωδίασαν.</span> <span class='ocrx_word' id='word_1_484' title='bbox 486 2823 528 2849; x_wconf 75' lang='grc' dir='ltr'><strong>Ζῶ</strong></span> <span class='ocrx_word' id='word_1_485' title='bbox 542 2824 608 2856; x_wconf 82' lang='grc' dir='ltr'><strong>ἐγὼ,</strong></span> <span class='ocrx_word' id='word_1_486' title='bbox 623 2825 698 2858; x_wconf 77' lang='grc' dir='ltr'>λέγει</span> <span class='ocrx_word' id='word_1_487' title='bbox 721 2825 821 2860; x_wconf 75' lang='grc' dir='ltr'>Κύριος</span> <span class='ocrx_word' id='word_1_488' title='bbox 832 2845 838 2857; x_wconf 87' lang='grc'><strong>,</strong></span> <span class='ocrx_word' id='word_1_489' title='bbox 859 2828 875 2861; x_wconf 85' lang='grc' dir='ltr'>ἡ</span> <span class='ocrx_word' id='word_1_490' title='bbox 893 2827 964 2862; x_wconf 71' lang='grc' dir='ltr'>ψυχὴ</span> 
     </span>
    </p>
   </div>
   <div class='ocr_carea' id='block_1_74' title="bbox 179 2869 965 2906">
    <p class='ocr_par' dir='ltr' id='par_1_74' title="bbox 179 2869 965 2906">
     <span class='ocr_line' id='line_1_74' title="bbox 179 2869 965 2906; baseline 0.003 -10"><span class='ocrx_word' id='word_1_491' title='bbox 179 2869 196 2902; x_wconf 80' lang='grc' dir='ltr'><strong>ἡ</strong></span> <span class='ocrx_word' id='word_1_492' title='bbox 212 2869 417 2906; x_wconf 72' lang='grc' dir='ltr'>ἁμαρτάνουσα,</span> <span class='ocrx_word' id='word_1_493' title='bbox 435 2869 503 2904; x_wconf 75' lang='grc' dir='ltr'>αὑτὴ</span> <span class='ocrx_word' id='word_1_494' title='bbox 516 2870 561 2895; x_wconf 78' lang='grc' dir='ltr'>καὶ</span> <span class='ocrx_word' id='word_1_495' title='bbox 575 2869 760 2896; x_wconf 70' lang='grc' dir='ltr'>ἀποθανεῖται.</span> <span class='ocrx_word' id='word_1_496' title='bbox 779 2871 808 2897; x_wconf 87' lang='grc' dir='ltr'>Ὀ</span> <span class='ocrx_word' id='word_1_497' title='bbox 819 2870 846 2896; x_wconf 79' lang='grc' dir='ltr'>δὲ</span> <span class='ocrx_word' id='word_1_498' title='bbox 861 2871 965 2906; x_wconf 76' lang='grc' dir='ltr'>ἄνῡρω-</span> 
     </span>
    </p>
   </div>
   <div class='ocr_carea' id='block_1_75' title="bbox 1025 947 1814 985">
    <p class='ocr_par' dir='ltr' id='par_1_75' title="bbox 1025 947 1814 985">
     <span class='ocr_line' id='line_1_75' title="bbox 1025 947 1814 985; baseline -0.006 -8"><span class='ocrx_word' id='word_1_499' title='bbox 1025 950 1144 985; x_wconf 86' lang='lat' dir='ltr'><strong>quadam</strong></span> <span class='ocrx_word' id='word_1_500' title='bbox 1164 950 1288 981; x_wconf 90' lang='lat' dir='ltr'><strong>civitate,</strong></span> <span class='ocrx_word' id='word_1_501' title='bbox 1307 950 1354 984; x_wconf 86' lang='lat' dir='ltr'><strong>qui</strong></span> <span class='ocrx_word' id='word_1_502' title='bbox 1380 948 1463 976; x_wconf 84' lang='lat' dir='ltr'><strong>Deum</strong></span> <span class='ocrx_word' id='word_1_503' title='bbox 1482 956 1535 976; x_wconf 92' lang='lat' dir='ltr'><strong>non</strong></span> <span class='ocrx_word' id='word_1_504' title='bbox 1550 948 1672 980; x_wconf 84' lang='lat' dir='ltr'><strong>timebat,</strong></span> <span class='ocrx_word' id='word_1_505' title='bbox 1685 951 1712 974; x_wconf 86' lang='lat' dir='ltr'><strong>et</strong></span> <span class='ocrx_word' id='word_1_506' title='bbox 1729 947 1814 973; x_wconf 88' lang='lat' dir='ltr'><strong>homi-</strong></span> 
     </span>
    </p>
   </div>
   <div class='ocr_carea' id='block_1_76' title="bbox 1026 992 1816 1023">
    <p class='ocr_par' dir='ltr' id='par_1_76' title="bbox 1026 992 1816 1023">
     <span class='ocr_line' id='line_1_76' title="bbox 1026 992 1816 1023; baseline -0.006 0"><span class='ocrx_word' id='word_1_507' title='bbox 1026 1004 1088 1023; x_wconf 87' lang='lat' dir='ltr'><strong>nem</strong></span> <span class='ocrx_word' id='word_1_508' title='bbox 1105 1003 1160 1023; x_wconf 91' lang='lat' dir='ltr'><strong>non</strong></span> <span class='ocrx_word' id='word_1_509' title='bbox 1175 995 1363 1023; x_wconf 84' lang='lat' dir='ltr'><strong>reverebatur.</strong></span> <span class='ocrx_word' id='word_1_510' title='bbox 1380 995 1468 1022; x_wconf 82' lang='lat' dir='ltr'><strong>Vidua</strong></span> <span class='ocrx_word' id='word_1_511' title='bbox 1487 999 1579 1021; x_wconf 88' lang='lat' dir='ltr'><strong>autem</strong></span> <span class='ocrx_word' id='word_1_512' title='bbox 1597 998 1657 1021; x_wconf 87' lang='lat' dir='ltr'><strong>erat</strong></span> <span class='ocrx_word' id='word_1_513' title='bbox 1674 993 1702 1020; x_wconf 91' lang='lat' dir='ltr'><strong>in</strong></span> <span class='ocrx_word' id='word_1_514' title='bbox 1718 992 1816 1019; x_wconf 73' lang='lat' dir='ltr'><strong>civita-</strong></span> 
     </span>
    </p>
   </div>
   <div class='ocr_carea' id='block_1_77' title="bbox 1026 1035 1816 1074">
    <p class='ocr_par' dir='ltr' id='par_1_77' title="bbox 1026 1035 1816 1074">
     <span class='ocr_line' id='line_1_77' title="bbox 1026 1035 1816 1074; baseline -0.004 -5"><span class='ocrx_word' id='word_1_515' title='bbox 1026 1046 1055 1069; x_wconf 85' lang='lat' dir='ltr'><strong>te</strong></span> <span class='ocrx_word' id='word_1_516' title='bbox 1070 1042 1128 1074; x_wconf 86' lang='lat' dir='ltr'><strong>illa,</strong></span> <span class='ocrx_word' id='word_1_517' title='bbox 1145 1035 1176 1069; x_wconf 76' lang='grc' dir='ltr'><strong>ρι’</strong></span> <span class='ocrx_word' id='word_1_518' title='bbox 1202 1041 1332 1069; x_wconf 79' lang='lat' dir='ltr'><strong>veniebat</strong></span> <span class='ocrx_word' id='word_1_519' title='bbox 1345 1040 1379 1068; x_wconf 87' lang='lat' dir='ltr'><strong>ad</strong></span> <span class='ocrx_word' id='word_1_520' title='bbox 1396 1049 1472 1073; x_wconf 86' lang='lat' dir='ltr'><strong>cum,</strong></span> <span class='ocrx_word' id='word_1_521' title='bbox 1503 1040 1598 1068; x_wconf 86' lang='lat' dir='ltr'><strong>dicens</strong></span> <span class='ocrx_word' id='word_1_522' title='bbox 1615 1048 1622 1066; x_wconf 91' lang='lat'>:</span> <span class='ocrx_word' id='word_1_523' title='bbox 1637 1039 1753 1066; x_wconf 85' lang='lat' dir='ltr'><strong>Vindica</strong></span> <span class='ocrx_word' id='word_1_524' title='bbox 1773 1046 1816 1066; x_wconf 81' lang='lat' dir='ltr'><strong>me</strong></span> 
     </span>
    </p>
   </div>
   <div class='ocr_carea' id='block_1_78' title="bbox 1025 1085 1812 1120">
    <p class='ocr_par' dir='ltr' id='par_1_78' title="bbox 1025 1085 1812 1120">
     <span class='ocr_line' id='line_1_78' title="bbox 1025 1085 1812 1120; baseline -0.004 -7"><span class='ocrx_word' id='word_1_525' title='bbox 1025 1086 1059 1114; x_wconf 91' lang='lat' dir='ltr'><strong>de</strong></span> <span class='ocrx_word' id='word_1_526' title='bbox 1071 1085 1233 1114; x_wconf 89' lang='lat' dir='ltr'><strong>adversario</strong></span> <span class='ocrx_word' id='word_1_527' title='bbox 1249 1092 1320 1113; x_wconf 90' lang='lat' dir='ltr'><strong>meo.</strong></span> <span class='ocrx_word' id='word_1_528' title='bbox 1338 1085 1370 1112; x_wconf 87' lang='lat' dir='ltr'><strong>Et</strong></span> <span class='ocrx_word' id='word_1_529' title='bbox 1381 1085 1490 1113; x_wconf 82' lang='lat' dir='ltr'><strong>nolebat</strong></span> <span class='ocrx_word' id='word_1_530' title='bbox 1504 1085 1677 1120; x_wconf 90' lang='lat' dir='ltr'><strong>permultum</strong></span> <span class='ocrx_word' id='word_1_531' title='bbox 1694 1091 1812 1118; x_wconf 83' lang='lat' dir='ltr'><strong>tempus.</strong></span> 
     </span>
    </p>
   </div>
   <div class='ocr_carea' id='block_1_79' title="bbox 1025 1129 1814 1159">
    <p class='ocr_par' dir='ltr' id='par_1_79' title="bbox 1025 1129 1814 1159">
     <span class='ocr_line' id='line_1_79' title="bbox 1025 1129 1814 1159; baseline -0.005 0"><span class='ocrx_word' id='word_1_532' title='bbox 1025 1132 1149 1159; x_wconf 72' lang='lat' dir='ltr'><strong>Posthmc</strong></span> <span class='ocrx_word' id='word_1_533' title='bbox 1174 1136 1266 1159; x_wconf 89' lang='lat' dir='ltr'><strong>autem</strong></span> <span class='ocrx_word' id='word_1_534' title='bbox 1285 1131 1356 1159; x_wconf 78' lang='lat' dir='ltr'><strong>dixit</strong></span> <span class='ocrx_word' id='word_1_535' title='bbox 1371 1132 1442 1158; x_wconf 88' lang='lat' dir='ltr'><strong>intra</strong></span> <span class='ocrx_word' id='word_1_536' title='bbox 1464 1139 1494 1158; x_wconf 89' lang='lat' dir='ltr'><strong>se</strong></span> <span class='ocrx_word' id='word_1_537' title='bbox 1512 1140 1518 1156; x_wconf 83' lang='lat'><strong>2</strong></span> <span class='ocrx_word' id='word_1_538' title='bbox 1536 1131 1593 1158; x_wconf 84' lang='lat' dir='ltr'><strong>Etsi</strong></span> <span class='ocrx_word' id='word_1_539' title='bbox 1609 1130 1692 1158; x_wconf 89' lang='lat' dir='ltr'><strong>Deum</strong></span> <span class='ocrx_word' id='word_1_540' title='bbox 1708 1137 1762 1157; x_wconf 88' lang='lat' dir='ltr'><strong>non</strong></span> <span class='ocrx_word' id='word_1_541' title='bbox 1777 1129 1814 1155; x_wconf 92' lang='lat' dir='ltr'><strong>ti—</strong></span> 
     </span>
    </p>
   </div>
   <div class='ocr_carea' id='block_1_80' title="bbox 1024 1176 1813 1211">
    <p class='ocr_par' dir='ltr' id='par_1_80' title="bbox 1024 1176 1813 1211">
     <span class='ocr_line' id='line_1_80' title="bbox 1024 1176 1813 1211; baseline -0.003 -8"><span class='ocrx_word' id='word_1_542' title='bbox 1024 1184 1096 1210; x_wconf 85' lang='lat' dir='ltr'><strong>meo,</strong></span> <span class='ocrx_word' id='word_1_543' title='bbox 1123 1184 1173 1204; x_wconf 89' lang='lat' dir='ltr'><strong>nec</strong></span> <span class='ocrx_word' id='word_1_544' title='bbox 1206 1176 1346 1204; x_wconf 85' lang='lat' dir='ltr'><strong>hominem</strong></span> <span class='ocrx_word' id='word_1_545' title='bbox 1380 1184 1517 1209; x_wconf 83' lang='lat' dir='ltr'><strong>rcrercor,</strong></span> <span class='ocrx_word' id='word_1_546' title='bbox 1544 1181 1636 1204; x_wconf 91' lang='lat' dir='ltr'><strong>tamen</strong></span> <span class='ocrx_word' id='word_1_547' title='bbox 1654 1178 1719 1211; x_wconf 84' lang='lat' dir='ltr'><strong>quia</strong></span> <span class='ocrx_word' id='word_1_548' title='bbox 1747 1176 1813 1202; x_wconf 77' lang='lat' dir='ltr'><strong>milii</strong></span> 
     </span>
    </p>
   </div>
   <div class='ocr_carea' id='block_1_81' title="bbox 1025 1221 1812 1255">
    <p class='ocr_par' dir='ltr' id='par_1_81' title="bbox 1025 1221 1812 1255">
     <span class='ocr_line' id='line_1_81' title="bbox 1025 1221 1812 1255; baseline -0.003 -6"><span class='ocrx_word' id='word_1_549' title='bbox 1025 1223 1138 1250; x_wconf 78' lang='lat' dir='ltr'><strong>moleSIa</strong></span> <span class='ocrx_word' id='word_1_550' title='bbox 1152 1226 1195 1250; x_wconf 88' lang='lat' dir='ltr'><strong>est</strong></span> <span class='ocrx_word' id='word_1_551' title='bbox 1216 1222 1272 1249; x_wconf 67' lang='lat' dir='ltr'><strong>haec</strong></span> <span class='ocrx_word' id='word_1_552' title='bbox 1294 1223 1386 1255; x_wconf 80' lang='lat' dir='ltr'><strong>vidua,</strong></span> <span class='ocrx_word' id='word_1_553' title='bbox 1406 1222 1551 1250; x_wconf 74' lang='lat' dir='ltr'><strong>vindicabo</strong></span> <span class='ocrx_word' id='word_1_554' title='bbox 1569 1223 1654 1252; x_wconf 78' lang='lat' dir='ltr'><strong>illaut.</strong></span> <span class='ocrx_word' id='word_1_555' title='bbox 1668 1230 1703 1249; x_wconf 92' lang='lat' dir='ltr'><strong>ne</strong></span> <span class='ocrx_word' id='word_1_556' title='bbox 1715 1221 1742 1248; x_wconf 91' lang='lat' dir='ltr'><strong>in</strong></span> <span class='ocrx_word' id='word_1_557' title='bbox 1760 1225 1812 1248; x_wconf 85' lang='lat' dir='ltr'><strong>n&#39;o-</strong></span> 
     </span>
    </p>
   </div>
   <div class='ocr_carea' id='block_1_82' title="bbox 1024 1266 1812 1303">
    <p class='ocr_par' dir='ltr' id='par_1_82' title="bbox 1024 1266 1812 1303">
     <span class='ocr_line' id='line_1_82' title="bbox 1024 1266 1812 1303; baseline -0.003 -9"><span class='ocrx_word' id='word_1_558' title='bbox 1024 1268 1137 1295; x_wconf 79' lang='lat' dir='ltr'><strong>vissimo</strong></span> <span class='ocrx_word' id='word_1_559' title='bbox 1149 1267 1262 1295; x_wconf 88' lang='lat' dir='ltr'><strong>veniens</strong></span> <span class='ocrx_word' id='word_1_560' title='bbox 1276 1267 1403 1303; x_wconf 80' lang='lat' dir='ltr'><strong>suggillet</strong></span> <span class='ocrx_word' id='word_1_561' title='bbox 1423 1276 1477 1294; x_wconf 88' lang='lat' dir='ltr'><strong>me.</strong></span> <span class='ocrx_word' id='word_1_562' title='bbox 1491 1267 1535 1294; x_wconf 84' lang='lat' dir='ltr'><strong>Ait</strong></span> <span class='ocrx_word' id='word_1_563' title='bbox 1550 1272 1640 1294; x_wconf 90' lang='lat' dir='ltr'><strong>autem</strong></span> <span class='ocrx_word' id='word_1_564' title='bbox 1661 1266 1812 1293; x_wconf 87' lang='lat' dir='ltr'><strong>Dominus:</strong></span> 
     </span>
    </p>
   </div>
   <div class='ocr_carea' id='block_1_83' title="bbox 1024 1312 1812 1348">
    <p class='ocr_par' dir='ltr' id='par_1_83' title="bbox 1024 1312 1812 1348">
     <span class='ocr_line' id='line_1_83' title="bbox 1024 1312 1812 1348; baseline -0.003 -8"><span class='ocrx_word' id='word_1_565' title='bbox 1024 1313 1124 1340; x_wconf 81' lang='lat' dir='ltr'><strong>Audite</strong></span> <span class='ocrx_word' id='word_1_566' title='bbox 1153 1313 1220 1348; x_wconf 91' lang='lat' dir='ltr'><strong>quid</strong></span> <span class='ocrx_word' id='word_1_567' title='bbox 1240 1313 1324 1348; x_wconf 81' lang='lat' dir='ltr'><strong>judex</strong></span> <span class='ocrx_word' id='word_1_568' title='bbox 1351 1314 1505 1347; x_wconf 84' lang='lat' dir='ltr'><strong>iniquitatis</strong></span> <span class='ocrx_word' id='word_1_569' title='bbox 1521 1313 1605 1340; x_wconf 87' lang='lat' dir='ltr'><strong>dicat.</strong></span> <span class='ocrx_word' id='word_1_570' title='bbox 1630 1312 1702 1340; x_wconf 81' lang='lat' dir='ltr'><strong>Deus</strong></span> <span class='ocrx_word' id='word_1_571' title='bbox 1722 1316 1812 1339; x_wconf 90' lang='lat' dir='ltr'><strong>autem</strong></span> 
     </span>
    </p>
   </div>
   <div class='ocr_carea' id='block_1_84' title="bbox 1024 1357 1814 1389">
    <p class='ocr_par' dir='ltr' id='par_1_84' title="bbox 1024 1357 1814 1389">
     <span class='ocr_line' id='line_1_84' title="bbox 1024 1357 1814 1389; baseline -0.003 -4"><span class='ocrx_word' id='word_1_572' title='bbox 1024 1366 1081 1385; x_wconf 92' lang='lat' dir='ltr'><strong>non</strong></span> <span class='ocrx_word' id='word_1_573' title='bbox 1113 1357 1195 1386; x_wconf 76' lang='lat' dir='ltr'><strong>faciet</strong></span> <span class='ocrx_word' id='word_1_574' title='bbox 1213 1359 1362 1386; x_wconf 88' lang='lat' dir='ltr'><strong>vindictam</strong></span> <span class='ocrx_word' id='word_1_575' title='bbox 1385 1359 1536 1386; x_wconf 88' lang='lat' dir='ltr'><strong>electorum</strong></span> <span class='ocrx_word' id='word_1_576' title='bbox 1553 1365 1664 1386; x_wconf 88' lang='lat' dir='ltr'><strong>suorum</strong></span> <span class='ocrx_word' id='word_1_577' title='bbox 1693 1357 1814 1389; x_wconf 66' lang='lat' dir='ltr'><strong>cluuian-</strong></span> 
     </span>
    </p>
   </div>
   <div class='ocr_carea' id='block_1_85' title="bbox 1023 1403 1814 1440">
    <p class='ocr_par' dir='ltr' id='par_1_85' title="bbox 1023 1403 1814 1440">
     <span class='ocr_line' id='line_1_85' title="bbox 1023 1403 1814 1440; baseline -0.001 -9"><span class='ocrx_word' id='word_1_578' title='bbox 1023 1405 1091 1431; x_wconf 91' lang='lat' dir='ltr'><strong>tium</strong></span> <span class='ocrx_word' id='word_1_579' title='bbox 1113 1404 1146 1432; x_wconf 84' lang='lat' dir='ltr'><strong>ad</strong></span> <span class='ocrx_word' id='word_1_580' title='bbox 1164 1412 1194 1432; x_wconf 82' lang='lat' dir='ltr'><strong>se</strong></span> <span class='ocrx_word' id='word_1_581' title='bbox 1220 1404 1265 1432; x_wconf 88' lang='lat' dir='ltr'><strong>die</strong></span> <span class='ocrx_word' id='word_1_582' title='bbox 1279 1412 1311 1432; x_wconf 90' lang='lat' dir='ltr'><strong>ac</strong></span> <span class='ocrx_word' id='word_1_583' title='bbox 1327 1409 1420 1436; x_wconf 87' lang='lat' dir='ltr'><strong>nocte,</strong></span> <span class='ocrx_word' id='word_1_584' title='bbox 1441 1409 1467 1432; x_wconf 90' lang='lat' dir='ltr'><strong>ct</strong></span> <span class='ocrx_word' id='word_1_585' title='bbox 1482 1404 1641 1440; x_wconf 85' lang='lat' dir='ltr'><strong>patientiam</strong></span> <span class='ocrx_word' id='word_1_586' title='bbox 1661 1403 1770 1431; x_wconf 81' lang='lat' dir='ltr'><strong>habebit</strong></span> <span class='ocrx_word' id='word_1_587' title='bbox 1787 1403 1814 1430; x_wconf 91' lang='lat' dir='ltr'><strong>in</strong></span> 
     </span>
    </p>
   </div>
   <div class='ocr_carea' id='block_1_86' title="bbox 1024 1449 1814 1486">
    <p class='ocr_par' dir='ltr' id='par_1_86' title="bbox 1024 1449 1814 1486">
     <span class='ocr_line' id='line_1_86' title="bbox 1024 1449 1814 1486; baseline -0.001 -9"><span class='ocrx_word' id='word_1_588' title='bbox 1024 1450 1101 1478; x_wconf 81' lang='lat' dir='ltr'><strong>illis?</strong></span> <span class='ocrx_word' id='word_1_589' title='bbox 1127 1451 1194 1478; x_wconf 77' lang='lat' dir='ltr'><strong>uico</strong></span> <span class='ocrx_word' id='word_1_590' title='bbox 1219 1451 1309 1483; x_wconf 87' lang='lat' dir='ltr'><strong>vobis,</strong></span> <span class='ocrx_word' id='word_1_591' title='bbox 1326 1451 1391 1486; x_wconf 86' lang='lat' dir='ltr'><strong>quia</strong></span> <span class='ocrx_word' id='word_1_592' title='bbox 1413 1451 1470 1478; x_wconf 91' lang='lat' dir='ltr'><strong>cito</strong></span> <span class='ocrx_word' id='word_1_593' title='bbox 1495 1451 1645 1478; x_wconf 82' lang='lat' dir='ltr'><strong>vindictam</strong></span> <span class='ocrx_word' id='word_1_594' title='bbox 1661 1449 1814 1477; x_wconf 80' lang='lat' dir='ltr'><strong>lacietillo-</strong></span> 
     </span>
    </p>
   </div>
   <div class='ocr_carea' id='block_1_87' title="bbox 1024 1503 1121 1522">
    <p class='ocr_par' dir='ltr' id='par_1_87' title="bbox 1024 1503 1121 1522">
     <span class='ocr_line' id='line_1_87' title="bbox 1024 1503 1121 1522; baseline -0.01 0"><span class='ocrx_word' id='word_1_595' title='bbox 1024 1503 1096 1522; x_wconf 90' lang='lat' dir='ltr'><strong>rum.</strong></span> <span class='ocrx_word' id='word_1_596' title='bbox 1112 1505 1121 1521; x_wconf 70' lang='grc' dir='ltr'><strong>ι</strong></span> 
     </span>
    </p>
   </div>
   <div class='ocr_carea' id='block_1_88' title="bbox 1059 1539 1812 1575">
    <p class='ocr_par' dir='ltr' id='par_1_88' title="bbox 1059 1539 1812 1575">
     <span class='ocr_line' id='line_1_88' title="bbox 1059 1539 1812 1575; baseline 0.001 -9"><span class='ocrx_word' id='word_1_597' title='bbox 1059 1540 1135 1568; x_wconf 87' lang='lat' dir='ltr'><strong>Rom.</strong></span> <span class='ocrx_word' id='word_1_598' title='bbox 1154 1549 1201 1573; x_wconf 83' lang='lat' dir='ltr'><strong>xtl,</strong></span> <span class='ocrx_word' id='word_1_599' title='bbox 1228 1541 1272 1568; x_wconf 75' lang='lat' dir='ltr'><strong>l9.</strong></span> <span class='ocrx_word' id='word_1_600' title='bbox 1289 1555 1324 1560; x_wconf 88' lang='lat'><strong>——-</strong></span> <span class='ocrx_word' id='word_1_601' title='bbox 1341 1550 1350 1566; x_wconf 85' lang='grc' dir='ltr'><strong>ι</strong></span> <span class='ocrx_word' id='word_1_602' title='bbox 1364 1540 1423 1567; x_wconf 89' lang='lat' dir='ltr'><strong>Non</strong></span> <span class='ocrx_word' id='word_1_603' title='bbox 1451 1540 1639 1575; x_wconf 86' lang='lat' dir='ltr'><strong>vosmetipsos</strong></span> <span class='ocrx_word' id='word_1_604' title='bbox 1659 1539 1812 1567; x_wconf 66' lang='lat' dir='ltr'><strong>defenden-</strong></span> 
     </span>
    </p>
   </div>
   <div class='ocr_carea' id='block_1_89' title="bbox 1024 1586 1813 1620">
    <p class='ocr_par' dir='ltr' id='par_1_89' title="bbox 1024 1586 1813 1620">
     <span class='ocr_line' id='line_1_89' title="bbox 1024 1586 1813 1620; baseline -0.001 -7"><span class='ocrx_word' id='word_1_605' title='bbox 1024 1590 1077 1618; x_wconf 87' lang='lat' dir='ltr'><strong>tes,</strong></span> <span class='ocrx_word' id='word_1_606' title='bbox 1101 1586 1269 1619; x_wconf 89' lang='lat' dir='ltr'><strong>charissimi,</strong></span> <span class='ocrx_word' id='word_1_607' title='bbox 1286 1586 1334 1613; x_wconf 90' lang='lat' dir='ltr'><strong>sed</strong></span> <span class='ocrx_word' id='word_1_608' title='bbox 1349 1586 1413 1613; x_wconf 78' lang='lat' dir='ltr'><strong>date</strong></span> <span class='ocrx_word' id='word_1_609' title='bbox 1435 1586 1524 1612; x_wconf 90' lang='lat' dir='ltr'><strong>locum</strong></span> <span class='ocrx_word' id='word_1_610' title='bbox 1541 1586 1598 1613; x_wconf 63' lang='lat' dir='ltr'><strong>irae.</strong></span> <span class='ocrx_word' id='word_1_611' title='bbox 1618 1586 1755 1620; x_wconf 85' lang='lat' dir='ltr'><strong>Scriptum</strong></span> <span class='ocrx_word' id='word_1_612' title='bbox 1770 1590 1813 1613; x_wconf 82' lang='lat' dir='ltr'><strong>est</strong></span> 
     </span>
    </p>
   </div>
   <div class='ocr_carea' id='block_1_90' title="bbox 1024 1631 1811 1667">
    <p class='ocr_par' dir='ltr' id='par_1_90' title="bbox 1024 1631 1811 1667">
     <span class='ocr_line' id='line_1_90' title="bbox 1024 1631 1811 1667; baseline 0 -9"><span class='ocrx_word' id='word_1_613' title='bbox 1024 1632 1097 1659; x_wconf 88' lang='lat' dir='ltr'><strong>enim</strong></span> <span class='ocrx_word' id='word_1_614' title='bbox 1116 1640 1122 1658; x_wconf 92' lang='lat'><strong>:</strong></span> <span class='ocrx_word' id='word_1_615' title='bbox 1140 1632 1207 1659; x_wconf 83' lang='lat' dir='ltr'><strong>Mihi</strong></span> <span class='ocrx_word' id='word_1_616' title='bbox 1236 1632 1367 1664; x_wconf 84' lang='lat' dir='ltr'><strong>vindicta,</strong></span> <span class='ocrx_word' id='word_1_617' title='bbox 1385 1636 1413 1659; x_wconf 86' lang='lat' dir='ltr'><strong>et</strong></span> <span class='ocrx_word' id='word_1_618' title='bbox 1426 1639 1477 1667; x_wconf 80' lang='lat' dir='ltr'><strong>ego</strong></span> <span class='ocrx_word' id='word_1_619' title='bbox 1491 1632 1655 1665; x_wconf 85' lang='lat' dir='ltr'><strong>retribuam,</strong></span> <span class='ocrx_word' id='word_1_620' title='bbox 1671 1632 1739 1659; x_wconf 90' lang='lat' dir='ltr'><strong>dicit</strong></span> <span class='ocrx_word' id='word_1_621' title='bbox 1760 1631 1811 1659; x_wconf 89' lang='lat' dir='ltr'><strong>Do-</strong></span> 
     </span>
    </p>
   </div>
   <div class='ocr_carea' id='block_1_91' title="bbox 1024 1683 1153 1703">
    <p class='ocr_par' dir='ltr' id='par_1_91' title="bbox 1024 1683 1153 1703">
     <span class='ocr_line' id='line_1_91' title="bbox 1024 1683 1153 1703; baseline 0.008 -1"><span class='ocrx_word' id='word_1_622' title='bbox 1024 1683 1128 1703; x_wconf 79' lang='lat' dir='ltr'><strong>minus.</strong></span> <span class='ocrx_word' id='word_1_623' title='bbox 1143 1685 1153 1702; x_wconf 74' lang='grc' dir='ltr'><strong>ι</strong></span> 
     </span>
    </p>
   </div>
   <div class='ocr_carea' id='block_1_92' title="bbox 1061 1721 1810 1757">
    <p class='ocr_par' dir='ltr' id='par_1_92' title="bbox 1061 1721 1810 1757">
     <span class='ocr_line' id='line_1_92' title="bbox 1061 1721 1810 1757; baseline 0.001 -9"><span class='ocrx_word' id='word_1_624' title='bbox 1061 1721 1089 1749; x_wconf 89' lang='lat' dir='ltr'><strong>S.</strong></span> <span class='ocrx_word' id='word_1_625' title='bbox 1105 1721 1202 1757; x_wconf 81' lang='lat' dir='ltr'><strong>Cyrill.</strong></span> <span class='ocrx_word' id='word_1_626' title='bbox 1224 1721 1271 1750; x_wconf 86' lang='lat' dir='ltr'><strong>Ille</strong></span> <span class='ocrx_word' id='word_1_627' title='bbox 1299 1722 1414 1750; x_wconf 89' lang='lat' dir='ltr'><strong>omnino</strong></span> <span class='ocrx_word' id='word_1_628' title='bbox 1433 1722 1480 1757; x_wconf 88' lang='lat' dir='ltr'><strong>qui</strong></span> <span class='ocrx_word' id='word_1_629' title='bbox 1506 1721 1608 1757; x_wconf 86' lang='lat' dir='ltr'><strong>injuria</strong></span> <span class='ocrx_word' id='word_1_630' title='bbox 1624 1721 1752 1754; x_wconf 73' lang='lat' dir='ltr'><strong>afﬁcitur,</strong></span> <span class='ocrx_word' id='word_1_631' title='bbox 1767 1722 1810 1749; x_wconf 92' lang='lat' dir='ltr'><strong>in-</strong></span> 
     </span>
    </p>
   </div>
   <div class='ocr_carea' id='block_1_93' title="bbox 1023 1767 1811 1803">
    <p class='ocr_par' dir='ltr' id='par_1_93' title="bbox 1023 1767 1811 1803">
     <span class='ocr_line' id='line_1_93' title="bbox 1023 1767 1811 1803; baseline -0.001 -9"><span class='ocrx_word' id='word_1_632' title='bbox 1023 1767 1150 1795; x_wconf 90' lang='lat' dir='ltr'><strong>cenditur</strong></span> <span class='ocrx_word' id='word_1_633' title='bbox 1179 1768 1289 1803; x_wconf 89' lang='lat' dir='ltr'><strong>quidem</strong></span> <span class='ocrx_word' id='word_1_634' title='bbox 1308 1775 1364 1803; x_wconf 66' lang='lat' dir='ltr'><strong>prie</strong></span> <span class='ocrx_word' id='word_1_635' title='bbox 1395 1775 1535 1800; x_wconf 61' lang='lat' dir='ltr'><strong>maerore;</strong></span> <span class='ocrx_word' id='word_1_636' title='bbox 1553 1776 1616 1794; x_wconf 89' lang='lat' dir='ltr'><strong>cum</strong></span> <span class='ocrx_word' id='word_1_637' title='bbox 1633 1772 1724 1795; x_wconf 87' lang='lat' dir='ltr'><strong>autem</strong></span> <span class='ocrx_word' id='word_1_638' title='bbox 1740 1767 1811 1803; x_wconf 91' lang='lat' dir='ltr'><strong>inju-</strong></span> 
     </span>
    </p>
   </div>
   <div class='ocr_carea' id='block_1_94' title="bbox 1023 1813 1812 1849">
    <p class='ocr_par' dir='ltr' id='par_1_94' title="bbox 1023 1813 1812 1849">
     <span class='ocr_line' id='line_1_94' title="bbox 1023 1813 1812 1849; baseline 0 -9"><span class='ocrx_word' id='word_1_639' title='bbox 1023 1813 1091 1841; x_wconf 85' lang='lat' dir='ltr'><strong>riam</strong></span> <span class='ocrx_word' id='word_1_640' title='bbox 1111 1819 1252 1849; x_wconf 85' lang='lat' dir='ltr'><strong>acceptam</strong></span> <span class='ocrx_word' id='word_1_641' title='bbox 1279 1813 1417 1842; x_wconf 87' lang='lat' dir='ltr'><strong>interdum</strong></span> <span class='ocrx_word' id='word_1_642' title='bbox 1433 1814 1529 1842; x_wconf 87' lang='lat' dir='ltr'><strong>ulcisci</strong></span> <span class='ocrx_word' id='word_1_643' title='bbox 1556 1818 1684 1849; x_wconf 88' lang='lat' dir='ltr'><strong>nequeat,</strong></span> <span class='ocrx_word' id='word_1_644' title='bbox 1698 1821 1749 1841; x_wconf 84' lang='lat' dir='ltr'><strong>nec</strong></span> <span class='ocrx_word' id='word_1_645' title='bbox 1762 1822 1812 1849; x_wconf 88' lang='lat' dir='ltr'><strong>par</strong></span> 
     </span>
    </p>
   </div>
   <div class='ocr_carea' id='block_1_95' title="bbox 1023 1860 1809 1896">
    <p class='ocr_par' dir='ltr' id='par_1_95' title="bbox 1023 1860 1809 1896">
     <span class='ocr_line' id='line_1_95' title="bbox 1023 1860 1809 1896; baseline 0.001 -9"><span class='ocrx_word' id='word_1_646' title='bbox 1023 1860 1082 1896; x_wconf 89' lang='lat' dir='ltr'><strong>pari</strong></span> <span class='ocrx_word' id='word_1_647' title='bbox 1109 1860 1317 1896; x_wconf 81' lang='lat' dir='ltr'><strong>rcicrre,quod</strong></span> <span class='ocrx_word' id='word_1_648' title='bbox 1344 1861 1471 1888; x_wconf 88' lang='lat' dir='ltr'><strong>videlicet</strong></span> <span class='ocrx_word' id='word_1_649' title='bbox 1497 1861 1550 1888; x_wconf 87' lang='lat' dir='ltr'><strong>eia</strong></span> <span class='ocrx_word' id='word_1_650' title='bbox 1577 1867 1632 1895; x_wconf 90' lang='lat' dir='ltr'><strong>quo</strong></span> <span class='ocrx_word' id='word_1_651' title='bbox 1650 1860 1730 1888; x_wconf 71' lang='lat' dir='ltr'><strong>laesus</strong></span> <span class='ocrx_word' id='word_1_652' title='bbox 1756 1865 1809 1893; x_wconf 88' lang='lat' dir='ltr'><strong>est,</strong></span> 
     </span>
    </p>
   </div>
   <div class='ocr_carea' id='block_1_96' title="bbox 1021 1906 1812 1944">
    <p class='ocr_par' dir='ltr' id='par_1_96' title="bbox 1021 1906 1812 1944">
     <span class='ocr_line' id='line_1_96' title="bbox 1021 1906 1812 1944; baseline -0.001 -10"><span class='ocrx_word' id='word_1_653' title='bbox 1021 1906 1127 1934; x_wconf 89' lang='lat' dir='ltr'><strong>viribus</strong></span> <span class='ocrx_word' id='word_1_654' title='bbox 1156 1907 1235 1934; x_wconf 87' lang='lat' dir='ltr'><strong>cedat</strong></span> <span class='ocrx_word' id='word_1_655' title='bbox 1251 1915 1258 1933; x_wconf 92' lang='lat'>:</span> <span class='ocrx_word' id='word_1_656' title='bbox 1275 1914 1402 1941; x_wconf 74' lang='lat' dir='ltr'><strong>supernae</strong></span> <span class='ocrx_word' id='word_1_657' title='bbox 1435 1907 1510 1934; x_wconf 86' lang='lat' dir='ltr'><strong>illius</strong></span> <span class='ocrx_word' id='word_1_658' title='bbox 1531 1906 1659 1941; x_wconf 71' lang='lat' dir='ltr'><strong>justitizc.</strong></span> <span class='ocrx_word' id='word_1_659' title='bbox 1677 1915 1737 1941; x_wconf 76' lang='lat' dir='ltr'><strong>qua:</strong></span> <span class='ocrx_word' id='word_1_660' title='bbox 1753 1906 1812 1944; x_wconf 77' lang='lat' dir='ltr'><strong>odit</strong></span> 
     </span>
    </p>
   </div>
   <div class='ocr_carea' id='block_1_97' title="bbox 1021 1951 1720 1986">
    <p class='ocr_par' dir='ltr' id='par_1_97' title="bbox 1021 1951 1720 1986">
     <span class='ocr_line' id='line_1_97' title="bbox 1021 1951 1720 1986; baseline 0.003 -8"><span class='ocrx_word' id='word_1_661' title='bbox 1021 1951 1236 1986; x_wconf 81' lang='lat' dir='ltr'><strong>improbitatem,</strong></span> <span class='ocrx_word' id='word_1_662' title='bbox 1254 1952 1380 1979; x_wconf 86' lang='lat' dir='ltr'><strong>aculeum</strong></span> <span class='ocrx_word' id='word_1_663' title='bbox 1397 1952 1424 1979; x_wconf 94' lang='lat' dir='ltr'><strong>in</strong></span> <span class='ocrx_word' id='word_1_664' title='bbox 1444 1952 1578 1979; x_wconf 81' lang='lat' dir='ltr'><strong>auxilium</strong></span> <span class='ocrx_word' id='word_1_665' title='bbox 1594 1953 1720 1980; x_wconf 87' lang='lat' dir='ltr'><strong>accersit.</strong></span> 
     </span>
    </p>
   </div>
   <div class='ocr_carea' id='block_1_98' title="bbox 1055 1996 1811 2032">
    <p class='ocr_par' dir='ltr' id='par_1_98' title="bbox 1055 1996 1811 2032">
     <span class='ocr_line' id='line_1_98' title="bbox 1055 1996 1811 2032; baseline 0.003 -9"><span class='ocrx_word' id='word_1_666' title='bbox 1055 1996 1164 2031; x_wconf 73' lang='lat' dir='ltr'><strong>Joseplr.</strong></span> <span class='ocrx_word' id='word_1_667' title='bbox 1191 1997 1372 2032; x_wconf 83' lang='lat' dir='ltr'><strong>—0portere</strong></span> <span class='ocrx_word' id='word_1_668' title='bbox 1403 1998 1532 2025; x_wconf 80' lang='lat' dir='ltr'><strong>existimo</strong></span> <span class='ocrx_word' id='word_1_669' title='bbox 1561 2006 1608 2026; x_wconf 87' lang='lat' dir='ltr'><strong>eos</strong></span> <span class='ocrx_word' id='word_1_670' title='bbox 1626 1999 1672 2032; x_wconf 89' lang='lat' dir='ltr'><strong>qui</strong></span> <span class='ocrx_word' id='word_1_671' title='bbox 1698 1998 1726 2025; x_wconf 90' lang='lat' dir='ltr'><strong>in</strong></span> <span class='ocrx_word' id='word_1_672' title='bbox 1749 1998 1811 2025; x_wconf 80' lang='lat' dir='ltr'><strong>loro</strong></span> 
     </span>
    </p>
   </div>
   <div class='ocr_carea' id='block_1_99' title="bbox 1021 2042 1809 2078">
    <p class='ocr_par' dir='ltr' id='par_1_99' title="bbox 1021 2042 1809 2078">
     <span class='ocr_line' id='line_1_99' title="bbox 1021 2042 1809 2078; baseline 0 -8"><span class='ocrx_word' id='word_1_673' title='bbox 1021 2046 1118 2070; x_wconf 87' lang='lat' dir='ltr'><strong>sancto</strong></span> <span class='ocrx_word' id='word_1_674' title='bbox 1145 2042 1283 2075; x_wconf 84' lang='lat' dir='ltr'><strong>habitant,</strong></span> <span class='ocrx_word' id='word_1_675' title='bbox 1313 2043 1435 2070; x_wconf 91' lang='lat' dir='ltr'><strong>omnium</strong></span> <span class='ocrx_word' id='word_1_676' title='bbox 1459 2043 1595 2078; x_wconf 89' lang='lat' dir='ltr'><strong>judicium</strong></span> <span class='ocrx_word' id='word_1_677' title='bbox 1610 2043 1664 2071; x_wconf 85' lang='lat' dir='ltr'><strong>Deo</strong></span> <span class='ocrx_word' id='word_1_678' title='bbox 1682 2044 1809 2071; x_wconf 89' lang='lat' dir='ltr'><strong>commit-</strong></span> 
     </span>
    </p>
   </div>
   <div class='ocr_carea' id='block_1_100' title="bbox 1021 2087 1808 2123">
    <p class='ocr_par' dir='ltr' id='par_1_100' title="bbox 1021 2087 1808 2123">
     <span class='ocr_line' id='line_1_100' title="bbox 1021 2087 1808 2123; baseline 0.003 -9"><span class='ocrx_word' id='word_1_679' title='bbox 1021 2090 1089 2120; x_wconf 86' lang='lat' dir='ltr'><strong>tere,</strong></span> <span class='ocrx_word' id='word_1_680' title='bbox 1104 2091 1187 2122; x_wconf 86' lang='lat' dir='ltr'><strong>atque</strong></span> <span class='ocrx_word' id='word_1_681' title='bbox 1205 2087 1354 2115; x_wconf 85' lang='lat' dir='ltr'><strong>humanam</strong></span> <span class='ocrx_word' id='word_1_682' title='bbox 1381 2096 1493 2115; x_wconf 88' lang='lat' dir='ltr'><strong>manum</strong></span> <span class='ocrx_word' id='word_1_683' title='bbox 1511 2089 1663 2123; x_wconf 82' lang='lat' dir='ltr'><strong>aspernari,</strong></span> <span class='ocrx_word' id='word_1_684' title='bbox 1679 2096 1741 2115; x_wconf 91' lang='lat' dir='ltr'><strong>cum</strong></span> <span class='ocrx_word' id='word_1_685' title='bbox 1757 2089 1808 2123; x_wconf 89' lang='lat' dir='ltr'><strong>ipsi</strong></span> 
     </span>
    </p>
   </div>
   <div class='ocr_carea' id='block_1_101' title="bbox 1019 2132 1689 2169">
    <p class='ocr_par' dir='ltr' id='par_1_101' title="bbox 1019 2132 1689 2169">
     <span class='ocr_line' id='line_1_101' title="bbox 1019 2132 1689 2169; baseline 0 -9"><span class='ocrx_word' id='word_1_686' title='bbox 1019 2133 1128 2161; x_wconf 77' lang='lat' dir='ltr'><strong>interim</strong></span> <span class='ocrx_word' id='word_1_687' title='bbox 1147 2140 1296 2168; x_wconf 83' lang='lat' dir='ltr'><strong>supernum</strong></span> <span class='ocrx_word' id='word_1_688' title='bbox 1310 2132 1432 2168; x_wconf 89' lang='lat' dir='ltr'><strong>judiccm</strong></span> <span class='ocrx_word' id='word_1_689' title='bbox 1447 2134 1689 2169; x_wconf 86' lang='lat' dir='ltr'><strong>circumspiciunt.</strong></span> 
     </span>
    </p>
   </div>
   <div class='ocr_carea' id='block_1_102' title="bbox 1020 2201 1808 2237">
    <p class='ocr_par' dir='ltr' id='par_1_102' title="bbox 1020 2201 1808 2237">
     <span class='ocr_line' id='line_1_102' title="bbox 1020 2201 1808 2237; baseline 0 -8"><span class='ocrx_word' id='word_1_690' title='bbox 1020 2201 1088 2230; x_wconf 84' lang='lat' dir='ltr'><strong>Tl&#39;l&#39;.</strong></span> <span class='ocrx_word' id='word_1_691' title='bbox 1101 2201 1184 2228; x_wconf 76' lang='lat' dir='ltr'><strong>XXX.</strong></span> <span class='ocrx_word' id='word_1_692' title='bbox 1200 2217 1235 2222; x_wconf 92' lang='lat'><strong>—-</strong></span> <span class='ocrx_word' id='word_1_693' title='bbox 1251 2202 1288 2229; x_wconf 79' lang='lat' dir='ltr'><strong>De</strong></span> <span class='ocrx_word' id='word_1_694' title='bbox 1312 2202 1346 2229; x_wconf 78' lang='lat' dir='ltr'><strong>iis</strong></span> <span class='ocrx_word' id='word_1_695' title='bbox 1357 2202 1403 2237; x_wconf 80' lang='lat' dir='ltr'><strong>qui</strong></span> <span class='ocrx_word' id='word_1_696' title='bbox 1429 2202 1588 2234; x_wconf 80' lang='lat' dir='ltr'><strong>multanlur,</strong></span> <span class='ocrx_word' id='word_1_697' title='bbox 1608 2207 1632 2229; x_wconf 81' lang='lat' dir='ltr'><strong>et</strong></span> <span class='ocrx_word' id='word_1_698' title='bbox 1645 2210 1735 2236; x_wconf 77' lang='lat' dir='ltr'><strong>prenas</strong></span> <span class='ocrx_word' id='word_1_699' title='bbox 1749 2209 1808 2236; x_wconf 83' lang='lat' dir='ltr'><strong>per-</strong></span> 
     </span>
    </p>
   </div>
   <div class='ocr_carea' id='block_1_103' title="bbox 1072 2237 1761 2273">
    <p class='ocr_par' dir='ltr' id='par_1_103' title="bbox 1072 2237 1761 2273">
     <span class='ocr_line' id='line_1_103' title="bbox 1072 2237 1761 2273; baseline -0.001 -9"><span class='ocrx_word' id='word_1_700' title='bbox 1072 2238 1175 2265; x_wconf 77' lang='lat' dir='ltr'><strong>solvunt</strong></span> <span class='ocrx_word' id='word_1_701' title='bbox 1187 2245 1197 2270; x_wconf 87' lang='lat'><strong>;</strong></span> <span class='ocrx_word' id='word_1_702' title='bbox 1211 2243 1233 2265; x_wconf 80' lang='lat' dir='ltr'><strong>et</strong></span> <span class='ocrx_word' id='word_1_703' title='bbox 1248 2237 1317 2273; x_wconf 80' lang='lat' dir='ltr'><strong>quod</strong></span> <span class='ocrx_word' id='word_1_704' title='bbox 1330 2245 1406 2265; x_wconf 80' lang='lat' dir='ltr'><strong>nemo</strong></span> <span class='ocrx_word' id='word_1_705' title='bbox 1420 2245 1467 2272; x_wconf 87' lang='lat' dir='ltr'><strong>pro</strong></span> <span class='ocrx_word' id='word_1_706' title='bbox 1479 2237 1533 2265; x_wconf 81' lang='lat' dir='ltr'><strong>alio</strong></span> <span class='ocrx_word' id='word_1_707' title='bbox 1549 2238 1702 2272; x_wconf 73' lang='lat' dir='ltr'><strong>plectemlus</strong></span> <span class='ocrx_word' id='word_1_708' title='bbox 1714 2238 1761 2264; x_wconf 74' lang='lat' dir='ltr'><strong>sit.</strong></span> 
     </span>
    </p>
   </div>
   <div class='ocr_carea' id='block_1_104' title="bbox 1053 2326 1808 2361">
    <p class='ocr_par' dir='ltr' id='par_1_104' title="bbox 1053 2326 1808 2361">
     <span class='ocr_line' id='line_1_104' title="bbox 1053 2326 1808 2361; baseline -0.001 -8"><span class='ocrx_word' id='word_1_709' title='bbox 1053 2326 1131 2354; x_wconf 73' lang='lat' dir='ltr'><strong>Deut.</strong></span> <span class='ocrx_word' id='word_1_710' title='bbox 1154 2334 1228 2358; x_wconf 81' lang='lat' dir='ltr'><strong>xxtv,</strong></span> <span class='ocrx_word' id='word_1_711' title='bbox 1249 2326 1294 2355; x_wconf 79' lang='grc'><strong>16.</strong></span> <span class='ocrx_word' id='word_1_712' title='bbox 1307 2342 1341 2347; x_wconf 90' lang='grc'><strong><em>-</em></strong></span> <span class='ocrx_word' id='word_1_713' title='bbox 1364 2337 1373 2353; x_wconf 81' lang='grc' dir='ltr'><strong>ι</strong></span> <span class='ocrx_word' id='word_1_714' title='bbox 1390 2327 1449 2354; x_wconf 88' lang='lat' dir='ltr'><strong>Non</strong></span> <span class='ocrx_word' id='word_1_715' title='bbox 1479 2327 1635 2354; x_wconf 85' lang='lat' dir='ltr'><strong>morientur</strong></span> <span class='ocrx_word' id='word_1_716' title='bbox 1650 2331 1742 2361; x_wconf 82' lang='lat' dir='ltr'><strong>patres</strong></span> <span class='ocrx_word' id='word_1_717' title='bbox 1757 2333 1808 2360; x_wconf 86' lang='lat' dir='ltr'><strong>pro</strong></span> 
     </span>
    </p>
   </div>
   <div class='ocr_carea' id='block_1_105' title="bbox 1018 2371 1806 2408">
    <p class='ocr_par' dir='ltr' id='par_1_105' title="bbox 1018 2371 1806 2408">
     <span class='ocr_line' id='line_1_105' title="bbox 1018 2371 1806 2408; baseline 0 -10"><span class='ocrx_word' id='word_1_718' title='bbox 1018 2371 1092 2405; x_wconf 83' lang='lat' dir='ltr'><strong>ﬁliis,</strong></span> <span class='ocrx_word' id='word_1_719' title='bbox 1109 2379 1159 2399; x_wconf 90' lang='lat' dir='ltr'><strong>nec</strong></span> <span class='ocrx_word' id='word_1_720' title='bbox 1183 2371 1232 2399; x_wconf 87' lang='lat' dir='ltr'><strong>lilii</strong></span> <span class='ocrx_word' id='word_1_721' title='bbox 1249 2379 1298 2407; x_wconf 90' lang='lat' dir='ltr'><strong>pro</strong></span> <span class='ocrx_word' id='word_1_722' title='bbox 1321 2372 1558 2407; x_wconf 84' lang='lat' dir='ltr'><strong>parentibus;scd</strong></span> <span class='ocrx_word' id='word_1_723' title='bbox 1577 2371 1766 2408; x_wconf 83' lang='lat' dir='ltr'><strong>unusquisque</strong></span> <span class='ocrx_word' id='word_1_724' title='bbox 1779 2372 1806 2398; x_wconf 90' lang='lat' dir='ltr'><strong>in</strong></span> 
     </span>
    </p>
   </div>
   <div class='ocr_carea' id='block_1_106' title="bbox 1020 2418 1398 2452">
    <p class='ocr_par' dir='ltr' id='par_1_106' title="bbox 1020 2418 1398 2452">
     <span class='ocr_line' id='line_1_106' title="bbox 1020 2418 1398 2452; baseline 0 -8"><span class='ocrx_word' id='word_1_725' title='bbox 1020 2421 1134 2452; x_wconf 86' lang='lat' dir='ltr'><strong>peccato</strong></span> <span class='ocrx_word' id='word_1_726' title='bbox 1154 2425 1205 2444; x_wconf 78' lang='lat' dir='ltr'><strong>SUO</strong></span> <span class='ocrx_word' id='word_1_727' title='bbox 1219 2418 1364 2446; x_wconf 81' lang='lat' dir='ltr'><strong>morietur.</strong></span> <span class='ocrx_word' id='word_1_728' title='bbox 1389 2428 1398 2444; x_wconf 69' lang='grc' dir='ltr'><strong><em>ι</em></strong></span> 
     </span>
    </p>
   </div>
   <div class='ocr_carea' id='block_1_107' title="bbox 1055 2463 1807 2496">
    <p class='ocr_par' dir='ltr' id='par_1_107' title="bbox 1055 2463 1807 2496">
     <span class='ocr_line' id='line_1_107' title="bbox 1055 2463 1807 2496; baseline 0 -6"><span class='ocrx_word' id='word_1_729' title='bbox 1055 2463 1131 2490; x_wconf 75' lang='lat' dir='ltr'><strong>Psal.</strong></span> <span class='ocrx_word' id='word_1_730' title='bbox 1150 2470 1247 2495; x_wconf 76' lang='lat' dir='ltr'><strong>xum,</strong></span> <span class='ocrx_word' id='word_1_731' title='bbox 1265 2463 1291 2490; x_wconf 90' lang='lat'><strong>7.</strong></span> <span class='ocrx_word' id='word_1_732' title='bbox 1305 2479 1338 2484; x_wconf 92' lang='lat'><strong><em>—</em></strong></span> <span class='ocrx_word' id='word_1_733' title='bbox 1357 2473 1365 2490; x_wconf 81' lang='grc' dir='ltr'><strong>ι</strong></span> <span class='ocrx_word' id='word_1_734' title='bbox 1384 2463 1495 2492; x_wconf 85' lang='lat' dir='ltr'><strong>Fratres</strong></span> <span class='ocrx_word' id='word_1_735' title='bbox 1515 2463 1638 2496; x_wconf 88' lang='lat' dir='ltr'><strong>redimit,</strong></span> <span class='ocrx_word' id='word_1_736' title='bbox 1656 2471 1712 2491; x_wconf 92' lang='lat' dir='ltr'><strong>non</strong></span> <span class='ocrx_word' id='word_1_737' title='bbox 1732 2463 1807 2491; x_wconf 84' lang='lat' dir='ltr'><strong>redi-</strong></span> 
     </span>
    </p>
   </div>
   <div class='ocr_carea' id='block_1_108' title="bbox 1019 2508 1282 2537">
    <p class='ocr_par' dir='ltr' id='par_1_108' title="bbox 1019 2508 1282 2537">
     <span class='ocr_line' id='line_1_108' title="bbox 1019 2508 1282 2537; baseline 0 -1"><span class='ocrx_word' id='word_1_738' title='bbox 1019 2514 1073 2537; x_wconf 92' lang='lat' dir='ltr'><strong>met</strong></span> <span class='ocrx_word' id='word_1_739' title='bbox 1088 2508 1187 2536; x_wconf 81' lang='lat' dir='ltr'><strong>bomo?</strong></span> <span class='ocrx_word' id='word_1_740' title='bbox 1201 2519 1210 2535; x_wconf 82' lang='grc' dir='ltr'><strong>ι</strong></span> <span class='ocrx_word' id='word_1_741' title='bbox 1228 2513 1282 2537; x_wconf 85' lang='lat' dir='ltr'><strong>etc.</strong></span> 
     </span>
    </p>
   </div>
   <div class='ocr_carea' id='block_1_109' title="bbox 1053 2553 1808 2586">
    <p class='ocr_par' dir='ltr' id='par_1_109' title="bbox 1053 2553 1808 2586">
     <span class='ocr_line' id='line_1_109' title="bbox 1053 2553 1808 2586; baseline 0.001 -5"><span class='ocrx_word' id='word_1_742' title='bbox 1053 2554 1152 2582; x_wconf 86' lang='lat' dir='ltr'><strong>Jerem.</strong></span> <span class='ocrx_word' id='word_1_743' title='bbox 1174 2562 1249 2586; x_wconf 81' lang='lat' dir='ltr'><strong>xxxt.</strong></span> <span class='ocrx_word' id='word_1_744' title='bbox 1265 2553 1311 2582; x_wconf 75' lang='lat'><strong>29.</strong></span> <span class='ocrx_word' id='word_1_745' title='bbox 1330 2569 1365 2574; x_wconf 95' lang='lat'><strong>—</strong></span> <span class='ocrx_word' id='word_1_746' title='bbox 1379 2563 1388 2579; x_wconf 76' lang='grc' dir='ltr'><strong>ι</strong></span> <span class='ocrx_word' id='word_1_747' title='bbox 1407 2553 1436 2581; x_wconf 93' lang='lat' dir='ltr'><strong>In</strong></span> <span class='ocrx_word' id='word_1_748' title='bbox 1454 2554 1551 2582; x_wconf 87' lang='lat' dir='ltr'><strong>diebus</strong></span> <span class='ocrx_word' id='word_1_749' title='bbox 1568 2554 1621 2582; x_wconf 90' lang='lat' dir='ltr'><strong>illis</strong></span> <span class='ocrx_word' id='word_1_750' title='bbox 1644 2562 1698 2582; x_wconf 90' lang='lat' dir='ltr'><strong>non</strong></span> <span class='ocrx_word' id='word_1_751' title='bbox 1711 2555 1808 2582; x_wconf 72' lang='lat' dir='ltr'><strong>dicent</strong></span> 
     </span>
    </p>
   </div>
   <div class='ocr_carea' id='block_1_110' title="bbox 1019 2601 1804 2633">
    <p class='ocr_par' dir='ltr' id='par_1_110' title="bbox 1019 2601 1804 2633">
     <span class='ocr_line' id='line_1_110' title="bbox 1019 2601 1804 2633; baseline 0 -5"><span class='ocrx_word' id='word_1_752' title='bbox 1019 2601 1089 2629; x_wconf 89' lang='lat' dir='ltr'><strong>ultra</strong></span> <span class='ocrx_word' id='word_1_753' title='bbox 1109 2611 1115 2629; x_wconf 84' lang='lat'><strong>:</strong></span> <span class='ocrx_word' id='word_1_754' title='bbox 1131 2601 1226 2630; x_wconf 86' lang='lat' dir='ltr'><strong>Patres</strong></span> <span class='ocrx_word' id='word_1_755' title='bbox 1239 2601 1419 2629; x_wconf 85' lang='lat' dir='ltr'><strong>comederunt</strong></span> <span class='ocrx_word' id='word_1_756' title='bbox 1446 2609 1525 2628; x_wconf 84' lang='lat' dir='ltr'><strong>uvam</strong></span> <span class='ocrx_word' id='word_1_757' title='bbox 1542 2602 1680 2633; x_wconf 83' lang='lat' dir='ltr'><strong>aeerbam,</strong></span> <span class='ocrx_word' id='word_1_758' title='bbox 1694 2606 1721 2629; x_wconf 90' lang='lat' dir='ltr'><strong>ct</strong></span> <span class='ocrx_word' id='word_1_759' title='bbox 1737 2601 1804 2628; x_wconf 80' lang='lat' dir='ltr'><strong>den-</strong></span> 
     </span>
    </p>
   </div>
   <div class='ocr_carea' id='block_1_111' title="bbox 1018 2647 1807 2682">
    <p class='ocr_par' dir='ltr' id='par_1_111' title="bbox 1018 2647 1807 2682">
     <span class='ocr_line' id='line_1_111' title="bbox 1018 2647 1807 2682; baseline 0 -8"><span class='ocrx_word' id='word_1_760' title='bbox 1018 2652 1059 2674; x_wconf 88' lang='lat' dir='ltr'><strong>tcs</strong></span> <span class='ocrx_word' id='word_1_761' title='bbox 1078 2647 1197 2674; x_wconf 84' lang='lat' dir='ltr'><strong>ﬁliorum</strong></span> <span class='ocrx_word' id='word_1_762' title='bbox 1223 2647 1427 2682; x_wconf 86' lang='lat' dir='ltr'><strong>obstupuerunt</strong></span> <span class='ocrx_word' id='word_1_763' title='bbox 1446 2655 1453 2674; x_wconf 90' lang='lat'><strong>:</strong></span> <span class='ocrx_word' id='word_1_764' title='bbox 1471 2647 1518 2674; x_wconf 86' lang='lat' dir='ltr'><strong>sed</strong></span> <span class='ocrx_word' id='word_1_765' title='bbox 1553 2647 1744 2682; x_wconf 84' lang='lat' dir='ltr'><strong>unusquisque</strong></span> <span class='ocrx_word' id='word_1_766' title='bbox 1777 2648 1807 2674; x_wconf 83' lang='lat' dir='ltr'><strong>in</strong></span> 
     </span>
    </p>
   </div>
   <div class='ocr_carea' id='block_1_112' title="bbox 1018 2691 1803 2727">
    <p class='ocr_par' dir='ltr' id='par_1_112' title="bbox 1018 2691 1803 2727">
     <span class='ocr_line' id='line_1_112' title="bbox 1018 2691 1803 2727; baseline 0.003 -9"><span class='ocrx_word' id='word_1_767' title='bbox 1018 2691 1163 2727; x_wconf 84' lang='lat' dir='ltr'><strong>iniquitate</strong></span> <span class='ocrx_word' id='word_1_768' title='bbox 1178 2699 1228 2719; x_wconf 80' lang='lat' dir='ltr'><strong>sua</strong></span> <span class='ocrx_word' id='word_1_769' title='bbox 1241 2692 1384 2720; x_wconf 87' lang='lat' dir='ltr'><strong>morietur.</strong></span> <span class='ocrx_word' id='word_1_770' title='bbox 1403 2691 1500 2719; x_wconf 86' lang='lat' dir='ltr'><strong>Omnis</strong></span> <span class='ocrx_word' id='word_1_771' title='bbox 1516 2692 1599 2720; x_wconf 87' lang='lat' dir='ltr'><strong>homo</strong></span> <span class='ocrx_word' id='word_1_772' title='bbox 1613 2692 1658 2727; x_wconf 89' lang='lat' dir='ltr'><strong>qui</strong></span> <span class='ocrx_word' id='word_1_773' title='bbox 1674 2692 1803 2720; x_wconf 77' lang='lat' dir='ltr'><strong>comede-</strong></span> 
     </span>
    </p>
   </div>
   <div class='ocr_carea' id='block_1_113' title="bbox 1018 2737 1800 2774">
    <p class='ocr_par' dir='ltr' id='par_1_113' title="bbox 1018 2737 1800 2774">
     <span class='ocr_line' id='line_1_113' title="bbox 1018 2737 1800 2774; baseline 0 -10"><span class='ocrx_word' id='word_1_774' title='bbox 1018 2737 1054 2764; x_wconf 90' lang='lat' dir='ltr'><strong>rit</strong></span> <span class='ocrx_word' id='word_1_775' title='bbox 1073 2744 1153 2764; x_wconf 84' lang='lat' dir='ltr'><strong>uvam</strong></span> <span class='ocrx_word' id='word_1_776' title='bbox 1185 2738 1325 2770; x_wconf 78' lang='lat' dir='ltr'><strong>acerbam,</strong></span> <span class='ocrx_word' id='word_1_777' title='bbox 1347 2738 1442 2766; x_wconf 88' lang='lat' dir='ltr'><strong>dentes</strong></span> <span class='ocrx_word' id='word_1_778' title='bbox 1459 2739 1546 2773; x_wconf 87' lang='lat' dir='ltr'><strong>ipsius</strong></span> <span class='ocrx_word' id='word_1_779' title='bbox 1561 2738 1770 2774; x_wconf 85' lang='lat' dir='ltr'><strong>obstupescent.</strong></span> <span class='ocrx_word' id='word_1_780' title='bbox 1791 2748 1800 2764; x_wconf 72' lang='grc' dir='ltr'><strong>ι</strong></span> 
     </span>
    </p>
   </div>
   <div class='ocr_carea' id='block_1_114' title="bbox 1054 2782 1805 2816">
    <p class='ocr_par' dir='ltr' id='par_1_114' title="bbox 1054 2782 1805 2816">
     <span class='ocr_line' id='line_1_114' title="bbox 1054 2782 1805 2816; baseline 0 -7"><span class='ocrx_word' id='word_1_781' title='bbox 1054 2782 1148 2810; x_wconf 72' lang='lat' dir='ltr'><strong>Ezecli.</strong></span> <span class='ocrx_word' id='word_1_782' title='bbox 1162 2791 1237 2815; x_wconf 78' lang='lat' dir='ltr'><strong>xvm,</strong></span> <span class='ocrx_word' id='word_1_783' title='bbox 1249 2783 1277 2816; x_wconf 78' lang='lat'><strong>‘2,</strong></span> <span class='ocrx_word' id='word_1_784' title='bbox 1292 2783 1336 2811; x_wconf 74' lang='lat'><strong>20.</strong></span> <span class='ocrx_word' id='word_1_785' title='bbox 1349 2800 1381 2805; x_wconf 87' lang='lat'><strong><em>—</em></strong></span> <span class='ocrx_word' id='word_1_786' title='bbox 1396 2793 1405 2809; x_wconf 79' lang='grc' dir='ltr'><strong>ι</strong></span> <span class='ocrx_word' id='word_1_787' title='bbox 1419 2783 1513 2810; x_wconf 84' lang='lat' dir='ltr'><strong>Patres</strong></span> <span class='ocrx_word' id='word_1_788' title='bbox 1533 2785 1713 2812; x_wconf 86' lang='lat' dir='ltr'><strong>comederunt</strong></span> <span class='ocrx_word' id='word_1_789' title='bbox 1723 2792 1805 2811; x_wconf 74' lang='lat' dir='ltr'><strong>uvam</strong></span> 
     </span>
    </p>
   </div>
   <div class='ocr_carea' id='block_1_115' title="bbox 1017 2827 1803 2864">
    <p class='ocr_par' dir='ltr' id='par_1_115' title="bbox 1017 2827 1803 2864">
     <span class='ocr_line' id='line_1_115' title="bbox 1017 2827 1803 2864; baseline -0.001 -9"><span class='ocrx_word' id='word_1_790' title='bbox 1017 2829 1152 2861; x_wconf 79' lang='lat' dir='ltr'><strong>acerbam,</strong></span> <span class='ocrx_word' id='word_1_791' title='bbox 1184 2827 1319 2855; x_wconf 85' lang='lat' dir='ltr'><strong>ctdentcs</strong></span> <span class='ocrx_word' id='word_1_792' title='bbox 1355 2829 1472 2855; x_wconf 83' lang='lat' dir='ltr'><strong>iiliorutn</strong></span> <span class='ocrx_word' id='word_1_793' title='bbox 1502 2830 1715 2864; x_wconf 85' lang='lat' dir='ltr'><strong>obstupuerunt.</strong></span> <span class='ocrx_word' id='word_1_794' title='bbox 1735 2828 1803 2855; x_wconf 78' lang='lat' dir='ltr'><strong>Vim</strong></span> 
     </span>
    </p>
   </div>
   <div class='ocr_carea' id='block_1_116' title="bbox 1015 2873 1799 2911">
    <p class='ocr_par' dir='ltr' id='par_1_116' title="bbox 1015 2873 1799 2911">
     <span class='ocr_line' id='line_1_116' title="bbox 1015 2873 1799 2911; baseline -0.001 -10"><span class='ocrx_word' id='word_1_795' title='bbox 1015 2882 1075 2907; x_wconf 65' lang='lat' dir='ltr'><strong>ego,</strong></span> <span class='ocrx_word' id='word_1_796' title='bbox 1107 2874 1174 2901; x_wconf 77' lang='lat' dir='ltr'><strong>dicit</strong></span> <span class='ocrx_word' id='word_1_797' title='bbox 1198 2873 1329 2901; x_wconf 71' lang='lat' dir='ltr'><strong>llolninus</strong></span> <span class='ocrx_word' id='word_1_798' title='bbox 1346 2882 1352 2900; x_wconf 92' lang='lat'><strong>:</strong></span> <span class='ocrx_word' id='word_1_799' title='bbox 1371 2874 1462 2901; x_wconf 81' lang='lat' dir='ltr'><strong>anima</strong></span> <span class='ocrx_word' id='word_1_800' title='bbox 1476 2883 1536 2907; x_wconf 64' lang='lat' dir='ltr'><strong>qum</strong></span> <span class='ocrx_word' id='word_1_801' title='bbox 1553 2875 1717 2911; x_wconf 73' lang='lat' dir='ltr'><strong>peccaverit,</strong></span> <span class='ocrx_word' id='word_1_802' title='bbox 1740 2875 1799 2908; x_wconf 76' lang='lat' dir='ltr'><strong>ipsa</strong></span> 
     </span>
    </p>
   </div>
  </div>
