2056 3113
184 122 253 150 ιδδν

834 117 954 147 SACRA
973 113 1206 146 PARALELLA.

1727 94 1730 95 ⁷
1751 110 1818 143 1570

182 174 341 208 καιοσύνης.
368 174 399 200 Οἱ
416 173 443 200 δὲ
460 173 548 209 ὀρθῶς
563 172 710 208 ζητοῦντες
731 173 813 200 αὐτὸν
825 192 832 204 ,
846 172 977 207 εὑρήσου-

1033 168 1097 196 tiam
1114 175 1176 195 cum
1189 167 1308 203 justitia.
1334 168 1386 200 Qui
1406 170 1497 194 autem
1512 171 1640 202 quaerunt
1656 174 1729 201 cum,
1744 168 1820 194 inve-

182 229 224 247 σιν
236 221 359 256 εἰρήνην.
378 230 386 245 ι

218 274 229 292 ¢
253 266 297 298 Ὡς
309 266 350 292 ἔτι
364 265 472 301 καιρὸς,
489 265 658 301 ὲκζητήσατε
677 265 723 291 τὸν
738 264 851 300 Κύριον.
874 274 883 287 ι

218 365 227 382 ι
247 355 342 382 Ἔλεον
357 356 405 381 καὶ
425 356 513 390 κρῖμα
543 355 693 388 φυλάσσου,
712 356 759 382 καὶ
784 354 877 389 ἕγγιζε
907 354 975 389 προς

180 399 304 428 τὸνθεόν
319 409 366 426 σου
378 401 422 427 διὰ
434 401 543 432 παντός.
567 410 576 426 ι

219 456 227 472 ε
250 445 399 473 ’Δκούσατέ
413 454 476 481 μου,
492 446 541 473 καὶ
555 445 676 480 φάγεσθε
691 446 790 480 ἀγαθὰ,
806 447 853 473 καὶ
870 447 975 481 τρυφή-

183 500 224 518 ost
243 493 272 519 ἐν
285 492 398 526 ἀγαθοῖς
408 494 424 526 ὴ
437 492 510 527 ψυχὴ
528 492 616 528 ὑμῶν.
636 503 645 518 ι

220 548 229 564 ε
247 539 479 575 Λίσχυνθήσονται
499 539 600 570 πάντες
619 540 642 565 οἱ
664 539 841 574 ἀφορίζοντες
860 539 976 572 ἑαυτοὺς

182 585 236 612 ἀπὸ
251 585 366 621 Κυρίου.
393 595 402 612 ›

219 640 230 657 ι
254 631 441 667 Ἐκζητήσατὲ
457 639 491 666 με
502 631 530 658 ὲν
546 631 595 668 ὅλῃ
611 632 710 667 καρδίᾳ
726 633 812 667 ὑμῶν,
841 634 888 659 καὶ
915 634 975 659 ἐπι-

183 677 321 712 φανοῦμαι
337 678 411 712 ὑμῖν.
432 688 442 703 ›

221 734 230 750 ι
247 724 310 756 Τοῖς
328 723 490 759 ἐκζητοῦσιν
508 725 590 753 αὐτὸν
609 725 811 761 μισθαποδότης
826 726 839 751 ὁ
853 726 917 758 Θεὸς
933 726 976 760 γὶ-

182 779 269 798 νεται.

222 825 231 841 ‹
257 815 402 850 Ἐγγίσατε
412 816 452 852 τῷ
468 815 538 851 Θεῷ,
551 816 598 844 καὶ
614 817 705 851 ἐγγιεί
719 817 794 852 ὑμῖν.
815 827 825 842 ι

223 903 379 939 Ἀμήχανον
393 904 567 940 ἐκτραπῆναι
582 904 632 940 τῆς
645 904 754 936 δικαίας
776 903 848 937 ὀδοῦ,
868 904 906 940 μὴ
927 905 976 940 λή-

184 949 232 984 θην
248 949 316 976 θεοῦ
329 951 390 982 ταῖς
403 949 504 986 ψυχαῖς
515 951 694 986 νοσήσαντας.

221 1085 303 1110 Ὅσον
317 1084 450 1119 ἀφίστατο
462 1084 512 1119 τῆς
527 1084 600 1119 ζωῆς
612 1085 626 1110 ὁ
640 1083 736 1118 Ἀδὰμ,
752 1082 880 1110 τοσοῦτον
894 1091 979 1118 προσ-

187 1131 296 1166 ήγγιζεν
311 1130 349 1165 τῷ
374 1130 492 1165 θανάτῳ.
512 1129 574 1164 Ζωὴ
596 1128 651 1164 γὰρ
667 1130 680 1155 ὁ
701 1129 786 1160 Θεός·
806 1128 935 1164 στέρησις
950 1129 978 1155 δὲ

186 1176 258 1211 ζωῆς
268 1177 282 1202 ο
297 1176 422 1207 Θάνατος.
438 1175 518 1201 Ὥστε
538 1175 583 1201 τὸν
597 1174 713 1201 Θάνατον
730 1175 744 1199 ὁ
766 1174 852 1209 Ἀδὰμ
871 1173 915 1200 διὰ
929 1173 978 1209 τῆς

186 1223 387 1258 ἀναχωρήσεως
401 1222 448 1248 τοῦ
467 1221 534 1248 Θεοῦ
558 1219 774 1253 κατεσκεύασεν,
797 1220 867 1246 κατὰ
889 1220 920 1246 τὸ
933 1228 979 1254 γεο

186 1269 358 1306 γραμμένον,
374 1268 415 1294 ὅτι
436 1267 508 1294 Ἰδοὺ
525 1268 552 1294 ol
560 1266 769 1302 μακρύνοντες
782 1265 910 1298 ἑαυτοὺς
919 1266 978 1293 ἀπὸ

188 1315 254 1346 τοῦ,
268 1313 466 1341 ἀπολοῦνται.

226 1360 346 1395 Ἀνάγκη
361 1360 411 1394 τὴν
438 1358 630 1395 ἐρημωθεῖσαν
650 1357 739 1393 ψυχὴν
752 1357 802 1392 τῆς
815 1355 979 1387 οἰκειώσεως

188 1407 232 1434 τοῦ
251 1405 330 1440 Θεοῦ,
345 1406 504 1441 οἰκητήριον
521 1404 649 1440 γενέσθαι
669 1403 834 1438 πνευμάτων
854 1402 975 1436 ἀκαθάρ-

185 1463 248 1482 των.

220 1500 303 1532 Τάξις
320 1499 420 1534 ἀρίστη
432 1497 533 1528 παντὸς
545 1495 698 1531 ἀρχομένου
710 1514 716 1526 ,
741 1494 788 1520 καὶ
808 1493 901 1526 λόγου,
931 1495 978 1519 καὶ

1028 215 1109 242 nicnt
1126 220 1232 248 pacem.
1254 223 1263 239 ι

1065 259 1130 287 Osee
1143 268 1170 292 χ,
1189 259 1232 286 12.
1246 275 1279 279 -
1291 270 1300 285 ι
1314 259 1382 287 Dum
1403 259 1492 287 adhuc
1509 264 1617 294 tempus
1633 263 1684 292 est,
1704 259 1820 294 qumrite

1030 305 1184 333 Dominum.
1208 314 1217 331 ι

1064 351 1130 378 Osce
1162 359 1209 383 xu,
1247 351 1322 378 6.-—-
1353 361 1362 376 ι
1382 351 1600 379 Misericordiam
1633 355 1658 378 et
1681 351 1817 385 judicium

1028 397 1147 431 custodi,
1161 402 1188 425 ct
1201 398 1393 433 appropinqua
1410 398 1443 424 ad
1466 398 1552 425 Deum
1574 403 1649 424 tuum
1666 405 1786 431 semper.
1807 407 1815 420 δ

1064 442 1120 470 Ιδα.
1139 451 1183 476 Lv,
1200 443 1227 470 2.
1244 459 1278 463 ——
1294 453 1302 469 ι
1319 442 1421 470 Audite
1431 448 1527 472 meret
1542 443 1675 470 comeditc
1690 442 1771 474 bona,
1792 447 1818 468 et

1027 488 1211 516 delectabitur
1225 489 1250 516 in
1265 489 1345 516 bonis
1362 490 1453 516 anima
1469 492 1571 515 vestra.
1595 498 1602 514 ι

1065 534 1123 561 Isa.
1143 542 1207 568 ην,
1224 534 1270 562 ‘25.
1283 551 1318 555 —
1331 544 1339 559 ι
1355 534 1569 561 Conl‘undantur
1591 541 1687 561 muncs
1707 533 1753 568 qui
1772 540 1818 560 se-

1027 584 1125 613 parant
1141 580 1245 615 seipsos
1261 587 1276 607 a
1294 580 1419 607 Domino.
1436 589 1445 605 ι

1061 625 1160 652 Jcrem.
1177 633 1225 659 xx,
1253 626 1341 652 13,—
1358 634 1367 650 ι
1386 625 1505 657 Quaerite
1531 633 1573 651 me
1600 625 1626 651 in
1654 629 1712 651 toto
1736 623 1818 650 corde

1027 676 1131 705 vestro,
1151 676 1178 699 et
1198 671 1336 706 apparebo
1350 671 1439 698 vobis.
1459 679 1468 696 ι

1065 717 1146 744 Hebr.
1161 725 1201 748 xi,
1211 717 1238 744 6.
1252 732 1287 737 —
1299 726 1308 742 ι
1328 716 1535 751 [inquirentibus
1561 714 1644 742 Deum
1662 715 1720 749 ipse
1733 721 1820 741 remus

1028 767 1140 791 uet'ator
1153 767 1206 791 est.

1062 808 1123 842 Jac.
1135 817 1172 840 tv,
1187 808 1213 836 8.
1224 824 1257 828 —
1271 818 1280 833 ι
1291 807 1516 844 Appropinquate
1526 805 1590 837 Deo,
1602 809 1629 832 ct
1646 805 1704 839 ipse
1720 810 1819 839 appro-

994 871 1015 898 B
1029 856 1172 892 pinquabit
1186 856 1274 883 vobis.
1294 865 1304 881 ι

1065 901 1094 929 S.
1113 901 1199 928 Basil.
1215 901 1288 927 hom.
1300 910 1308 925 I
1328 899 1405 933 Quod
1418 899 1487 926 Deus
1496 906 1547 925 non
1560 898 1596 925 sit
1611 903 1704 925 auctor
1720 897 1794 924 mali.
1809 907 1818 923 ι

1028 963 1062 968 -
1078 947 1151 975 Fieri
1178 955 1234 974 non
1256 950 1344 981 potest
1373 950 1402 972 ut
1415 947 1562 980 quisquam
1581 952 1596 971 a
1622 948 1696 972 recta
1715 945 1756 971 via
1772 943 1821 970 dc-

1029 992 1132 1025 ﬂcctat,
1167 992 1220 1020 nisi
1249 991 1324 1027 prius
1343 990 1452 1018 animus
1473 990 1547 1017 illius
1560 989 1608 1017 Dei
1625 989 1764 1017 oblivione
1779 989 1820 1015 la-

1029 1039 1182 1067 boravcrit.

1065 1081 1134 1109 Ibid.
1150 1097 1184 1103 -
1200 1082 1340 1114 Quantum
1357 1089 1372 1108 a
1393 1081 1448 1108 vita
1470 1080 1618 1108 recedebat
1637 1080 1737 1113 Adam,
1757 1083 1819 1106 tan-

1030 1133 1087 1155 tum
1114 1135 1225 1163 quoque
1250 1127 1283 1154 ad
1309 1134 1427 1154 mortem
1461 1126 1620 1154 accedebat.
1639 1125 1711 1153 Deus
1722 1125 1822 1159 quippe

1028 1175 1085 1201 vita
1099 1178 1141 1201 est
1154 1183 1161 1201 :
1177 1173 1295 1208 privatio
1306 1178 1396 1200 autent
1408 1173 1479 1204 vitae.
1492 1179 1576 1199 mors.
1588 1172 1626 1198 Ac
1646 1170 1761 1205 proinde
1774 1178 1822 1204 per

1030 1228 1172 1249 recessum
1185 1227 1199 1246 a
1217 1219 1272 1247 Deo
1287 1219 1374 1246 Adam
1391 1219 1442 1246 sibi
1463 1223 1578 1244 mortem
1593 1217 1710 1252 paravit,
1723 1223 1821 1243 secun-

1026 1267 1095 1293 dum
1109 1266 1178 1294 illud
1193 1266 1266 1301 quod
1285 1266 1419 1300 scriptum
1439 1270 1479 1291 est
1499 1273 1504 1291 :
1524 1263 1590 1290 Ecce
1599 1264 1644 1298 qui
1657 1263 1780 1297 elongaut
1796 1271 1822 1288 se

1030 1320 1046 1338 (ι
1061 1316 1095 1343 te,
1110 1312 1231 1346 peribunt
1245 1310 1340 1346 (Psal.
1352 1319 1438 1338 Lxxu.
1456 1310 1489 1336 27
1500 1313 1522 1344 ).

1066 1357 1162 1393 Ejusd.
1174 1359 1200 1384 in
1214 1365 1273 1392 cap.
1291 1365 1339 1384 xm
1357 1357 1448 1383 Isaim.
1459 1371 1493 1376 ——
1509 1355 1626 1383 Necesse
1645 1358 1686 1381 est
1703 1355 1822 1382 animam

1031 1413 1045 1431 a
1068 1403 1113 1431 Dci
1127 1402 1260 1430 aﬂinitate
1273 1407 1299 1430 ct
1316 1402 1526 1438 propinquitate
1546 1401 1716 1433 destitutam,
1733 1400 1824 1435 impu<

1029 1457 1124 1476 rorum
1134 1449 1281 1483 spirituum
1294 1450 1464 1477 domicilium
1481 1448 1550 1476 lieri.

1066 1494 1145 1529 525
1156 1496 1186 1522 S.
1197 1495 1274 1530 Greg.
1289 1494 1422 1522 Nazianz.
1432 1499 1502 1521 orat.
1513 1492 1824 1521 L—Praastantissimus

190 1546 360 1581 πράγματος,
374 1545 406 1571 ὲκ
420 1543 488 1571 Θεοῦ
503 1551 532 1569 τε
546 1541 694 1576 ἄρχεσθαι,
713 1540 761 1566 καὶ
774 1540 814 1571 εἰς
827 1539 893 1566 Θεὸν
909 1539 975 1565 ἁνα-

1033 1541 1073 1566 liic
1085 1540 1152 1566 ordo
1160 1544 1212 1572 est,
1225 1543 1255 1566 ut
1266 1541 1312 1574 qui
1324 1540 1474 1566 orationem
1490 1539 1609 1573 aliquam
1626 1543 1673 1565 aut
1683 1539 1823 1572 negotium

191 1591 333 1619 παύεσθαι.

225 1637 330 1674 ’Λρχὴν
345 1636 474 1664 ἁπάντων
488 1634 535 1661 καὶ
549 1633 625 1664 τέλος
636 1631 714 1659 ποιοῦ
728 1630 804 1658 Θεόν.

193 1743 280 1770 ῙΊΤΛ.
297 1741 344 1768 B'.-
356 1739 444 1774 -Περὶ
458 1738 537 1770 ζώων
546 1737 674 1774 ἀλόγῳν,
687 1734 748 1762 τῶν
758 1732 876 1769 φυσικῇ
886 1732 980 1766 σοφίᾳ

458 1771 705 1807 κεκοσμημένων.

227 1834 236 1850 ι
257 1824 293 1850 Ἣ
311 1822 343 1849 σὺ
361 1820 531 1857 περιέθηκας
549 1818 625 1852 ἵππῳ
642 1816 767 1852 δύναμιν,
797 1814 926 1845 ὲνέδυσας
952 1813 980 1839 δὲ

191 1869 316 1907 τραχήλῳ
346 1868 430 1896 αὐτοῦ
454 1865 555 1901 φόὸον;
580 1862 723 1899 πόρῤωοεν
746 1861 775 1888 δὲ
801 1859 980 1895 ὀσφραίνετοιι

190 1905 334 1952 τέολέμους.
360 1914 406 1941 Ἐκ
421 1912 449 1939 δὲ
463 1913 513 1946 τῆς
530 1910 579 1945 σῆς
589 1908 745 1944 ἐπιστήμης
759 1907 876 1942 ’ἐστηκεν
890 1905 978 1952 ἱέραξ,

190 1950 366 1992 ἁνατέετάσας
382 1959 430 1989 τὰς
455 1957 595 1992 πτέρυγας
622 1954 728 1988 αὐτοῦ,
751 1953 882 1987 ἀκίνητος
909 1950 980 1987 ὁρῶν

191 2007 258 2044 πρὸς
270 2006 361 2037 νότον;
373 2004 431 2038 Γὺψ
446 2003 491 2029 ἐπὶ
499 2001 606 2028 νοσσιὰν
617 2000 701 2027 αὑτοῦ
709 1997 862 2029 καθεσθεὶς,
873 1996 981 2029 αὐλίζε-

191 2042 235 2081 ται
250 2052 292 2079 ἐπ’
306 2051 385 2086 ὲξοχῇ
402 2049 515 2084 πέτρας,
532 2047 580 2074 καὶ
595 2044 762 2080 ἀποκρύφῳ;
786 2044 844 2070 ἐκεῖ
857 2042 894 2069 ὢν
907 2043 982 2077 ζητεῖ

191 2101 225 2128 τὰ
241 2101 318 2126 eri-ron
345 2095 488 2133 πόρρωθεν
509 2093 537 2120 δὲ
557 2093 580 2119 οἱ
600 2090 736 2126 ὀφθαλμοὶ
758 2089 841 2116 αὑτοῦ
863 2087 980 2115 σκοπεύ-

191 2155 262 2173 ουσι.
283 2154 293 2171 Ι

230 2201 239 2218 ε
258 2191 306 2222 Τις
320 2189 454 2226 ἡτοίμασε
469 2187 568 2222 κόρακι
586 2184 688 2220 βοράνς
709 2182 816 2210 νεοσσοὶ
826 2181 879 2217 γὰρ
895 2180 978 2208 αὐτοῦ

193 2237 261 2272 πρὸς
276 2226 378 2271 Κύριον
395 2234 568 2268 κεκράγασι,
592 2229 777 2265 πλανώμενοι,
795 2228 830 2256 τὰ
851 2230 912 2254 σῖτα
934 2227 982 2262 ζη-

193 2282 313 2314 τοῦντες.
339 2282 370 2308 El
396 2280 481 2313 ἔγνως
500 2277 597 2313 καιρὸν
615 2276 729 2303 τοκετοῦ
742 2274 917 2311 τραγελάφου
935 2274 982 2300 ἐπὶ

195 2329 308 2364 πέτρας,
323 2325 460 2361 ὲφύλαξας
474 2324 502 2351 δὲ
519 2323 617 2354 ὠδῖνας
630 2322 754 2356 ὲλάφων;
773 2320 944 2356 Ὴρίθμησας
955 2320 984 2346 δὲ

196 2377 283 2412 μῆνας
297 2372 387 2401 αὐτῶν
400 2372 514 2407 πλήρεις
527 2368 650 2400 τοκετοῦ,
663 2368 762 2400 ὠδῖνας
774 2367 803 2393 δὲ
819 2365 910 2394 αὐτῶν
923 2366 985 2392 Elu-

196 2430 261 2455 σας;
286 2418 452 2454 Ἐξέορεψας
466 2417 495 2442 δὲ
518 2414 606 2441 αὐτῶν
624 2414 658 2441 τὰ
677 2413 771 2440 παιδία
792 2413 857 2439 ἄνευ
882 2412 984 2447 φόϐου;

195 2471 244 2502 Τίς
254 2469 282 2496 δέ
297 2469 371 2494 ἐστιν
388 2465 402 2491 ὁ
414 2463 494 2498 ἀφεὶς
511 2462 571 2489 ὄνον
586 2461 682 2496 ἄγριον
695 2459 837 2493 ἐλεύθερον
851 2467 858 2492 ;
870 2458 986 2492 δεσμοὺς

195 2517 224 2544 δὲ
238 2513 319 2542 αὑτοῦ
341 2511 383 2543 τίς
404 2510 514 2541 ﬂuxas;
529 2506 632 2542 ὲθέμην
655 2505 683 2532 δὲ
708 2504 759 2539 τὴν
771 2504 875 2530 δίαιταν
898 2502 984 2530 αὑτοῦ

197 2563 309 2598 ἔρημον.
326 2567 337 2585 ι

235 2668 245 2685 ι
264 2656 318 2684 Ἴθι
333 2655 401 2691 πρὸς
415 2653 560 2689 μύρμηκα,
571 2647 593 2677 ὧ
604 2648 716 2684 ὁκνηρὲ,
730 2647 778 2674 καὶ
791 2645 912 2682 ζήλωσον
925 2643 986 2670 ἰδὼν

198 2707 246 2736 τὰς
270 2704 346 2734 ὁδοὺς
376 2699 471 2732 αὐτοῦ,
499 2699 547 2724 καὶ
573 2695 652 2730 γενοῦ
685 2694 790 2721 ἐκείνου
821 2691 985 2726 σοξώτερος.

203 2752 321 2782 Ἐκεῖνος
342 2748 396 2783 γὰρ
421 2744 556 2780 γεωργίου
584 2743 621 2778 μὴ
643 2741 825 2776 ὑπάρχοντος,
846 2738 916 2774 μηδὲ
940 2736 986 2783 τον

198 2782 387 2831 ἀναγκάζοντα
404 2792 484 2828 ἔχων,
501 2789 569 2825 μηδὲ
585 2788 637 2814 ὑπὸ
653 2786 787 2821 δεσπότην
803 2784 851 2818 ὢν,
874 2782 986 2831 ἑτοιμάζ-

198 2828 273 2875 ζεται
287 2843 381 2878 θέρους
404 2839 453 2871 τὴν
467 2837 580 2871 τροφὴνι
596 2834 698 2868 πολλήν
726 2841 756 2859 τε
781 2833 810 2859 έν
834 2830 873 2866 τῷ
890 2828 987 2865 ἀμητῷ

1033 1584 1197 1620 aggreditur,
1222 1589 1271 1611 cla
1290 1584 1476 1619 Deoincipiat,
1488 1588 1515 1612 et
1525 1584 1551 1611 in
1564 1584 1620 1611 Dco
1634 1585 1713 1612 tinem
1729 1585 1822 1611 t'aciat.

1070 1629 1323 1666 Ejusdem.—Fac
1356 1631 1427 1658 Deus
1461 1635 1624 1658 cunctorum
1647 1631 1698 1658 tibi
1711 1630 1823 1658 initium

1033 1685 1064 1704 ac
1078 1677 1141 1704 linis
1155 1677 1200 1704 sit.

1032 1723 1100 1751 ΤΙΤ.
1131 1723 1259 1751 IL—De
1285 1723 1370 1750 brutis
1397 1723 1590 1755 animantibus,
1614 1731 1674 1758 qua:
1701 1724 1824 1750 naturali

1194 1759 1329 1793 sapientia
1342 1759 1459 1794 quadam
1473 1764 1569 1785 ornata
1585 1764 1658 1785 sunt.

1066 1805 1117 1833 .Iob
1129 1813 1223 1837 xxxix,
1234 1805 1278 1837 f9,
1287 1805 1332 1832 ‘29.
1342 1819 1375 1824 -—
1386 1814 1394 1830 I
1407 1804 1543 1840 Numquid
1555 1803 1582 1831 fu
1596 1805 1822 1840 circumpOSuisti

1033 1860 1104 1888 equo
1122 1852 1285 1887 potentiam,
1309 1851 1422 1878 induisti
1435 1855 1527 1878 autem
1540 1850 1641 1877 collum
1661 1850 1721 1885 ejus
1741 1851 1823 1878 timo-

1033 1898 1109 1926 rem?
1122 1898 1142 1926 A
1164 1899 1242 1934 longe
1255 1901 1346 1924 autent
1370 1896 1465 1923 olfacit
1480 1896 1594 1924 bellum.
1611 1895 1649 1923 Ex
1672 1901 1717 1924 tua
1733 1897 1824 1924 scien-

1032 1944 1069 1971 tia
1084 1944 1159 1972 stetit
1182 1943 1322 1978 accipiter,
1349 1941 1507 1976 expaudens
1527 1941 1585 1969 alas
1603 1942 1824 1974 suasimmotus.

1034 1990 1172 2025 aspiciens
1199 1997 1260 2024 quae
1283 1988 1316 2016 ad
1334 1993 1459 2016 austrum
1487 1988 1573 2015 sunt?
1591 1987 1690 2015 Vultur
1713 1989 1741 2015 in
1760 1988 1824 2015 nido

1035 2038 1134 2066 sedens
1149 2037 1255 2064 habitat
1273 2036 1299 2063 in
1316 2035 1466 2063 eminentia
1486 2039 1570 2068 petrae
1588 2040 1616 2062 et
1641 2035 1822 2068 abscondito;

1034 2084 1090 2111 illic
1118 2083 1256 2110 exsistens
1281 2081 1380 2117 quaerit
1407 2081 1483 2109 cibos
1501 2080 1644 2116 :dclmuge
1663 2081 1736 2108 oculi
1763 2081 1824 2115 ejus

1033 2129 1223 2164 speculantur.
1243 2138 1251 2153 ι
1293 2162 1298 2164 _
1746 2157 1748 2159 ι

1067 2174 1119 2201 Job
1145 2162 1308 2214 xxXVItt,/;
1325 2181 1421 2204 xxxix,
1439 2172 1492 2200 l-G.
1515 2187 1550 2194 ..-
1569 2181 1577 2197 ι
1593 2172 1660 2204 Quis
1685 2179 1824 2207 pracpara-

1036 2221 1073 2247 vit
1109 2227 1193 2247 corvo
1223 2218 1334 2246 eséam?
1349 2218 1416 2253 pulli
1445 2218 1518 2246 enim
1538 2218 1612 2245 illius
1626 2217 1659 2244 ad
1680 2217 1822 2244 Dominum

1035 2268 1232 2299 clamaverunt,
1263 2269 1404 2300 vagantes,
1423 2265 1501 2292 cibos
1520 2255 1685 2300 «jumreiitcs.
1706 2263 1732 2289 Si
1751 2264 1823 2291 nosti

1036 2316 1144 2348 tempus
1153 2316 1248 2347 partus
1259 2319 1346 2346 caprtc
1358 2311 1493 2339 silvestris
1505 2311 1531 2338 in
1543 2315 1658 2349 petraet
1667 2310 1823 2337 obscrvasti

1037 2358 1147 2386 dolores
1173 2361 1269 2393 partus
1285 2357 1447 2385 cci-varum?
1475 2355 1629 2384 Numerasti
1646 2362 1754 2382 menses
1778 2362 1823 2381 ca-

1037 2412 1098 2432 rum
1116 2405 1210 2440 plenos
1226 2410 1323 2440 partu;
1341 2405 1452 2432 dolores
1463 2408 1554 2431 autem
1571 2411 1666 2430 earum
1696 2402 1825 2429 solvisti?

1038 2451 1172 2478 Enutristi
1193 2450 1264 2478 fetus
1279 2458 1373 2478 earum
1389 2453 1467 2477 extra
1484 2449 1624 2476 timorem.
1642 2449 1709 2482 Quis
1722 2453 1764 2476 cst
1776 2449 1824 2483 qui

1038 2496 1145 2524 dimisit
1174 2503 1308 2531 onagrum
1339 2496 1476 2528 liberum;
1506 2494 1617 2521 vincula
1651 2499 1741 2521 autem
1765 2494 1826 2529 ejus

1038 2543 1101 2578 quis
1135 2542 1236 2570 solvit?
1256 2542 1335 2577 posui
1368 2545 1458 2569 autem
1486 2540 1674 2568 habitaculum
1703 2540 1826 2575 cjusdc-

1038 2597 1154 2624 sertum,
1168 2601 1176 2617 ι
1195 2595 1248 2618 etc.

1075 2635 1208 2671 Prov.,of,
1224 2636 1249 2663 6.
1268 2644 1339 2671 seqq.
1356 2651 1390 2655 —
1414 2644 1423 2660 ‹
1438 2634 1514 2662 Vade
1524 2633 1558 2661 ad
1579 2632 1731 2663 formicam,
1758 2639 1773 2659 ο
1791 2633 1828 2667 pi-

1038 2696 1097 2724 ger,
1117 2692 1144 2716 et
1160 2686 1288 2714 annulare
1307 2684 1404 2712 vidcns
1432 2683 1490 2710 vias
1505 2682 1576 2716 ejus,
1603 2685 1630 2708 ct
1649 2684 1708 2708 esto
1724 2680 1770 2707 illa
1783 2688 1828 2708 sa-

1039 2734 1168 2770 pientior.
1189 2731 1252 2759 Haec
1276 2730 1349 2758 enim
1373 2737 1436 2756 cum
1462 2736 1558 2755 arvum
1575 2735 1629 2754 non
1647 2727 1756 2757 habeat.
1778 2734 1828 2754 nec

1038 2783 1085 2818 qui
1113 2781 1200 2816 ipsam
1232 2780 1322 2812 cogat,
1355 2783 1443 2811 neque
1459 2775 1510 2803 sub
1543 2773 1658 2802 domino
1672 2773 1719 2804 sit,
1733 2777 1829 2800 asstato

1040 2831 1117 2865 parat
1133 2827 1240 2859 cibum,
1264 2827 1290 2851 et
1305 2822 1419 2850 multaut
1432 2821 1459 2849 in
1487 2829 1577 2849 messe
1593 2820 1658 2848 facit
1681 2826 1828 2855 c0mpara~

1872 2631 1908 2659 vl
