  <div class='ocr_page' id='page_1' title='image "/cluster/home/n/w/nwhite01/storage/ocr_20150623/95/njp.32101077772844/795.png"; bbox 0 0 2056 3113; ppageno 0'>
   <div class='ocr_carea' id='block_1_1' title="bbox 255 116 319 150">
    <p class='ocr_par' dir='ltr' id='par_1_1' title="bbox 255 116 319 150">
     <span class='ocr_line' id='line_1_1' title="bbox 255 116 319 150; baseline -0.016 -1"><span class='ocrx_word' id='word_1_1' title='bbox 255 116 319 150; x_wconf 74' lang='grc'><strong>1571</strong></span> 
     </span>
    </p>
   </div>
   <div class='ocr_carea' id='block_1_2' title="bbox 847 104 1289 139">
    <p class='ocr_par' dir='ltr' id='par_1_2' title="bbox 847 104 1289 139">
     <span class='ocr_line' id='line_1_2' title="bbox 847 104 1289 139; baseline 0.002 -3"><span class='ocrx_word' id='word_1_2' title='bbox 847 109 876 136; x_wconf 84' lang='lat' dir='ltr'><strong>S.</strong></span> <span class='ocrx_word' id='word_1_3' title='bbox 895 105 1054 139; x_wconf 77' lang='lat' dir='ltr'><strong>JOANNIS</strong></span> <span class='ocrx_word' id='word_1_4' title='bbox 1074 104 1289 137; x_wconf 74' lang='lat' dir='ltr'><strong>DAMASCENI</strong></span> 
     </span>
    </p>
   </div>
   <div class='ocr_carea' id='block_1_3' title="bbox 1816 105 1887 138">
    <p class='ocr_par' dir='ltr' id='par_1_3' title="bbox 1816 105 1887 138">
     <span class='ocr_line' id='line_1_3' title="bbox 1816 105 1887 138; baseline 0 -1"><span class='ocrx_word' id='word_1_5' title='bbox 1816 105 1887 138; x_wconf 75' lang='grc'><strong>1572</strong></span> 
     </span>
    </p>
   </div>
   <div class='ocr_carea' id='block_1_4' title="bbox 253 160 1051 201">
    <p class='ocr_par' dir='ltr' id='par_1_4' title="bbox 253 162 1039 201">
     <span class='ocr_line' id='line_1_4' title="bbox 253 162 1039 201; baseline -0.019 -1"><span class='ocrx_word' id='word_1_6' title='bbox 253 175 365 200; x_wconf 86' lang='lat' dir='ltr'><strong>tionem.</strong></span> <span class='ocrx_word' id='word_1_7' title='bbox 393 171 445 196; x_wconf 78' lang='lat' dir='ltr'><strong>Aut</strong></span> <span class='ocrx_word' id='word_1_8' title='bbox 462 168 529 196; x_wconf 82' lang='lat' dir='ltr'><strong>vade</strong></span> <span class='ocrx_word' id='word_1_9' title='bbox 549 167 582 194; x_wconf 84' lang='lat' dir='ltr'><strong>ad</strong></span> <span class='ocrx_word' id='word_1_10' title='bbox 599 172 689 201; x_wconf 87' lang='lat' dir='ltr'><strong>apem,</strong></span> <span class='ocrx_word' id='word_1_11' title='bbox 707 168 734 190; x_wconf 91' lang='lat' dir='ltr'><strong>ct</strong></span> <span class='ocrx_word' id='word_1_12' title='bbox 750 162 811 190; x_wconf 74' lang='lat' dir='ltr'><strong>ride</strong></span> <span class='ocrx_word' id='word_1_13' title='bbox 829 162 959 197; x_wconf 85' lang='lat' dir='ltr'><strong>quoniam</strong></span> <span class='ocrx_word' id='word_1_14' title='bbox 973 166 1039 193; x_wconf 84' lang='lat' dir='ltr'><strong>ope-</strong></span> 
     </span>
    </p>
   </div>
   <div class='ocr_carea' id='block_1_5' title="bbox 1102 160 1884 201">
    <p class='ocr_par' dir='ltr' id='par_1_5' title="bbox 1102 160 1884 197">
     <span class='ocr_line' id='line_1_5' title="bbox 1102 160 1884 197; baseline 0.004 -12"><span class='ocrx_word' id='word_1_15' title='bbox 1102 160 1208 186; x_wconf 78' lang='grc' dir='ltr'>τοιεῖται</span> <span class='ocrx_word' id='word_1_16' title='bbox 1221 161 1271 196; x_wconf 81' lang='grc' dir='ltr'>τὴν</span> <span class='ocrx_word' id='word_1_17' title='bbox 1282 161 1442 196; x_wconf 76' lang='grc' dir='ltr'>παράθεσιν.</span> <span class='ocrx_word' id='word_1_18' title='bbox 1460 162 1495 188; x_wconf 82' lang='grc' dir='ltr'><strong>Ἢ</strong></span> <span class='ocrx_word' id='word_1_19' title='bbox 1514 161 1661 197; x_wconf 73' lang='grc' dir='ltr'><strong>πορεύθητι</strong></span> <span class='ocrx_word' id='word_1_20' title='bbox 1678 161 1746 196; x_wconf 77' lang='grc' dir='ltr'>πρὸς</span> <span class='ocrx_word' id='word_1_21' title='bbox 1767 164 1816 196; x_wconf 82' lang='grc' dir='ltr'>τὴν</span> <span class='ocrx_word' id='word_1_22' title='bbox 1832 162 1884 196; x_wconf 86' lang='grc' dir='ltr'>μέ-</span> 
     </span>
    </p>
   </div>
   <div class='ocr_carea' id='block_1_6' title="bbox 253 207 1039 251">
    <p class='ocr_par' dir='ltr' id='par_1_6' title="bbox 253 207 1039 251">
     <span class='ocr_line' id='line_1_6' title="bbox 253 207 1039 251; baseline -0.019 -4"><span class='ocrx_word' id='word_1_23' title='bbox 253 228 322 247; x_wconf 86' lang='lat' dir='ltr'><strong>rartt</strong></span> <span class='ocrx_word' id='word_1_24' title='bbox 344 223 396 250; x_wconf 84' lang='lat' dir='ltr'><strong>est,</strong></span> <span class='ocrx_word' id='word_1_25' title='bbox 413 223 551 251; x_wconf 87' lang='lat' dir='ltr'><strong>quamque</strong></span> <span class='ocrx_word' id='word_1_26' title='bbox 575 213 764 249; x_wconf 67' lang='lat' dir='ltr'><strong>operationem</strong></span> <span class='ocrx_word' id='word_1_27' title='bbox 785 218 862 238; x_wconf 88' lang='lat' dir='ltr'><strong>suam</strong></span> <span class='ocrx_word' id='word_1_28' title='bbox 880 207 1039 244; x_wconf 66' lang='lat' dir='ltr'><strong>praeclaram</strong></span> 
     </span>
    </p>
   </div>
   <div class='ocr_carea' id='block_1_7' title="bbox 254 252 1041 298">
    <p class='ocr_par' dir='ltr' id='par_1_7' title="bbox 254 252 1041 298">
     <span class='ocr_line' id='line_1_7' title="bbox 254 252 1041 298; baseline -0.017 -5"><span class='ocrx_word' id='word_1_29' title='bbox 254 267 344 294; x_wconf 71' lang='lat' dir='ltr'><strong>faciat.</strong></span> <span class='ocrx_word' id='word_1_30' title='bbox 374 264 459 298; x_wconf 85' lang='lat' dir='ltr'><strong>Cujus</strong></span> <span class='ocrx_word' id='word_1_31' title='bbox 491 263 598 289; x_wconf 84' lang='lat' dir='ltr'><strong>labores</strong></span> <span class='ocrx_word' id='word_1_32' title='bbox 625 266 703 294; x_wconf 86' lang='lat' dir='ltr'><strong>reges</strong></span> <span class='ocrx_word' id='word_1_33' title='bbox 727 262 755 285; x_wconf 83' lang='lat' dir='ltr'><strong>et</strong></span> <span class='ocrx_word' id='word_1_34' title='bbox 782 256 880 292; x_wconf 74' lang='lat' dir='ltr'><strong>privati</strong></span> <span class='ocrx_word' id='word_1_35' title='bbox 915 252 1041 281; x_wconf 85' lang='lat' dir='ltr'><strong>sanitatis</strong></span> 
     </span>
    </p>
   </div>
   <div class='ocr_carea' id='block_1_8' title="bbox 253 299 1038 339">
    <p class='ocr_par' dir='ltr' id='par_1_8' title="bbox 253 299 1038 339">
     <span class='ocr_line' id='line_1_8' title="bbox 253 299 1038 339; baseline -0.019 0"><span class='ocrx_word' id='word_1_36' title='bbox 253 319 337 339; x_wconf 67' lang='lat' dir='ltr'><strong>causa</strong></span> <span class='ocrx_word' id='word_1_37' title='bbox 363 313 518 337; x_wconf 87' lang='lat' dir='ltr'><strong>assumunt.</strong></span> <span class='ocrx_word' id='word_1_38' title='bbox 534 304 730 334; x_wconf 81' lang='lat' dir='ltr'><strong>Desiderabilis</strong></span> <span class='ocrx_word' id='word_1_39' title='bbox 749 310 815 330; x_wconf 87' lang='lat' dir='ltr'><strong>vero</strong></span> <span class='ocrx_word' id='word_1_40' title='bbox 841 299 973 328; x_wconf 89' lang='lat' dir='ltr'><strong>omnibtts</strong></span> <span class='ocrx_word' id='word_1_41' title='bbox 985 303 1038 329; x_wconf 83' lang='lat' dir='ltr'><strong>est,</strong></span> 
     </span>
    </p>
   </div>
   <div class='ocr_carea' id='block_1_9' title="bbox 253 343 1060 392">
    <p class='ocr_par' dir='ltr' id='par_1_9' title="bbox 253 343 1060 392">
     <span class='ocr_line' id='line_1_9' title="bbox 253 343 1060 392; baseline -0.019 -8"><span class='ocrx_word' id='word_1_42' title='bbox 253 365 280 384; x_wconf 89' lang='lat' dir='ltr'><strong>et</strong></span> <span class='ocrx_word' id='word_1_43' title='bbox 310 355 442 392; x_wconf 83' lang='lat' dir='ltr'><strong>gloriosa,</strong></span> <span class='ocrx_word' id='word_1_44' title='bbox 473 352 584 380; x_wconf 86' lang='lat' dir='ltr'><strong>tametsi</strong></span> <span class='ocrx_word' id='word_1_45' title='bbox 618 349 720 384; x_wconf 77' lang='lat' dir='ltr'><strong>alioqui</strong></span> <span class='ocrx_word' id='word_1_46' title='bbox 766 347 871 374; x_wconf 89' lang='lat' dir='ltr'><strong>viribus</strong></span> <span class='ocrx_word' id='word_1_47' title='bbox 898 343 1060 372; x_wconf 61' lang='lat' dir='ltr'><strong>itubeclllis’</strong></span> 
     </span>
    </p>
   </div>
   <div class='ocr_carea' id='block_1_10' title="bbox 254 404 300 430">
    <p class='ocr_par' dir='ltr' id='par_1_10' title="bbox 254 404 300 430">
     <span class='ocr_line' id='line_1_10' title="bbox 254 404 300 430; baseline 0 0"><span class='ocrx_word' id='word_1_48' title='bbox 254 404 300 430; x_wconf 83' lang='lat' dir='ltr'><strong>sit.</strong></span> 
     </span>
    </p>
   </div>
   <div class='ocr_carea' id='block_1_11' title="bbox 293 437 1042 478">
    <p class='ocr_par' dir='ltr' id='par_1_11' title="bbox 293 437 1042 478">
     <span class='ocr_line' id='line_1_11' title="bbox 293 437 1042 478; baseline -0.017 -3"><span class='ocrx_word' id='word_1_49' title='bbox 293 448 371 475; x_wconf 83' lang='lat' dir='ltr'><strong>l’rav.</strong></span> <span class='ocrx_word' id='word_1_50' title='bbox 382 454 446 477; x_wconf 77' lang='lat' dir='ltr'><strong>xxx,</strong></span> <span class='ocrx_word' id='word_1_51' title='bbox 455 446 490 472; x_wconf 62' lang='lat' dir='ltr'><strong>2t</strong></span> <span class='ocrx_word' id='word_1_52' title='bbox 499 452 603 478; x_wconf 79' lang='lat' dir='ltr'><strong>seqq.~-</strong></span> <span class='ocrx_word' id='word_1_53' title='bbox 610 442 747 474; x_wconf 57' lang='lat' dir='ltr'><strong>(Quatuor</strong></span> <span class='ocrx_word' id='word_1_54' title='bbox 755 443 820 467; x_wconf 89' lang='lat' dir='ltr'><strong>sunt</strong></span> <span class='ocrx_word' id='word_1_55' title='bbox 831 437 943 465; x_wconf 89' lang='lat' dir='ltr'><strong>minima</strong></span> <span class='ocrx_word' id='word_1_56' title='bbox 953 441 1042 468; x_wconf 66' lang='lat' dir='ltr'><strong>terrae,</strong></span> 
     </span>
    </p>
   </div>
   <div class='ocr_carea' id='block_1_12' title="bbox 255 484 1044 529">
    <p class='ocr_par' dir='ltr' id='par_1_12' title="bbox 255 484 1044 529">
     <span class='ocr_line' id='line_1_12' title="bbox 255 484 1044 529; baseline -0.016 -8"><span class='ocrx_word' id='word_1_57' title='bbox 255 499 282 521; x_wconf 88' lang='lat' dir='ltr'><strong>et</strong></span> <span class='ocrx_word' id='word_1_58' title='bbox 298 495 356 529; x_wconf 83' lang='lat' dir='ltr'><strong>ipsa</strong></span> <span class='ocrx_word' id='word_1_59' title='bbox 376 496 441 520; x_wconf 85' lang='lat' dir='ltr'><strong>sunt</strong></span> <span class='ocrx_word' id='word_1_60' title='bbox 456 490 626 526; x_wconf 78' lang='lat' dir='ltr'><strong>sapientiora</strong></span> <span class='ocrx_word' id='word_1_61' title='bbox 642 486 814 522; x_wconf 72' lang='lat' dir='ltr'><strong>sapientibus</strong></span> <span class='ocrx_word' id='word_1_62' title='bbox 830 493 837 511; x_wconf 92' lang='lat'><strong>:</strong></span> <span class='ocrx_word' id='word_1_63' title='bbox 854 484 977 511; x_wconf 75' lang='lat' dir='ltr'><strong>formica:</strong></span> <span class='ocrx_word' id='word_1_64' title='bbox 993 489 1044 517; x_wconf 89' lang='lat' dir='ltr'><strong>po-</strong></span> 
     </span>
    </p>
   </div>
   <div class='ocr_carea' id='block_1_13' title="bbox 257 528 1045 574">
    <p class='ocr_par' dir='ltr' id='par_1_13' title="bbox 257 528 1045 574">
     <span class='ocr_line' id='line_1_13' title="bbox 257 528 1045 574; baseline -0.016 -8"><span class='ocrx_word' id='word_1_65' title='bbox 257 528 339 574; x_wconf 81' lang='lat' dir='ltr'><strong>pulus</strong></span> <span class='ocrx_word' id='word_1_66' title='bbox 356 531 493 567; x_wconf 84' lang='lat' dir='ltr'><strong>inﬁrmus,</strong></span> <span class='ocrx_word' id='word_1_67' title='bbox 510 540 536 562; x_wconf 89' lang='lat' dir='ltr'><strong>et</strong></span> <span class='ocrx_word' id='word_1_68' title='bbox 566 537 699 569; x_wconf 72' lang='lat' dir='ltr'><strong>prmparat</strong></span> <span class='ocrx_word' id='word_1_69' title='bbox 728 532 755 558; x_wconf 92' lang='lat' dir='ltr'><strong>iu</strong></span> <span class='ocrx_word' id='word_1_70' title='bbox 775 534 869 558; x_wconf 64' lang='lat' dir='ltr'><strong>aestate</strong></span> <span class='ocrx_word' id='word_1_71' title='bbox 887 528 978 556; x_wconf 87' lang='lat' dir='ltr'><strong>cibum</strong></span> <span class='ocrx_word' id='word_1_72' title='bbox 995 535 1003 555; x_wconf 87' lang='lat'><strong>:</strong></span> <span class='ocrx_word' id='word_1_73' title='bbox 1019 531 1045 554; x_wconf 89' lang='lat' dir='ltr'><strong>et</strong></span> 
     </span>
    </p>
   </div>
   <div class='ocr_carea' id='block_1_14' title="bbox 257 572 1045 618">
    <p class='ocr_par' dir='ltr' id='par_1_14' title="bbox 257 572 1045 618">
     <span class='ocr_line' id='line_1_14' title="bbox 257 572 1045 618; baseline -0.016 -7"><span class='ocrx_word' id='word_1_74' title='bbox 257 572 434 618; x_wconf 69' lang='lat' dir='ltr'><strong>chosrogrylli</strong></span> <span class='ocrx_word' id='word_1_75' title='bbox 456 581 575 616; x_wconf 89' lang='lat' dir='ltr'><strong>populus</strong></span> <span class='ocrx_word' id='word_1_76' title='bbox 590 577 741 608; x_wconf 79' lang='lat' dir='ltr'><strong>invalidus,</strong></span> <span class='ocrx_word' id='word_1_77' title='bbox 757 576 804 610; x_wconf 90' lang='lat' dir='ltr'><strong>qui</strong></span> <span class='ocrx_word' id='word_1_78' title='bbox 820 574 943 601; x_wconf 79' lang='lat' dir='ltr'><strong>fecerunt</strong></span> <span class='ocrx_word' id='word_1_79' title='bbox 956 572 982 599; x_wconf 90' lang='lat' dir='ltr'><strong>iu</strong></span> <span class='ocrx_word' id='word_1_80' title='bbox 998 579 1045 606; x_wconf 88' lang='lat' dir='ltr'><strong>pe-</strong></span> 
     </span>
    </p>
   </div>
   <div class='ocr_carea' id='block_1_15' title="bbox 258 618 1046 658">
    <p class='ocr_par' dir='ltr' id='par_1_15' title="bbox 258 618 1046 658">
     <span class='ocr_line' id='line_1_15' title="bbox 258 618 1046 658; baseline -0.016 -2"><span class='ocrx_word' id='word_1_81' title='bbox 258 630 309 656; x_wconf 87' lang='lat' dir='ltr'><strong>tris</strong></span> <span class='ocrx_word' id='word_1_82' title='bbox 343 629 439 655; x_wconf 87' lang='lat' dir='ltr'><strong>domos</strong></span> <span class='ocrx_word' id='word_1_83' title='bbox 462 633 539 653; x_wconf 85' lang='lat' dir='ltr'><strong>suas.</strong></span> <span class='ocrx_word' id='word_1_84' title='bbox 569 623 668 658; x_wconf 71' lang='lat' dir='ltr'><strong>Regem</strong></span> <span class='ocrx_word' id='word_1_85' title='bbox 697 623 804 649; x_wconf 85' lang='lat' dir='ltr'><strong>locusta</strong></span> <span class='ocrx_word' id='word_1_86' title='bbox 832 627 888 646; x_wconf 90' lang='lat' dir='ltr'><strong>non</strong></span> <span class='ocrx_word' id='word_1_87' title='bbox 911 618 1003 650; x_wconf 87' lang='lat' dir='ltr'><strong>habet,</strong></span> <span class='ocrx_word' id='word_1_88' title='bbox 1020 621 1046 644; x_wconf 85' lang='lat' dir='ltr'><strong>et</strong></span> 
     </span>
    </p>
   </div>
   <div class='ocr_carea' id='block_1_16' title="bbox 258 663 1046 706">
    <p class='ocr_par' dir='ltr' id='par_1_16' title="bbox 258 663 1046 706">
     <span class='ocr_line' id='line_1_16' title="bbox 258 663 1046 706; baseline -0.016 -4"><span class='ocrx_word' id='word_1_89' title='bbox 258 674 399 702; x_wconf 91' lang='lat' dir='ltr'><strong>turmatim</strong></span> <span class='ocrx_word' id='word_1_90' title='bbox 429 671 568 706; x_wconf 79' lang='lat' dir='ltr'><strong>egreditur</strong></span> <span class='ocrx_word' id='word_1_91' title='bbox 584 670 618 696; x_wconf 88' lang='lat' dir='ltr'><strong>ad</strong></span> <span class='ocrx_word' id='word_1_92' title='bbox 642 669 792 703; x_wconf 76' lang='lat' dir='ltr'><strong>iussionem</strong></span> <span class='ocrx_word' id='word_1_93' title='bbox 812 673 894 693; x_wconf 89' lang='lat' dir='ltr'><strong>unam</strong></span> <span class='ocrx_word' id='word_1_94' title='bbox 909 673 917 698; x_wconf 83' lang='lat'><strong>;</strong></span> <span class='ocrx_word' id='word_1_95' title='bbox 933 669 960 691; x_wconf 90' lang='lat' dir='ltr'><strong>et</strong></span> <span class='ocrx_word' id='word_1_96' title='bbox 973 663 1046 690; x_wconf 83' lang='lat' dir='ltr'><strong>cala-</strong></span> 
     </span>
    </p>
   </div>
   <div class='ocr_carea' id='block_1_17' title="bbox 259 712 1045 748">
    <p class='ocr_par' dir='ltr' id='par_1_17' title="bbox 259 712 1045 748">
     <span class='ocr_line' id='line_1_17' title="bbox 259 712 1045 748; baseline -0.018 0"><span class='ocrx_word' id='word_1_97' title='bbox 259 722 336 748; x_wconf 85' lang='lat' dir='ltr'><strong>boles</strong></span> <span class='ocrx_word' id='word_1_98' title='bbox 352 719 479 747; x_wconf 86' lang='lat' dir='ltr'><strong>manibus</strong></span> <span class='ocrx_word' id='word_1_99' title='bbox 494 718 602 747; x_wconf 81' lang='lat' dir='ltr'><strong>nititur,</strong></span> <span class='ocrx_word' id='word_1_100' title='bbox 624 723 655 741; x_wconf 90' lang='lat' dir='ltr'><strong>ac</strong></span> <span class='ocrx_word' id='word_1_101' title='bbox 672 713 751 741; x_wconf 78' lang='lat' dir='ltr'><strong>facile</strong></span> <span class='ocrx_word' id='word_1_102' title='bbox 780 712 899 746; x_wconf 77' lang='lat' dir='ltr'><strong>capitur,</strong></span> <span class='ocrx_word' id='word_1_103' title='bbox 915 714 942 737; x_wconf 88' lang='lat' dir='ltr'><strong>et</strong></span> <span class='ocrx_word' id='word_1_104' title='bbox 955 714 1045 736; x_wconf 78' lang='lat' dir='ltr'><strong>tamen</strong></span> 
     </span>
    </p>
   </div>
   <div class='ocr_carea' id='block_1_18' title="bbox 260 757 1048 794">
    <p class='ocr_par' dir='ltr' id='par_1_18' title="bbox 260 757 1048 794">
     <span class='ocr_line' id='line_1_18' title="bbox 260 757 1048 794; baseline -0.018 0"><span class='ocrx_word' id='word_1_105' title='bbox 260 767 364 794; x_wconf 85' lang='lat' dir='ltr'><strong>habitat</strong></span> <span class='ocrx_word' id='word_1_106' title='bbox 380 766 407 791; x_wconf 90' lang='lat' dir='ltr'><strong>in</strong></span> <span class='ocrx_word' id='word_1_107' title='bbox 434 762 633 790; x_wconf 89' lang='lat' dir='ltr'><strong>munitionibus</strong></span> <span class='ocrx_word' id='word_1_108' title='bbox 661 763 778 794; x_wconf 77' lang='lat' dir='ltr'><strong>rcgum.‘</strong></span> <span class='ocrx_word' id='word_1_109' title='bbox 795 757 862 784; x_wconf 89' lang='lat' dir='ltr'><strong>Tria</strong></span> <span class='ocrx_word' id='word_1_110' title='bbox 894 759 959 783; x_wconf 87' lang='lat' dir='ltr'><strong>sunt</strong></span> <span class='ocrx_word' id='word_1_111' title='bbox 987 762 1048 789; x_wconf 76' lang='lat' dir='ltr'><strong>qua:</strong></span> 
     </span>
    </p>
   </div>
   <div class='ocr_carea' id='block_1_19' title="bbox 259 801 1045 846">
    <p class='ocr_par' dir='ltr' id='par_1_19' title="bbox 259 801 1045 846">
     <span class='ocr_line' id='line_1_19' title="bbox 259 801 1045 846; baseline -0.017 -7"><span class='ocrx_word' id='word_1_112' title='bbox 259 814 328 840; x_wconf 79' lang='lat' dir='ltr'><strong>bene</strong></span> <span class='ocrx_word' id='word_1_113' title='bbox 339 811 511 846; x_wconf 78' lang='lat' dir='ltr'><strong>gradiuntur,</strong></span> <span class='ocrx_word' id='word_1_114' title='bbox 525 813 552 835; x_wconf 91' lang='lat' dir='ltr'><strong>et</strong></span> <span class='ocrx_word' id='word_1_115' title='bbox 580 810 710 842; x_wconf 90' lang='lat' dir='ltr'><strong>quartutu</strong></span> <span class='ocrx_word' id='word_1_116' title='bbox 729 803 800 838; x_wconf 87' lang='lat' dir='ltr'><strong>quod</strong></span> <span class='ocrx_word' id='word_1_117' title='bbox 817 807 891 830; x_wconf 85' lang='lat' dir='ltr'><strong>recte</strong></span> <span class='ocrx_word' id='word_1_118' title='bbox 907 801 1045 828; x_wconf 85' lang='lat' dir='ltr'><strong>ambulat:</strong></span> 
     </span>
    </p>
   </div>
   <div class='ocr_carea' id='block_1_20' title="bbox 260 851 1046 886">
    <p class='ocr_par' dir='ltr' id='par_1_20' title="bbox 260 851 1046 886">
     <span class='ocr_line' id='line_1_20' title="bbox 260 851 1046 886; baseline -0.015 0"><span class='ocrx_word' id='word_1_119' title='bbox 260 859 368 886; x_wconf 77' lang='lat' dir='ltr'><strong>catulus</strong></span> <span class='ocrx_word' id='word_1_120' title='bbox 386 857 472 884; x_wconf 84' lang='lat' dir='ltr'><strong>leonis</strong></span> <span class='ocrx_word' id='word_1_121' title='bbox 485 855 582 882; x_wconf 79' lang='lat' dir='ltr'><strong>fortior</strong></span> <span class='ocrx_word' id='word_1_122' title='bbox 598 853 707 883; x_wconf 82' lang='lat' dir='ltr'><strong>bestiis,</strong></span> <span class='ocrx_word' id='word_1_123' title='bbox 733 851 779 885; x_wconf 92' lang='lat' dir='ltr'><strong>qui</strong></span> <span class='ocrx_word' id='word_1_124' title='bbox 798 857 852 877; x_wconf 90' lang='lat' dir='ltr'><strong>non</strong></span> <span class='ocrx_word' id='word_1_125' title='bbox 883 852 1046 879; x_wconf 75' lang='lat' dir='ltr'><strong>revertetur,</strong></span> 
     </span>
    </p>
   </div>
   <div class='ocr_carea' id='block_1_21' title="bbox 262 893 1049 938">
    <p class='ocr_par' dir='ltr' id='par_1_21' title="bbox 262 893 1049 938">
     <span class='ocr_line' id='line_1_21' title="bbox 262 893 1049 938; baseline -0.015 -7"><span class='ocrx_word' id='word_1_126' title='bbox 262 913 350 938; x_wconf 80' lang='lat' dir='ltr'><strong>neque</strong></span> <span class='ocrx_word' id='word_1_127' title='bbox 368 902 476 938; x_wconf 75' lang='lat' dir='ltr'><strong>part-bit</strong></span> <span class='ocrx_word' id='word_1_128' title='bbox 487 900 603 927; x_wconf 87' lang='lat' dir='ltr'><strong>belluaut</strong></span> <span class='ocrx_word' id='word_1_129' title='bbox 617 907 623 931; x_wconf 88' lang='lat'><strong>;</strong></span> <span class='ocrx_word' id='word_1_130' title='bbox 645 902 672 925; x_wconf 82' lang='lat' dir='ltr'><strong>et</strong></span> <span class='ocrx_word' id='word_1_131' title='bbox 685 897 772 931; x_wconf 77' lang='lat' dir='ltr'><strong>gallus</strong></span> <span class='ocrx_word' id='word_1_132' title='bbox 788 896 834 930; x_wconf 90' lang='lat' dir='ltr'><strong>qui</strong></span> <span class='ocrx_word' id='word_1_133' title='bbox 847 895 916 922; x_wconf 89' lang='lat' dir='ltr'><strong>inter</strong></span> <span class='ocrx_word' id='word_1_134' title='bbox 934 893 1049 921; x_wconf 78' lang='lat' dir='ltr'><strong>feminas</strong></span> 
     </span>
    </p>
   </div>
   <div class='ocr_carea' id='block_1_22' title="bbox 261 942 892 978">
    <p class='ocr_par' dir='ltr' id='par_1_22' title="bbox 261 942 892 978">
     <span class='ocr_line' id='line_1_22' title="bbox 261 942 892 978; baseline -0.016 -1"><span class='ocrx_word' id='word_1_135' title='bbox 261 950 382 977; x_wconf 81' lang='lat' dir='ltr'><strong>ambulat</strong></span> <span class='ocrx_word' id='word_1_136' title='bbox 399 950 501 978; x_wconf 76' lang='lat' dir='ltr'><strong>alarer,</strong></span> <span class='ocrx_word' id='word_1_137' title='bbox 517 953 548 973; x_wconf 88' lang='lat' dir='ltr'><strong>ac</strong></span> <span class='ocrx_word' id='word_1_138' title='bbox 570 944 664 972; x_wconf 74' lang='lat' dir='ltr'><strong>hzedus</strong></span> <span class='ocrx_word' id='word_1_139' title='bbox 690 943 745 970; x_wconf 82' lang='lat' dir='ltr'><strong>dux</strong></span> <span class='ocrx_word' id='word_1_140' title='bbox 763 942 863 977; x_wconf 73' lang='lat' dir='ltr'><strong>gregis.</strong></span> <span class='ocrx_word' id='word_1_141' title='bbox 884 951 892 966; x_wconf 74' lang='grc' dir='ltr'><strong>ι</strong></span> 
     </span>
    </p>
   </div>
   <div class='ocr_carea' id='block_1_23' title="bbox 302 1028 1049 1067">
    <p class='ocr_par' dir='ltr' id='par_1_23' title="bbox 302 1028 1049 1067">
     <span class='ocr_line' id='line_1_23' title="bbox 302 1028 1049 1067; baseline -0.017 -1"><span class='ocrx_word' id='word_1_142' title='bbox 302 1039 330 1067; x_wconf 90' lang='lat' dir='ltr'><strong>S.</strong></span> <span class='ocrx_word' id='word_1_143' title='bbox 355 1037 440 1065; x_wconf 80' lang='lat' dir='ltr'><strong>Rasil.</strong></span> <span class='ocrx_word' id='word_1_144' title='bbox 471 1035 562 1062; x_wconf 74' lang='lat' dir='ltr'><strong>hami].</strong></span> <span class='ocrx_word' id='word_1_145' title='bbox 579 1042 592 1060; x_wconf 78' lang='grc' dir='ltr'>ν</span> <span class='ocrx_word' id='word_1_146' title='bbox 608 1034 635 1060; x_wconf 79' lang='lat' dir='ltr'><strong>in</strong></span> <span class='ocrx_word' id='word_1_147' title='bbox 651 1033 779 1059; x_wconf 75' lang='lat' dir='ltr'><strong>Ilea‘aem.</strong></span> <span class='ocrx_word' id='word_1_148' title='bbox 803 1046 837 1050; x_wconf 87' lang='lat'>—</span> <span class='ocrx_word' id='word_1_149' title='bbox 852 1029 948 1057; x_wconf 86' lang='lat' dir='ltr'><strong>Cicuta</strong></span> <span class='ocrx_word' id='word_1_150' title='bbox 963 1028 1049 1055; x_wconf 85' lang='lat' dir='ltr'><strong>slurui</strong></span> 
     </span>
    </p>
   </div>
   <div class='ocr_carea' id='block_1_24' title="bbox 260 1072 1050 1113">
    <p class='ocr_par' dir='ltr' id='par_1_24' title="bbox 260 1072 1050 1113">
     <span class='ocr_line' id='line_1_24' title="bbox 260 1072 1050 1113; baseline -0.018 -2"><span class='ocrx_word' id='word_1_151' title='bbox 260 1088 420 1113; x_wconf 80' lang='lat' dir='ltr'><strong>vescuntur,</strong></span> <span class='ocrx_word' id='word_1_152' title='bbox 446 1085 473 1107; x_wconf 87' lang='lat' dir='ltr'><strong>et</strong></span> <span class='ocrx_word' id='word_1_153' title='bbox 490 1080 525 1106; x_wconf 88' lang='lat' dir='ltr'><strong>ob</strong></span> <span class='ocrx_word' id='word_1_154' title='bbox 538 1081 705 1106; x_wconf 86' lang='lat' dir='ltr'><strong>structuram</strong></span> <span class='ocrx_word' id='word_1_155' title='bbox 732 1076 774 1103; x_wconf 91' lang='lat' dir='ltr'><strong>sui</strong></span> <span class='ocrx_word' id='word_1_156' title='bbox 796 1074 933 1108; x_wconf 82' lang='lat' dir='ltr'><strong>corporis,</strong></span> <span class='ocrx_word' id='word_1_157' title='bbox 959 1072 1050 1107; x_wconf 87' lang='lat' dir='ltr'><strong>perui-</strong></span> 
     </span>
    </p>
   </div>
   <div class='ocr_carea' id='block_1_25' title="bbox 261 1118 1049 1161">
    <p class='ocr_par' dir='ltr' id='par_1_25' title="bbox 261 1118 1049 1161">
     <span class='ocr_line' id='line_1_25' title="bbox 261 1118 1049 1161; baseline -0.016 -5"><span class='ocrx_word' id='word_1_158' title='bbox 261 1130 329 1156; x_wconf 88' lang='lat' dir='ltr'><strong>cicnt</strong></span> <span class='ocrx_word' id='word_1_159' title='bbox 354 1135 414 1154; x_wconf 85' lang='lat' dir='ltr'><strong>eam</strong></span> <span class='ocrx_word' id='word_1_160' title='bbox 431 1133 492 1161; x_wconf 74' lang='lat' dir='ltr'><strong>qua:</strong></span> <span class='ocrx_word' id='word_1_161' title='bbox 513 1133 544 1152; x_wconf 77' lang='lat' dir='ltr'><strong>ex</strong></span> <span class='ocrx_word' id='word_1_162' title='bbox 563 1129 669 1150; x_wconf 85' lang='lat' dir='ltr'><strong>veneno</strong></span> <span class='ocrx_word' id='word_1_163' title='bbox 698 1123 886 1155; x_wconf 81' lang='lat' dir='ltr'><strong>comparatur,</strong></span> <span class='ocrx_word' id='word_1_164' title='bbox 905 1118 1049 1153; x_wconf 74' lang='lat' dir='ltr'><strong>elfugiunt.</strong></span> 
     </span>
    </p>
   </div>
   <div class='ocr_carea' id='block_1_26' title="bbox 262 1164 1047 1208">
    <p class='ocr_par' dir='ltr' id='par_1_26' title="bbox 262 1164 1047 1208">
     <span class='ocr_line' id='line_1_26' title="bbox 262 1164 1047 1208; baseline -0.014 -7"><span class='ocrx_word' id='word_1_165' title='bbox 262 1175 329 1201; x_wconf 79' lang='lat' dir='ltr'><strong>Nam</strong></span> <span class='ocrx_word' id='word_1_166' title='bbox 357 1173 420 1208; x_wconf 90' lang='lat' dir='ltr'><strong>quia</strong></span> <span class='ocrx_word' id='word_1_167' title='bbox 437 1177 533 1199; x_wconf 83' lang='lat' dir='ltr'><strong>tenues</strong></span> <span class='ocrx_word' id='word_1_168' title='bbox 555 1170 655 1197; x_wconf 81' lang='lat' dir='ltr'><strong>habent</strong></span> <span class='ocrx_word' id='word_1_169' title='bbox 671 1168 699 1194; x_wconf 88' lang='lat' dir='ltr'><strong>in</strong></span> <span class='ocrx_word' id='word_1_170' title='bbox 716 1166 800 1194; x_wconf 86' lang='lat' dir='ltr'><strong>corde</strong></span> <span class='ocrx_word' id='word_1_171' title='bbox 818 1169 937 1195; x_wconf 81' lang='lat' dir='ltr'><strong>meatus.</strong></span> <span class='ocrx_word' id='word_1_172' title='bbox 969 1164 1047 1198; x_wconf 89' lang='lat' dir='ltr'><strong>prius</strong></span> 
     </span>
    </p>
   </div>
   <div class='ocr_carea' id='block_1_27' title="bbox 263 1209 1049 1256">
    <p class='ocr_par' dir='ltr' id='par_1_27' title="bbox 263 1209 1049 1256">
     <span class='ocr_line' id='line_1_27' title="bbox 263 1209 1049 1256; baseline -0.015 -9"><span class='ocrx_word' id='word_1_173' title='bbox 263 1221 289 1247; x_wconf 90' lang='lat' dir='ltr'><strong>id</strong></span> <span class='ocrx_word' id='word_1_174' title='bbox 307 1220 380 1256; x_wconf 91' lang='lat' dir='ltr'><strong>quod</strong></span> <span class='ocrx_word' id='word_1_175' title='bbox 407 1222 552 1246; x_wconf 85' lang='lat' dir='ltr'><strong>voraruut.</strong></span> <span class='ocrx_word' id='word_1_176' title='bbox 573 1215 734 1245; x_wconf 77' lang='lat' dir='ltr'><strong>conﬁciunt,</strong></span> <span class='ocrx_word' id='word_1_177' title='bbox 757 1220 838 1248; x_wconf 89' lang='lat' dir='ltr'><strong>quam</strong></span> <span class='ocrx_word' id='word_1_178' title='bbox 856 1210 990 1246; x_wconf 78' lang='lat' dir='ltr'><strong>l&#39;rigiditas</strong></span> <span class='ocrx_word' id='word_1_179' title='bbox 1016 1209 1049 1236; x_wconf 84' lang='lat' dir='ltr'><strong>ad</strong></span> 
     </span>
    </p>
   </div>
   <div class='ocr_carea' id='block_1_28' title="bbox 263 1255 1050 1300">
    <p class='ocr_par' dir='ltr' id='par_1_28' title="bbox 263 1255 1050 1300">
     <span class='ocr_line' id='line_1_28' title="bbox 263 1255 1050 1300; baseline -0.018 -6"><span class='ocrx_word' id='word_1_180' title='bbox 263 1266 355 1294; x_wconf 78' lang='lat' dir='ltr'><strong>vitalia</strong></span> <span class='ocrx_word' id='word_1_181' title='bbox 370 1268 502 1300; x_wconf 82' lang='lat' dir='ltr'><strong>penetret.</strong></span> <span class='ocrx_word' id='word_1_182' title='bbox 519 1262 676 1289; x_wconf 81' lang='lat' dir='ltr'><strong>Eitcborum</strong></span> <span class='ocrx_word' id='word_1_183' title='bbox 698 1263 790 1286; x_wconf 87' lang='lat' dir='ltr'><strong>autem</strong></span> <span class='ocrx_word' id='word_1_184' title='bbox 809 1257 984 1284; x_wconf 83' lang='lat' dir='ltr'><strong>coturnicum</strong></span> <span class='ocrx_word' id='word_1_185' title='bbox 998 1255 1050 1281; x_wconf 88' lang='lat' dir='ltr'><strong>ali-</strong></span> 
     </span>
    </p>
   </div>
   <div class='ocr_carea' id='block_1_29' title="bbox 262 1301 1051 1343">
    <p class='ocr_par' dir='ltr' id='par_1_29' title="bbox 262 1301 1051 1343">
     <span class='ocr_line' id='line_1_29' title="bbox 262 1301 1051 1343; baseline -0.014 -5"><span class='ocrx_word' id='word_1_186' title='bbox 262 1311 353 1338; x_wconf 86' lang='lat' dir='ltr'><strong>monia</strong></span> <span class='ocrx_word' id='word_1_187' title='bbox 365 1314 416 1341; x_wconf 79' lang='lat' dir='ltr'><strong>est,</strong></span> <span class='ocrx_word' id='word_1_188' title='bbox 430 1314 460 1336; x_wconf 89' lang='lat' dir='ltr'><strong>ut</strong></span> <span class='ocrx_word' id='word_1_189' title='bbox 474 1315 534 1343; x_wconf 67' lang='lat' dir='ltr'><strong>quae</strong></span> <span class='ocrx_word' id='word_1_190' title='bbox 546 1304 750 1340; x_wconf 84' lang='lat' dir='ltr'><strong>temperamenti</strong></span> <span class='ocrx_word' id='word_1_191' title='bbox 763 1303 804 1331; x_wconf 88' lang='lat' dir='ltr'><strong>stti</strong></span> <span class='ocrx_word' id='word_1_192' title='bbox 819 1302 996 1337; x_wconf 78' lang='lat' dir='ltr'><strong>proprietate,</strong></span> <span class='ocrx_word' id='word_1_193' title='bbox 1008 1301 1051 1327; x_wconf 92' lang='lat' dir='ltr'><strong>ni-</strong></span> 
     </span>
    </p>
   </div>
   <div class='ocr_carea' id='block_1_30' title="bbox 262 1347 1050 1386">
    <p class='ocr_par' dir='ltr' id='par_1_30' title="bbox 262 1347 1050 1386">
     <span class='ocr_line' id='line_1_30' title="bbox 262 1347 1050 1386; baseline -0.015 -3"><span class='ocrx_word' id='word_1_194' title='bbox 262 1357 300 1383; x_wconf 87' lang='lat' dir='ltr'><strong>hil</strong></span> <span class='ocrx_word' id='word_1_195' title='bbox 313 1357 376 1383; x_wconf 84' lang='lat' dir='ltr'><strong>hinc</strong></span> <span class='ocrx_word' id='word_1_196' title='bbox 391 1353 550 1386; x_wconf 80' lang='lat' dir='ltr'><strong>detrimenti</strong></span> <span class='ocrx_word' id='word_1_197' title='bbox 570 1351 746 1379; x_wconf 88' lang='lat' dir='ltr'><strong>contrahant.</strong></span> <span class='ocrx_word' id='word_1_198' title='bbox 767 1348 839 1380; x_wconf 77' lang='lat' dir='ltr'><strong>Quin</strong></span> <span class='ocrx_word' id='word_1_199' title='bbox 865 1347 922 1374; x_wconf 69' lang='lat' dir='ltr'><strong>haec</strong></span> <span class='ocrx_word' id='word_1_200' title='bbox 942 1353 1050 1380; x_wconf 86' lang='lat' dir='ltr'><strong>quoque</strong></span> 
     </span>
    </p>
   </div>
   <div class='ocr_carea' id='block_1_31' title="bbox 264 1397 747 1437">
    <p class='ocr_par' dir='ltr' id='par_1_31' title="bbox 264 1397 747 1437">
     <span class='ocr_line' id='line_1_31' title="bbox 264 1397 747 1437; baseline -0.017 -8"><span class='ocrx_word' id='word_1_201' title='bbox 264 1403 323 1437; x_wconf 88' lang='lat' dir='ltr'><strong>ipsa</strong></span> <span class='ocrx_word' id='word_1_202' title='bbox 340 1400 420 1428; x_wconf 74' lang='lat' dir='ltr'><strong>uoltis</strong></span> <span class='ocrx_word' id='word_1_203' title='bbox 437 1399 574 1426; x_wconf 81' lang='lat' dir='ltr'><strong>interdum</strong></span> <span class='ocrx_word' id='word_1_204' title='bbox 594 1397 654 1424; x_wconf 87' lang='lat' dir='ltr'><strong>ttstti</strong></span> <span class='ocrx_word' id='word_1_205' title='bbox 673 1399 747 1423; x_wconf 83' lang='lat' dir='ltr'><strong>sunt.</strong></span> 
     </span>
    </p>
   </div>
   <div class='ocr_carea' id='block_1_32' title="bbox 301 1439 1050 1478">
    <p class='ocr_par' dir='ltr' id='par_1_32' title="bbox 301 1439 1050 1478">
     <span class='ocr_line' id='line_1_32' title="bbox 301 1439 1050 1478; baseline -0.011 -5"><span class='ocrx_word' id='word_1_206' title='bbox 301 1447 400 1473; x_wconf 77' lang='lat' dir='ltr'><strong>&quot;omit.</strong></span> <span class='ocrx_word' id='word_1_207' title='bbox 418 1446 443 1471; x_wconf 81' lang='lat'><strong>7.</strong></span> <span class='ocrx_word' id='word_1_208' title='bbox 457 1460 492 1465; x_wconf 94' lang='grc'><strong>--</strong></span> <span class='ocrx_word' id='word_1_209' title='bbox 510 1444 619 1478; x_wconf 85' lang='lat' dir='ltr'><strong>Vipera,</strong></span> <span class='ocrx_word' id='word_1_210' title='bbox 638 1442 774 1477; x_wconf 80' lang='lat' dir='ltr'><strong>reptilium</strong></span> <span class='ocrx_word' id='word_1_211' title='bbox 792 1441 914 1468; x_wconf 90' lang='lat' dir='ltr'><strong>otnnium</strong></span> <span class='ocrx_word' id='word_1_212' title='bbox 933 1439 1050 1466; x_wconf 83' lang='lat' dir='ltr'><strong>atrocis-</strong></span> 
     </span>
    </p>
   </div>
   <div class='ocr_carea' id='block_1_33' title="bbox 264 1483 1048 1524">
    <p class='ocr_par' dir='ltr' id='par_1_33' title="bbox 264 1483 1048 1524">
     <span class='ocr_line' id='line_1_33' title="bbox 264 1483 1048 1524; baseline -0.013 -4"><span class='ocrx_word' id='word_1_213' title='bbox 264 1493 376 1524; x_wconf 90' lang='lat' dir='ltr'><strong>simum,</strong></span> <span class='ocrx_word' id='word_1_214' title='bbox 392 1490 424 1517; x_wconf 93' lang='lat' dir='ltr'><strong>ad</strong></span> <span class='ocrx_word' id='word_1_215' title='bbox 440 1497 567 1517; x_wconf 68' lang='lat' dir='ltr'><strong>murreum</strong></span> <span class='ocrx_word' id='word_1_216' title='bbox 577 1489 691 1515; x_wconf 65' lang='lat' dir='ltr'><strong>marium</strong></span> <span class='ocrx_word' id='word_1_217' title='bbox 715 1486 883 1513; x_wconf 89' lang='lat' dir='ltr'><strong>connubium</strong></span> <span class='ocrx_word' id='word_1_218' title='bbox 917 1483 1048 1515; x_wconf 80' lang='lat' dir='ltr'><strong>occurrit.</strong></span> 
     </span>
    </p>
   </div>
   <div class='ocr_carea' id='block_1_34' title="bbox 221 1528 1050 1572">
    <p class='ocr_par' dir='ltr' id='par_1_34' title="bbox 221 1528 1050 1572">
     <span class='ocr_line' id='line_1_34' title="bbox 221 1528 1050 1572; baseline -0.013 -7"><span class='ocrx_word' id='word_1_219' title='bbox 221 1557 224 1572; x_wconf 52' lang='grc' dir='ltr'><strong>ί</strong></span> <span class='ocrx_word' id='word_1_220' title='bbox 265 1543 348 1572; x_wconf 88' lang='lat' dir='ltr'><strong>atque</strong></span> <span class='ocrx_word' id='word_1_221' title='bbox 368 1536 450 1564; x_wconf 78' lang='lat' dir='ltr'><strong>sibilo</strong></span> <span class='ocrx_word' id='word_1_222' title='bbox 468 1534 586 1570; x_wconf 87' lang='lat' dir='ltr'><strong>quodam</strong></span> <span class='ocrx_word' id='word_1_223' title='bbox 600 1532 774 1568; x_wconf 63' lang='lat' dir='ltr'><strong>praesentiam</strong></span> <span class='ocrx_word' id='word_1_224' title='bbox 788 1538 864 1559; x_wconf 88' lang='lat' dir='ltr'><strong>suam</strong></span> <span class='ocrx_word' id='word_1_225' title='bbox 881 1528 1050 1563; x_wconf 79' lang='lat' dir='ltr'><strong>signiﬁcans,</strong></span> 
     </span>
    </p>
   </div>
   <div class='ocr_carea' id='block_1_35' title="bbox 222 1574 1051 1620">
    <p class='ocr_par' dir='ltr' id='par_1_35' title="bbox 222 1574 1051 1620">
     <span class='ocr_line' id='line_1_35' title="bbox 222 1574 1051 1620; baseline -0.013 -10"><span class='ocrx_word' id='word_1_226' title='bbox 265 1584 299 1610; x_wconf 90' lang='lat' dir='ltr'><strong>ab</strong></span> <span class='ocrx_word' id='word_1_227' title='bbox 317 1583 381 1610; x_wconf 88' lang='lat' dir='ltr'><strong>imis</strong></span> <span class='ocrx_word' id='word_1_228' title='bbox 402 1589 462 1609; x_wconf 83' lang='lat' dir='ltr'><strong>eam</strong></span> <span class='ocrx_word' id='word_1_229' title='bbox 489 1579 644 1615; x_wconf 75' lang='lat' dir='ltr'><strong>gurgitibus</strong></span> <span class='ocrx_word' id='word_1_230' title='bbox 659 1578 691 1605; x_wconf 89' lang='lat' dir='ltr'><strong>ad</strong></span> <span class='ocrx_word' id='word_1_231' title='bbox 722 1583 864 1604; x_wconf 80' lang='lat' dir='ltr'><strong>venereum</strong></span> <span class='ocrx_word' id='word_1_232' title='bbox 881 1574 1051 1609; x_wconf 76' lang='lat' dir='ltr'><strong>complexum</strong></span> 
     </span>
    </p>
   </div>
   <div class='ocr_carea' id='block_1_36' title="bbox 219 1616 1052 1664">
    <p class='ocr_par' dir='ltr' id='par_1_36' title="bbox 219 1616 1052 1664">
     <span class='ocr_line' id='line_1_36' title="bbox 219 1616 1052 1664; baseline -0.014 -7"><span class='ocrx_word' id='word_1_233' title='bbox 219 1643 225 1664; x_wconf 57' lang='lat'><strong>3</strong></span> <span class='ocrx_word' id='word_1_234' title='bbox 265 1633 354 1657; x_wconf 74' lang='lat' dir='ltr'><strong>vocat.</strong></span> <span class='ocrx_word' id='word_1_235' title='bbox 386 1628 436 1655; x_wconf 90' lang='lat' dir='ltr'><strong>Illa</strong></span> <span class='ocrx_word' id='word_1_236' title='bbox 453 1631 543 1654; x_wconf 87' lang='lat' dir='ltr'><strong>autem</strong></span> <span class='ocrx_word' id='word_1_237' title='bbox 573 1632 676 1653; x_wconf 85' lang='lat' dir='ltr'><strong>morem</strong></span> <span class='ocrx_word' id='word_1_238' title='bbox 697 1616 775 1658; x_wconf 75' lang='lat' dir='ltr'><strong>gerit,</strong></span> <span class='ocrx_word' id='word_1_239' title='bbox 791 1626 889 1650; x_wconf 89' lang='lat' dir='ltr'><strong>etcum</strong></span> <span class='ocrx_word' id='word_1_240' title='bbox 914 1626 1052 1647; x_wconf 78' lang='lat' dir='ltr'><strong>venenosa</strong></span> 
     </span>
    </p>
   </div>
   <div class='ocr_carea' id='block_1_37' title="bbox 221 1667 577 1707">
    <p class='ocr_par' dir='ltr' id='par_1_37' title="bbox 221 1667 577 1707">
     <span class='ocr_line' id='line_1_37' title="bbox 221 1667 577 1707; baseline -0.02 -4"><span class='ocrx_word' id='word_1_241' title='bbox 221 1667 224 1706; x_wconf 74' lang='grc' dir='ltr'><strong>ί</strong></span> <span class='ocrx_word' id='word_1_242' title='bbox 266 1675 407 1705; x_wconf 80' lang='lat' dir='ltr'><strong>animante</strong></span> <span class='ocrx_word' id='word_1_243' title='bbox 421 1673 577 1707; x_wconf 86' lang='lat' dir='ltr'><strong>copulatur.</strong></span> 
     </span>
    </p>
   </div>
   <div class='ocr_carea' id='block_1_38' title="bbox 303 1709 1054 1748">
    <p class='ocr_par' dir='ltr' id='par_1_38' title="bbox 303 1709 1054 1748">
     <span class='ocr_line' id='line_1_38' title="bbox 303 1709 1054 1748; baseline -0.015 -2"><span class='ocrx_word' id='word_1_244' title='bbox 303 1719 373 1747; x_wconf 82' lang='lat' dir='ltr'><strong>Ibid.</strong></span> <span class='ocrx_word' id='word_1_245' title='bbox 392 1734 426 1738; x_wconf 90' lang='lat'><strong>—</strong></span> <span class='ocrx_word' id='word_1_246' title='bbox 442 1717 513 1745; x_wconf 90' lang='lat' dir='ltr'><strong>Sunt</strong></span> <span class='ocrx_word' id='word_1_247' title='bbox 528 1716 610 1743; x_wconf 87' lang='lat' dir='ltr'><strong>etiam</strong></span> <span class='ocrx_word' id='word_1_248' title='bbox 626 1709 750 1741; x_wconf 83' lang='lat' dir='ltr'><strong>nonnulli</strong></span> <span class='ocrx_word' id='word_1_249' title='bbox 766 1714 855 1748; x_wconf 81' lang='lat' dir='ltr'><strong>pisces</strong></span> <span class='ocrx_word' id='word_1_250' title='bbox 872 1712 917 1747; x_wconf 85' lang='lat' dir='ltr'><strong>qui</strong></span> <span class='ocrx_word' id='word_1_251' title='bbox 933 1709 1054 1746; x_wconf 77' lang='lat' dir='ltr'><strong>pcregri-</strong></span> 
     </span>
    </p>
   </div>
   <div class='ocr_carea' id='block_1_39' title="bbox 267 1757 1054 1799">
    <p class='ocr_par' dir='ltr' id='par_1_39' title="bbox 267 1757 1054 1799">
     <span class='ocr_line' id='line_1_39' title="bbox 267 1757 1054 1799; baseline -0.017 -5"><span class='ocrx_word' id='word_1_252' title='bbox 267 1770 379 1798; x_wconf 83' lang='lat' dir='ltr'><strong>nantur,</strong></span> <span class='ocrx_word' id='word_1_253' title='bbox 405 1764 485 1799; x_wconf 76' lang='lat'><strong>526</strong></span> <span class='ocrx_word' id='word_1_254' title='bbox 499 1767 526 1790; x_wconf 90' lang='lat' dir='ltr'><strong>et</strong></span> <span class='ocrx_word' id='word_1_255' title='bbox 537 1762 613 1789; x_wconf 86' lang='lat' dir='ltr'><strong>velut</strong></span> <span class='ocrx_word' id='word_1_256' title='bbox 639 1760 779 1787; x_wconf 84' lang='lat' dir='ltr'><strong>cotnmuni</strong></span> <span class='ocrx_word' id='word_1_257' title='bbox 796 1758 914 1793; x_wconf 87' lang='lat' dir='ltr'><strong>quodam</strong></span> <span class='ocrx_word' id='word_1_258' title='bbox 943 1757 1054 1783; x_wconf 85' lang='lat' dir='ltr'><strong>decreto</strong></span> 
     </span>
    </p>
   </div>
   <div class='ocr_carea' id='block_1_40' title="bbox 267 1801 1053 1844">
    <p class='ocr_par' dir='ltr' id='par_1_40' title="bbox 267 1801 1053 1844">
     <span class='ocr_line' id='line_1_40' title="bbox 267 1801 1053 1844; baseline -0.015 -5"><span class='ocrx_word' id='word_1_259' title='bbox 267 1813 294 1839; x_wconf 90' lang='lat' dir='ltr'><strong>iu</strong></span> <span class='ocrx_word' id='word_1_260' title='bbox 313 1817 421 1839; x_wconf 72' lang='lat' dir='ltr'><strong>exteras</strong></span> <span class='ocrx_word' id='word_1_261' title='bbox 454 1808 580 1844; x_wconf 79' lang='lat' dir='ltr'><strong>regiones</strong></span> <span class='ocrx_word' id='word_1_262' title='bbox 595 1806 685 1837; x_wconf 88' lang='lat' dir='ltr'><strong>missi,</strong></span> <span class='ocrx_word' id='word_1_263' title='bbox 701 1812 733 1832; x_wconf 78' lang='lat' dir='ltr'><strong>ex</strong></span> <span class='ocrx_word' id='word_1_264' title='bbox 749 1811 803 1831; x_wconf 82' lang='grc' dir='ltr'><strong>ιιηο</strong></span> <span class='ocrx_word' id='word_1_265' title='bbox 818 1803 946 1830; x_wconf 85' lang='lat' dir='ltr'><strong>condicto</strong></span> <span class='ocrx_word' id='word_1_266' title='bbox 961 1801 1053 1828; x_wconf 91' lang='lat' dir='ltr'><strong>cuncti</strong></span> 
     </span>
    </p>
   </div>
   <div class='ocr_carea' id='block_1_41' title="bbox 267 1847 1053 1891">
    <p class='ocr_par' dir='ltr' id='par_1_41' title="bbox 267 1847 1053 1891">
     <span class='ocr_line' id='line_1_41' title="bbox 267 1847 1053 1891; baseline -0.017 -6"><span class='ocrx_word' id='word_1_267' title='bbox 267 1858 348 1886; x_wconf 84' lang='lat' dir='ltr'><strong>simul</strong></span> <span class='ocrx_word' id='word_1_268' title='bbox 366 1855 590 1891; x_wconf 84' lang='lat' dir='ltr'><strong>proﬁciscuntur.</strong></span> <span class='ocrx_word' id='word_1_269' title='bbox 611 1851 680 1878; x_wconf 88' lang='lat' dir='ltr'><strong>Cum</strong></span> <span class='ocrx_word' id='word_1_270' title='bbox 695 1850 767 1877; x_wconf 87' lang='lat' dir='ltr'><strong>enim</strong></span> <span class='ocrx_word' id='word_1_271' title='bbox 783 1853 888 1876; x_wconf 87' lang='lat' dir='ltr'><strong>certum</strong></span> <span class='ocrx_word' id='word_1_272' title='bbox 907 1851 935 1875; x_wconf 91' lang='lat' dir='ltr'><strong>et</strong></span> <span class='ocrx_word' id='word_1_273' title='bbox 951 1847 1053 1874; x_wconf 87' lang='lat' dir='ltr'><strong>consti-</strong></span> 
     </span>
    </p>
   </div>
   <div class='ocr_carea' id='block_1_42' title="bbox 267 1893 1054 1938">
    <p class='ocr_par' dir='ltr' id='par_1_42' title="bbox 267 1893 1054 1938">
     <span class='ocr_line' id='line_1_42' title="bbox 267 1893 1054 1938; baseline -0.015 -6"><span class='ocrx_word' id='word_1_274' title='bbox 267 1909 354 1932; x_wconf 86' lang='lat' dir='ltr'><strong>tutum</strong></span> <span class='ocrx_word' id='word_1_275' title='bbox 368 1901 488 1938; x_wconf 83' lang='lat' dir='ltr'><strong>pariendi</strong></span> <span class='ocrx_word' id='word_1_276' title='bbox 500 1904 606 1933; x_wconf 89' lang='lat' dir='ltr'><strong>tempus</strong></span> <span class='ocrx_word' id='word_1_277' title='bbox 618 1896 770 1932; x_wconf 86' lang='lat' dir='ltr'><strong>appetierit,</strong></span> <span class='ocrx_word' id='word_1_278' title='bbox 780 1895 823 1922; x_wconf 89' lang='lat' dir='ltr'><strong>alii</strong></span> <span class='ocrx_word' id='word_1_279' title='bbox 835 1902 867 1921; x_wconf 79' lang='lat' dir='ltr'><strong>ex</strong></span> <span class='ocrx_word' id='word_1_280' title='bbox 876 1894 935 1920; x_wconf 87' lang='lat' dir='ltr'><strong>aliis</strong></span> <span class='ocrx_word' id='word_1_281' title='bbox 948 1893 1054 1920; x_wconf 87' lang='lat' dir='ltr'><strong>sinibus</strong></span> 
     </span>
    </p>
   </div>
   <div class='ocr_carea' id='block_1_43' title="bbox 268 1938 1054 1985">
    <p class='ocr_par' dir='ltr' id='par_1_43' title="bbox 268 1938 1054 1985">
     <span class='ocr_line' id='line_1_43' title="bbox 268 1938 1054 1985; baseline -0.017 -8"><span class='ocrx_word' id='word_1_282' title='bbox 268 1951 449 1985; x_wconf 79' lang='lat' dir='ltr'><strong>emigrantes,</strong></span> <span class='ocrx_word' id='word_1_283' title='bbox 481 1945 621 1974; x_wconf 81' lang='lat' dir='ltr'><strong>communi</strong></span> <span class='ocrx_word' id='word_1_284' title='bbox 648 1943 753 1970; x_wconf 82' lang='lat' dir='ltr'><strong>scilicet</strong></span> <span class='ocrx_word' id='word_1_285' title='bbox 778 1941 836 1975; x_wconf 72' lang='lat' dir='ltr'><strong>lege</strong></span> <span class='ocrx_word' id='word_1_286' title='bbox 866 1939 991 1972; x_wconf 73' lang='lat' dir='ltr'><strong>excitati,</strong></span> <span class='ocrx_word' id='word_1_287' title='bbox 1021 1938 1054 1965; x_wconf 87' lang='lat' dir='ltr'><strong>ad</strong></span> 
     </span>
    </p>
   </div>
   <div class='ocr_carea' id='block_1_44' title="bbox 269 1989 1055 2024">
    <p class='ocr_par' dir='ltr' id='par_1_44' title="bbox 269 1989 1055 2024">
     <span class='ocr_line' id='line_1_44' title="bbox 269 1989 1055 2024; baseline -0.015 -1"><span class='ocrx_word' id='word_1_288' title='bbox 269 1998 386 2024; x_wconf 71' lang='lat' dir='ltr'><strong>ltureum</strong></span> <span class='ocrx_word' id='word_1_289' title='bbox 405 2002 479 2021; x_wconf 85' lang='lat' dir='ltr'><strong>mare</strong></span> <span class='ocrx_word' id='word_1_290' title='bbox 494 1991 672 2020; x_wconf 86' lang='lat' dir='ltr'><strong>contendunt.</strong></span> <span class='ocrx_word' id='word_1_291' title='bbox 697 1989 735 2015; x_wconf 89' lang='lat' dir='ltr'><strong>Ac</strong></span> <span class='ocrx_word' id='word_1_292' title='bbox 748 1995 802 2023; x_wconf 91' lang='lat' dir='ltr'><strong>quo</strong></span> <span class='ocrx_word' id='word_1_293' title='bbox 819 1991 941 2021; x_wconf 86' lang='lat' dir='ltr'><strong>tempore</strong></span> <span class='ocrx_word' id='word_1_294' title='bbox 959 1993 1055 2013; x_wconf 85' lang='lat' dir='ltr'><strong>ascen-</strong></span> 
     </span>
    </p>
   </div>
   <div class='ocr_carea' id='block_1_45' title="bbox 269 2031 1053 2076">
    <p class='ocr_par' dir='ltr' id='par_1_45' title="bbox 269 2031 1053 2076">
     <span class='ocr_line' id='line_1_45' title="bbox 269 2031 1053 2076; baseline -0.018 -6"><span class='ocrx_word' id='word_1_295' title='bbox 269 2045 347 2074; x_wconf 84' lang='lat' dir='ltr'><strong>dunt,</strong></span> <span class='ocrx_word' id='word_1_296' title='bbox 365 2043 454 2076; x_wconf 90' lang='lat' dir='ltr'><strong>pisces</strong></span> <span class='ocrx_word' id='word_1_297' title='bbox 467 2039 559 2066; x_wconf 80' lang='lat' dir='ltr'><strong>videas</strong></span> <span class='ocrx_word' id='word_1_298' title='bbox 585 2035 714 2064; x_wconf 81' lang='lat' dir='ltr'><strong>torrentis</strong></span> <span class='ocrx_word' id='word_1_299' title='bbox 731 2034 820 2061; x_wconf 84' lang='lat' dir='ltr'><strong>instar</strong></span> <span class='ocrx_word' id='word_1_300' title='bbox 837 2033 930 2060; x_wconf 85' lang='lat' dir='ltr'><strong>unitos</strong></span> <span class='ocrx_word' id='word_1_301' title='bbox 942 2031 1053 2065; x_wconf 80' lang='lat' dir='ltr'><strong>conglo-</strong></span> 
     </span>
    </p>
   </div>
   <div class='ocr_carea' id='block_1_46' title="bbox 271 2076 1053 2122">
    <p class='ocr_par' dir='ltr' id='par_1_46' title="bbox 271 2076 1053 2122">
     <span class='ocr_line' id='line_1_46' title="bbox 271 2076 1053 2122; baseline -0.017 -7"><span class='ocrx_word' id='word_1_302' title='bbox 271 2089 404 2122; x_wconf 83' lang='lat' dir='ltr'><strong>hatosquc</strong></span> <span class='ocrx_word' id='word_1_303' title='bbox 417 2094 431 2112; x_wconf 94' lang='lat' dir='ltr'><strong>a</strong></span> <span class='ocrx_word' id='word_1_304' title='bbox 444 2083 610 2119; x_wconf 82' lang='lat' dir='ltr'><strong>Propontide</strong></span> <span class='ocrx_word' id='word_1_305' title='bbox 628 2082 661 2108; x_wconf 92' lang='lat' dir='ltr'><strong>ad</strong></span> <span class='ocrx_word' id='word_1_306' title='bbox 676 2080 812 2108; x_wconf 79' lang='lat' dir='ltr'><strong>Euxinum</strong></span> <span class='ocrx_word' id='word_1_307' title='bbox 821 2085 894 2105; x_wconf 89' lang='lat' dir='ltr'><strong>tuare</strong></span> <span class='ocrx_word' id='word_1_308' title='bbox 906 2076 1053 2104; x_wconf 82' lang='lat' dir='ltr'><strong>conﬂuere.</strong></span> 
     </span>
    </p>
   </div>
   <div class='ocr_carea' id='block_1_47' title="bbox 270 2122 1055 2168">
    <p class='ocr_par' dir='ltr' id='par_1_47' title="bbox 270 2122 1055 2168">
     <span class='ocr_line' id='line_1_47' title="bbox 270 2122 1055 2168; baseline -0.018 -7"><span class='ocrx_word' id='word_1_309' title='bbox 270 2135 337 2168; x_wconf 77' lang='lat' dir='ltr'><strong>Quis</strong></span> <span class='ocrx_word' id='word_1_310' title='bbox 364 2138 445 2168; x_wconf 85' lang='lat' dir='ltr'><strong>porro</strong></span> <span class='ocrx_word' id='word_1_311' title='bbox 470 2137 518 2157; x_wconf 87' lang='lat' dir='ltr'><strong>eos</strong></span> <span class='ocrx_word' id='word_1_312' title='bbox 539 2127 676 2164; x_wconf 89' lang='lat' dir='ltr'><strong>impellit?</strong></span> <span class='ocrx_word' id='word_1_313' title='bbox 695 2125 767 2161; x_wconf 89' lang='lat' dir='ltr'><strong>quod</strong></span> <span class='ocrx_word' id='word_1_314' title='bbox 784 2122 960 2158; x_wconf 88' lang='lat' dir='ltr'><strong>itnperatoris</strong></span> <span class='ocrx_word' id='word_1_315' title='bbox 980 2129 1055 2148; x_wconf 89' lang='lat' dir='ltr'><strong>tuan-</strong></span> 
     </span>
    </p>
   </div>
   <div class='ocr_carea' id='block_1_48' title="bbox 1090 205 1886 243">
    <p class='ocr_par' dir='ltr' id='par_1_48' title="bbox 1090 205 1886 243">
     <span class='ocr_line' id='line_1_48' title="bbox 1090 205 1886 243; baseline 0.003 -12"><span class='ocrx_word' id='word_1_316' title='bbox 1090 205 1196 238; x_wconf 82' lang='grc' dir='ltr'>λισσαν,</span> <span class='ocrx_word' id='word_1_317' title='bbox 1214 207 1261 232; x_wconf 74' lang='grc' dir='ltr'><strong>καὶ</strong></span> <span class='ocrx_word' id='word_1_318' title='bbox 1277 207 1346 241; x_wconf 79' lang='grc' dir='ltr'>μάθε</span> <span class='ocrx_word' id='word_1_319' title='bbox 1360 207 1400 233; x_wconf 82' lang='grc' dir='ltr'>ὅτι</span> <span class='ocrx_word' id='word_1_320' title='bbox 1414 208 1526 242; x_wconf 82' lang='grc' dir='ltr'><strong>ἐργάτις</strong></span> <span class='ocrx_word' id='word_1_321' title='bbox 1542 208 1599 234; x_wconf 76' lang='grc' dir='ltr'><strong>ἐστί</strong></span> <span class='ocrx_word' id='word_1_322' title='bbox 1612 216 1618 222; x_wconf 76' lang='lat'>&#39;</span> <span class='ocrx_word' id='word_1_323' title='bbox 1632 208 1682 243; x_wconf 81' lang='grc' dir='ltr'><strong>τὴν</strong></span> <span class='ocrx_word' id='word_1_324' title='bbox 1698 208 1726 234; x_wconf 83' lang='grc' dir='ltr'>δὲ</span> <span class='ocrx_word' id='word_1_325' title='bbox 1751 207 1886 242; x_wconf 80' lang='grc' dir='ltr'><strong>ἐργασίαν</strong></span> 
     </span>
    </p>
   </div>
   <div class='ocr_carea' id='block_1_49' title="bbox 1091 250 1886 288">
    <p class='ocr_par' dir='ltr' id='par_1_49' title="bbox 1091 250 1886 288">
     <span class='ocr_line' id='line_1_49' title="bbox 1091 250 1886 288; baseline 0.003 -12"><span class='ocrx_word' id='word_1_326' title='bbox 1091 251 1129 282; x_wconf 82' lang='grc' dir='ltr'>ὡς</span> <span class='ocrx_word' id='word_1_327' title='bbox 1145 251 1247 286; x_wconf 84' lang='grc' dir='ltr'><strong>σεμνὴν</strong></span> <span class='ocrx_word' id='word_1_328' title='bbox 1262 254 1343 279; x_wconf 75' lang='grc' dir='ltr'>ποιεῖ.</span> <span class='ocrx_word' id='word_1_329' title='bbox 1359 250 1413 284; x_wconf 79' lang='grc' dir='ltr'><strong>⁷Ης</strong></span> <span class='ocrx_word' id='word_1_330' title='bbox 1424 253 1488 284; x_wconf 85' lang='grc' dir='ltr'>τοὺς</span> <span class='ocrx_word' id='word_1_331' title='bbox 1502 253 1601 284; x_wconf 84' lang='grc' dir='ltr'><strong>πόνους</strong></span> <span class='ocrx_word' id='word_1_332' title='bbox 1616 252 1737 288; x_wconf 74' lang='grc' dir='ltr'>βασιλεῖς</span> <span class='ocrx_word' id='word_1_333' title='bbox 1750 253 1797 280; x_wconf 83' lang='grc' dir='ltr'><strong>καὶ</strong></span> <span class='ocrx_word' id='word_1_334' title='bbox 1815 252 1886 278; x_wconf 80' lang='grc' dir='ltr'><strong>ἰδιῶ-</strong></span> 
     </span>
    </p>
   </div>
   <div class='ocr_carea' id='block_1_50' title="bbox 1091 297 1884 334">
    <p class='ocr_par' dir='ltr' id='par_1_50' title="bbox 1091 297 1884 334">
     <span class='ocr_line' id='line_1_50' title="bbox 1091 297 1884 334; baseline 0.001 -11"><span class='ocrx_word' id='word_1_335' title='bbox 1091 305 1135 323; x_wconf 88' lang='grc' dir='ltr'><strong>ται</strong></span> <span class='ocrx_word' id='word_1_336' title='bbox 1151 297 1217 332; x_wconf 72' lang='grc' dir='ltr'>πρὸς</span> <span class='ocrx_word' id='word_1_337' title='bbox 1227 297 1323 330; x_wconf 82' lang='grc' dir='ltr'>ὑγείαν</span> <span class='ocrx_word' id='word_1_338' title='bbox 1337 298 1549 334; x_wconf 74' lang='grc' dir='ltr'>προσφέρονται.</span> <span class='ocrx_word' id='word_1_339' title='bbox 1562 298 1718 334; x_wconf 84' lang='grc' dir='ltr'>Ποθεινὴδέ</span> <span class='ocrx_word' id='word_1_340' title='bbox 1732 298 1790 324; x_wconf 78' lang='grc' dir='ltr'>ἐστι</span> <span class='ocrx_word' id='word_1_341' title='bbox 1804 299 1884 328; x_wconf 81' lang='grc' dir='ltr'>πᾶσι.</span> 
     </span>
    </p>
   </div>
   <div class='ocr_carea' id='block_1_51' title="bbox 1092 343 1810 380">
    <p class='ocr_par' dir='ltr' id='par_1_51' title="bbox 1092 343 1810 380">
     <span class='ocr_line' id='line_1_51' title="bbox 1092 343 1810 380; baseline -0.001 -10"><span class='ocrx_word' id='word_1_342' title='bbox 1092 343 1140 370; x_wconf 75' lang='grc' dir='ltr'><strong>καὶ</strong></span> <span class='ocrx_word' id='word_1_343' title='bbox 1159 343 1293 376; x_wconf 79' lang='grc' dir='ltr'>ἐπίδοξος,</span> <span class='ocrx_word' id='word_1_344' title='bbox 1315 344 1416 380; x_wconf 87' lang='grc' dir='ltr'>καίπερ</span> <span class='ocrx_word' id='word_1_345' title='bbox 1431 343 1500 371; x_wconf 78' lang='grc' dir='ltr'>οὖσα</span> <span class='ocrx_word' id='word_1_346' title='bbox 1514 344 1542 370; x_wconf 82' lang='grc' dir='ltr'><strong>έν</strong></span> <span class='ocrx_word' id='word_1_347' title='bbox 1558 344 1639 380; x_wconf 74' lang='grc' dir='ltr'>ῥώμῃ</span> <span class='ocrx_word' id='word_1_348' title='bbox 1657 344 1785 380; x_wconf 83' lang='grc' dir='ltr'>ἀσθενής.</span> <span class='ocrx_word' id='word_1_349' title='bbox 1800 353 1810 369; x_wconf 72' lang='grc' dir='ltr'><strong>ι</strong></span> 
     </span>
    </p>
   </div>
   <div class='ocr_carea' id='block_1_52' title="bbox 1132 432 1886 469">
    <p class='ocr_par' dir='ltr' id='par_1_52' title="bbox 1132 432 1886 469">
     <span class='ocr_line' id='line_1_52' title="bbox 1132 432 1886 469; baseline 0.001 -10"><span class='ocrx_word' id='word_1_350' title='bbox 1132 443 1141 459; x_wconf 79' lang='grc' dir='ltr'><strong>ι</strong></span> <span class='ocrx_word' id='word_1_351' title='bbox 1160 433 1288 469; x_wconf 82' lang='grc' dir='ltr'>Τέσσαρά</span> <span class='ocrx_word' id='word_1_352' title='bbox 1302 433 1376 460; x_wconf 71' lang='grc' dir='ltr'>ἐστιν</span> <span class='ocrx_word' id='word_1_353' title='bbox 1393 433 1523 468; x_wconf 71' lang='grc' dir='ltr'>ἐλάχιστα</span> <span class='ocrx_word' id='word_1_354' title='bbox 1545 433 1592 459; x_wconf 80' lang='grc' dir='ltr'>ἐπὶ</span> <span class='ocrx_word' id='word_1_355' title='bbox 1603 433 1653 468; x_wconf 83' lang='grc' dir='ltr'>τῆς</span> <span class='ocrx_word' id='word_1_356' title='bbox 1667 432 1719 468; x_wconf 82' lang='grc' dir='ltr'>γῆς</span> <span class='ocrx_word' id='word_1_357' title='bbox 1730 441 1736 448; x_wconf 88' lang='grc'><em>’</em></span> <span class='ocrx_word' id='word_1_358' title='bbox 1748 432 1834 460; x_wconf 73' lang='grc' dir='ltr'>ταῦτα</span> <span class='ocrx_word' id='word_1_359' title='bbox 1855 433 1886 460; x_wconf 71' lang='grc' dir='ltr'>δὲ</span> 
     </span>
    </p>
   </div>
   <div class='ocr_carea' id='block_1_53' title="bbox 1094 476 1887 515">
    <p class='ocr_par' dir='ltr' id='par_1_53' title="bbox 1094 476 1887 515">
     <span class='ocr_line' id='line_1_53' title="bbox 1094 476 1887 515; baseline -0.001 -10"><span class='ocrx_word' id='word_1_360' title='bbox 1094 479 1152 506; x_wconf 74' lang='grc' dir='ltr'>ἐστι</span> <span class='ocrx_word' id='word_1_361' title='bbox 1165 478 1306 515; x_wconf 65' lang='grc' dir='ltr'>σοφώτερα</span> <span class='ocrx_word' id='word_1_362' title='bbox 1315 479 1371 506; x_wconf 86' lang='grc' dir='ltr'>τῶν</span> <span class='ocrx_word' id='word_1_363' title='bbox 1381 479 1472 513; x_wconf 83' lang='grc' dir='ltr'><strong>σοφῶν</strong></span> <span class='ocrx_word' id='word_1_364' title='bbox 1481 487 1488 495; x_wconf 88' lang='grc'><strong>·</strong></span> <span class='ocrx_word' id='word_1_365' title='bbox 1501 480 1525 505; x_wconf 77' lang='grc' dir='ltr'><strong>οἱ</strong></span> <span class='ocrx_word' id='word_1_366' title='bbox 1540 479 1695 514; x_wconf 80' lang='grc' dir='ltr'><strong>μύρμηκες,</strong></span> <span class='ocrx_word' id='word_1_367' title='bbox 1710 476 1750 510; x_wconf 73' lang='grc' dir='ltr'>οἷς</span> <span class='ocrx_word' id='word_1_368' title='bbox 1764 479 1800 514; x_wconf 88' lang='grc' dir='ltr'>μή</span> <span class='ocrx_word' id='word_1_369' title='bbox 1812 479 1887 504; x_wconf 73' lang='grc' dir='ltr'>ἐστιν</span> 
     </span>
    </p>
   </div>
   <div class='ocr_carea' id='block_1_54' title="bbox 1096 524 1886 560">
    <p class='ocr_par' dir='ltr' id='par_1_54' title="bbox 1096 524 1886 560">
     <span class='ocr_line' id='line_1_54' title="bbox 1096 524 1886 560; baseline 0 -10"><span class='ocrx_word' id='word_1_370' title='bbox 1096 525 1189 559; x_wconf 82' lang='grc' dir='ltr'>ἰσχὺς,</span> <span class='ocrx_word' id='word_1_371' title='bbox 1208 525 1255 551; x_wconf 77' lang='grc' dir='ltr'><strong>καί¹</strong></span> <span class='ocrx_word' id='word_1_372' title='bbox 1279 524 1452 559; x_wconf 80' lang='grc' dir='ltr'>ὲτοιμάζεται</span> <span class='ocrx_word' id='word_1_373' title='bbox 1469 524 1566 559; x_wconf 79' lang='grc' dir='ltr'>θέρους</span> <span class='ocrx_word' id='word_1_374' title='bbox 1585 525 1634 559; x_wconf 83' lang='grc' dir='ltr'>τὴν</span> <span class='ocrx_word' id='word_1_375' title='bbox 1652 525 1775 560; x_wconf 78' lang='grc' dir='ltr'>τροφήν·</span> <span class='ocrx_word' id='word_1_376' title='bbox 1799 524 1844 551; x_wconf 76' lang='grc' dir='ltr'>καὶ</span> <span class='ocrx_word' id='word_1_377' title='bbox 1859 526 1886 550; x_wconf 82' lang='grc' dir='ltr'>οἱ</span> 
     </span>
    </p>
   </div>
   <div class='ocr_carea' id='block_1_55' title="bbox 1095 570 1886 606">
    <p class='ocr_par' dir='ltr' id='par_1_55' title="bbox 1095 570 1886 606">
     <span class='ocr_line' id='line_1_55' title="bbox 1095 570 1886 606; baseline 0 -10"><span class='ocrx_word' id='word_1_378' title='bbox 1095 570 1283 605; x_wconf 85' lang='grc' dir='ltr'>χοιρόγρυλλοι</span> <span class='ocrx_word' id='word_1_379' title='bbox 1298 570 1373 602; x_wconf 74' lang='grc' dir='ltr'>ἔθνος</span> <span class='ocrx_word' id='word_1_380' title='bbox 1389 571 1438 597; x_wconf 85' lang='grc' dir='ltr'><strong>οὑκ</strong></span> <span class='ocrx_word' id='word_1_381' title='bbox 1450 570 1570 606; x_wconf 85' lang='grc' dir='ltr'>ἰσχυρὸν,</span> <span class='ocrx_word' id='word_1_382' title='bbox 1584 570 1607 597; x_wconf 82' lang='grc' dir='ltr'><strong>οἳ</strong></span> <span class='ocrx_word' id='word_1_383' title='bbox 1617 571 1779 605; x_wconf 74' lang='grc' dir='ltr'>ἐποιήσαντο</span> <span class='ocrx_word' id='word_1_384' title='bbox 1788 571 1817 596; x_wconf 75' lang='grc' dir='ltr'>ὲν</span> <span class='ocrx_word' id='word_1_385' title='bbox 1833 570 1886 596; x_wconf 78' lang='grc' dir='ltr'>πέ-</span> 
     </span>
    </p>
   </div>
   <div class='ocr_carea' id='block_1_56' title="bbox 1095 616 1885 652">
    <p class='ocr_par' dir='ltr' id='par_1_56' title="bbox 1095 616 1885 652">
     <span class='ocr_line' id='line_1_56' title="bbox 1095 616 1885 652; baseline 0 -10"><span class='ocrx_word' id='word_1_386' title='bbox 1095 625 1175 652; x_wconf 86' lang='grc' dir='ltr'>τραις</span> <span class='ocrx_word' id='word_1_387' title='bbox 1199 617 1262 648; x_wconf 81' lang='grc' dir='ltr'>τοὺς</span> <span class='ocrx_word' id='word_1_388' title='bbox 1290 616 1396 643; x_wconf 77' lang='grc' dir='ltr'>ἑαυτῶν</span> <span class='ocrx_word' id='word_1_389' title='bbox 1421 616 1523 648; x_wconf 67' lang='grc' dir='ltr'>οἴκους.</span> <span class='ocrx_word' id='word_1_390' title='bbox 1561 616 1753 648; x_wconf 79' lang='grc' dir='ltr'>’Λὸασίλευτός</span> <span class='ocrx_word' id='word_1_391' title='bbox 1778 617 1850 642; x_wconf 79' lang='grc' dir='ltr'>ἐστιν</span> <span class='ocrx_word' id='word_1_392' title='bbox 1866 617 1885 650; x_wconf 86' lang='grc' dir='ltr'><strong>ἡ</strong></span> 
     </span>
    </p>
   </div>
   <div class='ocr_carea' id='block_1_57' title="bbox 1096 662 1885 698">
    <p class='ocr_par' dir='ltr' id='par_1_57' title="bbox 1096 662 1885 698">
     <span class='ocr_line' id='line_1_57' title="bbox 1096 662 1885 698; baseline 0.001 -10"><span class='ocrx_word' id='word_1_393' title='bbox 1096 662 1188 698; x_wconf 63' lang='grc' dir='ltr'>ἀκρίς,</span> <span class='ocrx_word' id='word_1_394' title='bbox 1199 662 1376 697; x_wconf 82' lang='grc' dir='ltr'>ὲκστρατεύει</span> <span class='ocrx_word' id='word_1_395' title='bbox 1390 663 1435 697; x_wconf 82' lang='grc' dir='ltr'><strong>ἀφ’</strong></span> <span class='ocrx_word' id='word_1_396' title='bbox 1448 663 1508 695; x_wconf 81' lang='grc' dir='ltr'>ἐνὸς</span> <span class='ocrx_word' id='word_1_397' title='bbox 1523 663 1709 698; x_wconf 79' lang='grc' dir='ltr'><strong>κελεύσματος</strong></span> <span class='ocrx_word' id='word_1_398' title='bbox 1719 671 1726 678; x_wconf 90' lang='grc'>·</span> <span class='ocrx_word' id='word_1_399' title='bbox 1743 663 1790 689; x_wconf 66' lang='grc' dir='ltr'>καὶ</span> <span class='ocrx_word' id='word_1_400' title='bbox 1805 662 1885 689; x_wconf 46' lang='grc' dir='ltr'>κολα.</span> 
     </span>
    </p>
   </div>
   <div class='ocr_carea' id='block_1_58' title="bbox 1097 708 1888 746">
    <p class='ocr_par' dir='ltr' id='par_1_58' title="bbox 1097 708 1888 746">
     <span class='ocr_line' id='line_1_58' title="bbox 1097 708 1888 746; baseline 0.001 -12"><span class='ocrx_word' id='word_1_401' title='bbox 1097 708 1187 744; x_wconf 75' lang='grc' dir='ltr'>ϐώτης</span> <span class='ocrx_word' id='word_1_402' title='bbox 1197 711 1291 745; x_wconf 82' lang='grc' dir='ltr'>χερσὶν</span> <span class='ocrx_word' id='word_1_403' title='bbox 1304 710 1486 746; x_wconf 75' lang='grc' dir='ltr'>ἐρειδόμενος,</span> <span class='ocrx_word' id='word_1_404' title='bbox 1504 709 1552 736; x_wconf 84' lang='grc' dir='ltr'>καὶ</span> <span class='ocrx_word' id='word_1_405' title='bbox 1572 709 1707 740; x_wconf 74' lang='grc' dir='ltr'><strong>εὐάλωτος</strong></span> <span class='ocrx_word' id='word_1_406' title='bbox 1721 708 1776 741; x_wconf 83' lang='grc' dir='ltr'>ὢν,</span> <span class='ocrx_word' id='word_1_407' title='bbox 1796 718 1888 736; x_wconf 85' lang='grc' dir='ltr'>κατοι-</span> 
     </span>
    </p>
   </div>
   <div class='ocr_carea' id='block_1_59' title="bbox 1097 755 1889 792">
    <p class='ocr_par' dir='ltr' id='par_1_59' title="bbox 1097 755 1889 792">
     <span class='ocr_line' id='line_1_59' title="bbox 1097 755 1889 792; baseline 0 -11"><span class='ocrx_word' id='word_1_408' title='bbox 1097 757 1141 781; x_wconf 83' lang='grc' dir='ltr'><strong>κεῖ</strong></span> <span class='ocrx_word' id='word_1_409' title='bbox 1155 757 1183 782; x_wconf 77' lang='grc' dir='ltr'>ἐν</span> <span class='ocrx_word' id='word_1_410' title='bbox 1206 755 1367 791; x_wconf 80' lang='grc' dir='ltr'>ὀχυρώμασι</span> <span class='ocrx_word' id='word_1_411' title='bbox 1395 756 1538 792; x_wconf 81' lang='grc' dir='ltr'>βασιλέων.</span> <span class='ocrx_word' id='word_1_412' title='bbox 1567 755 1637 791; x_wconf 88' lang='grc' dir='ltr'>Τρία</span> <span class='ocrx_word' id='word_1_413' title='bbox 1661 755 1768 782; x_wconf 54' lang='grc' dir='ltr'>ἐστὶ.νᾶ</span> <span class='ocrx_word' id='word_1_414' title='bbox 1787 755 1889 786; x_wconf 81' lang='grc' dir='ltr'>εύόδως</span> 
     </span>
    </p>
   </div>
   <div class='ocr_carea' id='block_1_60' title="bbox 1100 800 1886 837">
    <p class='ocr_par' dir='ltr' id='par_1_60' title="bbox 1100 800 1886 837">
     <span class='ocr_line' id='line_1_60' title="bbox 1100 800 1886 837; baseline -0.003 -9"><span class='ocrx_word' id='word_1_415' title='bbox 1100 802 1271 837; x_wconf 85' lang='grc' dir='ltr'>πορεύονται,</span> <span class='ocrx_word' id='word_1_416' title='bbox 1299 802 1346 829; x_wconf 78' lang='grc' dir='ltr'><strong>καὶ</strong></span> <span class='ocrx_word' id='word_1_417' title='bbox 1370 802 1401 828; x_wconf 85' lang='grc' dir='ltr'><strong>τὸ</strong></span> <span class='ocrx_word' id='word_1_418' title='bbox 1423 801 1554 837; x_wconf 82' lang='grc' dir='ltr'>τέταρτον</span> <span class='ocrx_word' id='word_1_419' title='bbox 1583 801 1598 828; x_wconf 80' lang='grc' dir='ltr'><strong>ὃ</strong></span> <span class='ocrx_word' id='word_1_420' title='bbox 1623 801 1712 833; x_wconf 82' lang='grc' dir='ltr'>καλῶς</span> <span class='ocrx_word' id='word_1_421' title='bbox 1737 800 1886 827; x_wconf 77' lang='grc' dir='ltr'>διαεαίνει·</span> 
     </span>
    </p>
   </div>
   <div class='ocr_carea' id='block_1_61' title="bbox 1100 847 1889 883">
    <p class='ocr_par' dir='ltr' id='par_1_61' title="bbox 1100 847 1889 883">
     <span class='ocr_line' id='line_1_61' title="bbox 1100 847 1889 883; baseline -0.003 -9"><span class='ocrx_word' id='word_1_422' title='bbox 1100 848 1219 882; x_wconf 82' lang='grc' dir='ltr'><strong>σκύμνος</strong></span> <span class='ocrx_word' id='word_1_423' title='bbox 1239 848 1347 880; x_wconf 80' lang='grc' dir='ltr'>λέοντος</span> <span class='ocrx_word' id='word_1_424' title='bbox 1369 848 1541 883; x_wconf 83' lang='grc' dir='ltr'>ἰσχυρότερος</span> <span class='ocrx_word' id='word_1_425' title='bbox 1564 847 1681 883; x_wconf 79' lang='grc' dir='ltr'>κτηνῶν,</span> <span class='ocrx_word' id='word_1_426' title='bbox 1701 847 1731 878; x_wconf 80' lang='grc' dir='ltr'>ὃς</span> <span class='ocrx_word' id='word_1_427' title='bbox 1754 847 1803 873; x_wconf 76' lang='grc' dir='ltr'>οὐκ</span> <span class='ocrx_word' id='word_1_428' title='bbox 1820 847 1889 872; x_wconf 81' lang='grc' dir='ltr'>ἁπο-</span> 
     </span>
    </p>
   </div>
   <div class='ocr_carea' id='block_1_62' title="bbox 1100 891 1890 928">
    <p class='ocr_par' dir='ltr' id='par_1_62' title="bbox 1100 891 1890 928">
     <span class='ocr_line' id='line_1_62' title="bbox 1100 891 1890 928; baseline -0.003 -9"><span class='ocrx_word' id='word_1_429' title='bbox 1100 893 1255 928; x_wconf 75' lang='grc' dir='ltr'>στρέψεται,</span> <span class='ocrx_word' id='word_1_430' title='bbox 1268 893 1328 920; x_wconf 80' lang='grc' dir='ltr'>οὐδὲ</span> <span class='ocrx_word' id='word_1_431' title='bbox 1343 893 1516 928; x_wconf 77' lang='grc' dir='ltr'>καταπτήσει</span> <span class='ocrx_word' id='word_1_432' title='bbox 1532 892 1646 927; x_wconf 79' lang='grc' dir='ltr'><strong>κτῆνος,</strong></span> <span class='ocrx_word' id='word_1_433' title='bbox 1663 891 1710 919; x_wconf 74' lang='grc' dir='ltr'>καὶ</span> <span class='ocrx_word' id='word_1_434' title='bbox 1730 891 1890 926; x_wconf 81' lang='grc' dir='ltr'>ἁλεκτρυὼν</span> 
     </span>
    </p>
   </div>
   <div class='ocr_carea' id='block_1_63' title="bbox 1100 937 1891 974">
    <p class='ocr_par' dir='ltr' id='par_1_63' title="bbox 1100 937 1891 974">
     <span class='ocr_line' id='line_1_63' title="bbox 1100 937 1891 974; baseline -0.004 -9"><span class='ocrx_word' id='word_1_435' title='bbox 1100 939 1298 974; x_wconf 79' lang='grc' dir='ltr'>ἐμπεριπατῶν</span> <span class='ocrx_word' id='word_1_436' title='bbox 1309 939 1338 965; x_wconf 84' lang='grc' dir='ltr'><strong>ὲν</strong></span> <span class='ocrx_word' id='word_1_437' title='bbox 1352 938 1474 973; x_wconf 85' lang='grc' dir='ltr'>θηλείαις</span> <span class='ocrx_word' id='word_1_438' title='bbox 1491 937 1619 973; x_wconf 75' lang='grc' dir='ltr'>εῧψνχος,</span> <span class='ocrx_word' id='word_1_439' title='bbox 1634 939 1681 965; x_wconf 69' lang='grc' dir='ltr'><strong>καὶ</strong></span> <span class='ocrx_word' id='word_1_440' title='bbox 1696 937 1796 972; x_wconf 79' lang='grc' dir='ltr'>τράγος</span> <span class='ocrx_word' id='word_1_441' title='bbox 1807 937 1891 972; x_wconf 70' lang='grc' dir='ltr'>ἡγού-</span> 
     </span>
    </p>
   </div>
   <div class='ocr_carea' id='block_1_64' title="bbox 1102 984 1357 1018">
    <p class='ocr_par' dir='ltr' id='par_1_64' title="bbox 1102 984 1357 1018">
     <span class='ocr_line' id='line_1_64' title="bbox 1102 984 1357 1018; baseline -0.008 -7"><span class='ocrx_word' id='word_1_442' title='bbox 1102 993 1183 1018; x_wconf 79' lang='grc' dir='ltr'>μενος</span> <span class='ocrx_word' id='word_1_443' title='bbox 1195 984 1328 1010; x_wconf 82' lang='grc' dir='ltr'>αἰπολίου.</span> <span class='ocrx_word' id='word_1_444' title='bbox 1348 993 1357 1009; x_wconf 70' lang='grc' dir='ltr'><strong>ι</strong></span> 
     </span>
    </p>
   </div>
   <div class='ocr_carea' id='block_1_65' title="bbox 1136 1029 1891 1064">
    <p class='ocr_par' dir='ltr' id='par_1_65' title="bbox 1136 1029 1891 1064">
     <span class='ocr_line' id='line_1_65' title="bbox 1136 1029 1891 1064; baseline 0 -9"><span class='ocrx_word' id='word_1_445' title='bbox 1136 1029 1172 1055; x_wconf 84' lang='grc' dir='ltr'>Τὸ</span> <span class='ocrx_word' id='word_1_446' title='bbox 1187 1029 1299 1056; x_wconf 80' lang='grc' dir='ltr'>κώνειον</span> <span class='ocrx_word' id='word_1_447' title='bbox 1325 1030 1349 1055; x_wconf 80' lang='grc' dir='ltr'>οἱ</span> <span class='ocrx_word' id='word_1_448' title='bbox 1377 1029 1465 1064; x_wconf 73' lang='grc' dir='ltr'>ψᾶρες</span> <span class='ocrx_word' id='word_1_449' title='bbox 1488 1029 1647 1064; x_wconf 81' lang='grc' dir='ltr'>βόσκονται,</span> <span class='ocrx_word' id='word_1_450' title='bbox 1666 1029 1709 1055; x_wconf 75' lang='grc' dir='ltr'><strong>διὰ</strong></span> <span class='ocrx_word' id='word_1_451' title='bbox 1730 1029 1780 1064; x_wconf 79' lang='grc' dir='ltr'>τὴν</span> <span class='ocrx_word' id='word_1_452' title='bbox 1804 1037 1891 1055; x_wconf 87' lang='grc' dir='ltr'>κατα-</span> 
     </span>
    </p>
   </div>
   <div class='ocr_carea' id='block_1_66' title="bbox 1103 1075 1892 1111">
    <p class='ocr_par' dir='ltr' id='par_1_66' title="bbox 1103 1075 1892 1111">
     <span class='ocr_line' id='line_1_66' title="bbox 1103 1075 1892 1111; baseline 0 -9"><span class='ocrx_word' id='word_1_453' title='bbox 1103 1076 1203 1111; x_wconf 82' lang='grc' dir='ltr'>σκευὴν</span> <span class='ocrx_word' id='word_1_454' title='bbox 1217 1076 1264 1102; x_wconf 82' lang='grc' dir='ltr'><strong>τοῦ</strong></span> <span class='ocrx_word' id='word_1_455' title='bbox 1282 1076 1409 1111; x_wconf 79' lang='grc' dir='ltr'>σώματος</span> <span class='ocrx_word' id='word_1_456' title='bbox 1418 1076 1468 1111; x_wconf 87' lang='grc' dir='ltr'>τὴν</span> <span class='ocrx_word' id='word_1_457' title='bbox 1479 1077 1511 1102; x_wconf 84' lang='grc' dir='ltr'>ὲκ</span> <span class='ocrx_word' id='word_1_458' title='bbox 1526 1076 1573 1102; x_wconf 80' lang='grc' dir='ltr'>τοῦ</span> <span class='ocrx_word' id='word_1_459' title='bbox 1596 1076 1761 1111; x_wconf 81' lang='grc' dir='ltr'><strong>δηλητηρίου</strong></span> <span class='ocrx_word' id='word_1_460' title='bbox 1786 1075 1892 1110; x_wconf 76' lang='grc' dir='ltr'>βλάϐην</span> 
     </span>
    </p>
   </div>
   <div class='ocr_carea' id='block_1_67' title="bbox 1101 1121 1892 1157">
    <p class='ocr_par' dir='ltr' id='par_1_67' title="bbox 1101 1121 1892 1157">
     <span class='ocr_line' id='line_1_67' title="bbox 1101 1121 1892 1157; baseline 0.001 -10"><span class='ocrx_word' id='word_1_461' title='bbox 1101 1121 1354 1156; x_wconf 83' lang='grc' dir='ltr'>ἀποδιδράσκοντες,</span> <span class='ocrx_word' id='word_1_462' title='bbox 1379 1122 1502 1154; x_wconf 79' lang='grc' dir='ltr'>Λεπτους</span> <span class='ocrx_word' id='word_1_463' title='bbox 1515 1123 1569 1156; x_wconf 76' lang='grc' dir='ltr'><strong>γὰρ</strong></span> <span class='ocrx_word' id='word_1_464' title='bbox 1583 1122 1689 1157; x_wconf 78' lang='grc' dir='ltr'>ἔχοντες</span> <span class='ocrx_word' id='word_1_465' title='bbox 1703 1123 1765 1153; x_wconf 77' lang='grc' dir='ltr'>τοὺς</span> <span class='ocrx_word' id='word_1_466' title='bbox 1781 1122 1826 1148; x_wconf 81' lang='grc' dir='ltr'><strong>ὲπὶ</strong></span> <span class='ocrx_word' id='word_1_467' title='bbox 1840 1122 1892 1157; x_wconf 80' lang='grc' dir='ltr'><strong>τὴν</strong></span> 
     </span>
    </p>
   </div>
   <div class='ocr_carea' id='block_1_68' title="bbox 1101 1167 1892 1203">
    <p class='ocr_par' dir='ltr' id='par_1_68' title="bbox 1101 1167 1892 1203">
     <span class='ocr_line' id='line_1_68' title="bbox 1101 1167 1892 1203; baseline 0.001 -10"><span class='ocrx_word' id='word_1_468' title='bbox 1101 1167 1216 1202; x_wconf 76' lang='grc' dir='ltr'>καρδίαν</span> <span class='ocrx_word' id='word_1_469' title='bbox 1233 1168 1353 1203; x_wconf 79' lang='grc' dir='ltr'><strong>πόρους,</strong></span> <span class='ocrx_word' id='word_1_470' title='bbox 1372 1168 1521 1202; x_wconf 79' lang='grc' dir='ltr'>φθάνουσιν</span> <span class='ocrx_word' id='word_1_471' title='bbox 1541 1168 1747 1202; x_wconf 76' lang='grc' dir='ltr'><strong>ἐκπέμψασθαι.</strong></span> <span class='ocrx_word' id='word_1_472' title='bbox 1766 1167 1892 1194; x_wconf 67' lang='grc' dir='ltr'><strong>Ἐλλέῦο⁴</strong></span> 
     </span>
    </p>
   </div>
   <div class='ocr_carea' id='block_1_69' title="bbox 1103 1212 1892 1248">
    <p class='ocr_par' dir='ltr' id='par_1_69' title="bbox 1103 1212 1892 1248">
     <span class='ocr_line' id='line_1_69' title="bbox 1103 1212 1892 1248; baseline 0 -10"><span class='ocrx_word' id='word_1_473' title='bbox 1103 1221 1150 1247; x_wconf 85' lang='grc' dir='ltr'><strong>ρος</strong></span> <span class='ocrx_word' id='word_1_474' title='bbox 1166 1212 1194 1238; x_wconf 78' lang='grc' dir='ltr'><strong>δὲ</strong></span> <span class='ocrx_word' id='word_1_475' title='bbox 1208 1212 1332 1247; x_wconf 74' lang='grc' dir='ltr'>ὀρτύγιον</span> <span class='ocrx_word' id='word_1_476' title='bbox 1357 1213 1416 1240; x_wconf 70' lang='grc' dir='ltr'>ἐστὶ</span> <span class='ocrx_word' id='word_1_477' title='bbox 1439 1212 1537 1248; x_wconf 82' lang='grc' dir='ltr'>τροφὴ,</span> <span class='ocrx_word' id='word_1_478' title='bbox 1563 1213 1675 1248; x_wconf 85' lang='grc' dir='ltr'>ἰδιότητι</span> <span class='ocrx_word' id='word_1_479' title='bbox 1702 1213 1827 1248; x_wconf 83' lang='grc' dir='ltr'>κράσεως</span> <span class='ocrx_word' id='word_1_480' title='bbox 1839 1213 1892 1247; x_wconf 77' lang='grc' dir='ltr'><strong>τὴν</strong></span> 
     </span>
    </p>
   </div>
   <div class='ocr_carea' id='block_1_70' title="bbox 1103 1259 1893 1295">
    <p class='ocr_par' dir='ltr' id='par_1_70' title="bbox 1103 1259 1893 1295">
     <span class='ocr_line' id='line_1_70' title="bbox 1103 1259 1893 1295; baseline 0.004 -11"><span class='ocrx_word' id='word_1_481' title='bbox 1103 1259 1205 1294; x_wconf 81' lang='grc' dir='ltr'>βλάϐην</span> <span class='ocrx_word' id='word_1_482' title='bbox 1217 1259 1435 1293; x_wconf 69' lang='grc' dir='ltr'>ἀποφευγόντων.</span> <span class='ocrx_word' id='word_1_483' title='bbox 1450 1260 1529 1286; x_wconf 79' lang='grc' dir='ltr'>Ἔστι</span> <span class='ocrx_word' id='word_1_484' title='bbox 1539 1260 1567 1287; x_wconf 83' lang='grc' dir='ltr'>δὲ</span> <span class='ocrx_word' id='word_1_485' title='bbox 1582 1260 1652 1287; x_wconf 74' lang='grc' dir='ltr'>αὐτὰ</span> <span class='ocrx_word' id='word_1_486' title='bbox 1665 1260 1750 1287; x_wconf 81' lang='grc' dir='ltr'>ταῦτα</span> <span class='ocrx_word' id='word_1_487' title='bbox 1761 1261 1789 1287; x_wconf 81' lang='grc' dir='ltr'>ἐν</span> <span class='ocrx_word' id='word_1_488' title='bbox 1802 1259 1893 1295; x_wconf 81' lang='grc' dir='ltr'>καιρῷ</span> 
     </span>
    </p>
   </div>
   <div class='ocr_carea' id='block_1_71' title="bbox 1103 1306 1458 1342">
    <p class='ocr_par' dir='ltr' id='par_1_71' title="bbox 1103 1306 1458 1342">
     <span class='ocr_line' id='line_1_71' title="bbox 1103 1306 1458 1342; baseline 0.006 -11"><span class='ocrx_word' id='word_1_489' title='bbox 1103 1313 1168 1332; x_wconf 82' lang='grc' dir='ltr'>ποτε</span> <span class='ocrx_word' id='word_1_490' title='bbox 1183 1306 1231 1333; x_wconf 71' lang='grc' dir='ltr'>καὶ</span> <span class='ocrx_word' id='word_1_491' title='bbox 1245 1306 1309 1340; x_wconf 79' lang='grc' dir='ltr'>ἡμῖν</span> <span class='ocrx_word' id='word_1_492' title='bbox 1326 1306 1458 1342; x_wconf 85' lang='grc' dir='ltr'>χρήσιμα.</span> 
     </span>
    </p>
   </div>
   <div class='ocr_carea' id='block_1_72' title="bbox 1141 1438 1894 1475">
    <p class='ocr_par' dir='ltr' id='par_1_72' title="bbox 1141 1438 1894 1475">
     <span class='ocr_line' id='line_1_72' title="bbox 1141 1438 1894 1475; baseline 0.001 -11"><span class='ocrx_word' id='word_1_493' title='bbox 1141 1438 1251 1472; x_wconf 82' lang='grc' dir='ltr'>Ἔχιδνα</span> <span class='ocrx_word' id='word_1_494' title='bbox 1267 1439 1297 1464; x_wconf 78' lang='grc' dir='ltr'><strong>τὸ</strong></span> <span class='ocrx_word' id='word_1_495' title='bbox 1307 1438 1500 1473; x_wconf 85' lang='grc' dir='ltr'>χαλεπώτατον</span> <span class='ocrx_word' id='word_1_496' title='bbox 1516 1439 1570 1466; x_wconf 82' lang='grc' dir='ltr'><strong>τῶν</strong></span> <span class='ocrx_word' id='word_1_497' title='bbox 1585 1440 1707 1475; x_wconf 82' lang='grc' dir='ltr'>ἑρπετῶν</span> <span class='ocrx_word' id='word_1_498' title='bbox 1722 1439 1788 1474; x_wconf 69' lang='grc' dir='ltr'>πρὸς</span> <span class='ocrx_word' id='word_1_499' title='bbox 1802 1439 1894 1474; x_wconf 77' lang='grc' dir='ltr'>γάμον</span> 
     </span>
    </p>
   </div>
   <div class='ocr_carea' id='block_1_73' title="bbox 1103 1483 1895 1520">
    <p class='ocr_par' dir='ltr' id='par_1_73' title="bbox 1103 1483 1895 1520">
     <span class='ocr_line' id='line_1_73' title="bbox 1103 1483 1895 1520; baseline 0.003 -11"><span class='ocrx_word' id='word_1_500' title='bbox 1103 1483 1210 1520; x_wconf 77' lang='grc' dir='ltr'>ἀπαντᾷ</span> <span class='ocrx_word' id='word_1_501' title='bbox 1226 1485 1275 1519; x_wconf 84' lang='grc' dir='ltr'>τῆς</span> <span class='ocrx_word' id='word_1_502' title='bbox 1292 1484 1442 1516; x_wconf 82' lang='grc' dir='ltr'>θαλασσίας</span> <span class='ocrx_word' id='word_1_503' title='bbox 1467 1485 1612 1520; x_wconf 84' lang='grc' dir='ltr'>μυραίνης,</span> <span class='ocrx_word' id='word_1_504' title='bbox 1633 1486 1681 1512; x_wconf 72' lang='grc' dir='ltr'>καὶ</span> <span class='ocrx_word' id='word_1_505' title='bbox 1701 1485 1828 1520; x_wconf 76' lang='grc' dir='ltr'>συριγμῷ</span> <span class='ocrx_word' id='word_1_506' title='bbox 1841 1487 1895 1519; x_wconf 77' lang='grc' dir='ltr'>τὴν</span> 
     </span>
    </p>
   </div>
   <div class='ocr_carea' id='block_1_74' title="bbox 1104 1520 1894 1577">
    <p class='ocr_par' dir='ltr' id='par_1_74' title="bbox 1104 1520 1894 1577">
     <span class='ocr_line' id='line_1_74' title="bbox 1104 1520 1894 1577; baseline 0.003 -22"><span class='ocrx_word' id='word_1_507' title='bbox 1104 1530 1256 1564; x_wconf 77' lang='grc' dir='ltr'>παρουσίαν</span> <span class='ocrx_word' id='word_1_508' title='bbox 1272 1520 1601 1577; x_wconf 57' lang='grc' dir='ltr'>σημήνασα,[ἒκκαλεῖται</span> <span class='ocrx_word' id='word_1_509' title='bbox 1624 1531 1709 1566; x_wconf 79' lang='grc' dir='ltr'>αὐτὴν</span> <span class='ocrx_word' id='word_1_510' title='bbox 1726 1532 1757 1558; x_wconf 81' lang='grc' dir='ltr'>ὲκ</span> <span class='ocrx_word' id='word_1_511' title='bbox 1768 1531 1822 1558; x_wconf 80' lang='grc' dir='ltr'><strong>τῶν</strong></span> <span class='ocrx_word' id='word_1_512' title='bbox 1842 1531 1894 1566; x_wconf 80' lang='grc' dir='ltr'><strong>βυ-</strong></span> 
     </span>
    </p>
   </div>
   <div class='ocr_carea' id='block_1_75' title="bbox 1104 1575 1897 1612">
    <p class='ocr_par' dir='ltr' id='par_1_75' title="bbox 1104 1575 1897 1612">
     <span class='ocr_line' id='line_1_75' title="bbox 1104 1575 1897 1612; baseline 0.004 -11"><span class='ocrx_word' id='word_1_513' title='bbox 1104 1575 1157 1601; x_wconf 83' lang='grc' dir='ltr'>θῶν</span> <span class='ocrx_word' id='word_1_514' title='bbox 1172 1575 1240 1610; x_wconf 71' lang='grc' dir='ltr'>προς</span> <span class='ocrx_word' id='word_1_515' title='bbox 1256 1577 1379 1611; x_wconf 74' lang='grc' dir='ltr'>γαμικὴν</span> <span class='ocrx_word' id='word_1_516' title='bbox 1400 1575 1571 1612; x_wconf 71' lang='grc' dir='ltr'>σιίμπλοκήν.</span> <span class='ocrx_word' id='word_1_517' title='bbox 1593 1577 1624 1604; x_wconf 84' lang='grc' dir='ltr'><strong><em>Ἡ</em></strong></span> <span class='ocrx_word' id='word_1_518' title='bbox 1639 1577 1667 1604; x_wconf 80' lang='grc' dir='ltr'>δὲ</span> <span class='ocrx_word' id='word_1_519' title='bbox 1680 1577 1824 1609; x_wconf 79' lang='grc' dir='ltr'>ὑπακούει,</span> <span class='ocrx_word' id='word_1_520' title='bbox 1846 1577 1897 1604; x_wconf 86' lang='grc' dir='ltr'>καὶ</span> 
     </span>
    </p>
   </div>
   <div class='ocr_carea' id='block_1_76' title="bbox 1103 1621 1386 1657">
    <p class='ocr_par' dir='ltr' id='par_1_76' title="bbox 1103 1621 1386 1657">
     <span class='ocr_line' id='line_1_76' title="bbox 1103 1621 1386 1657; baseline 0.007 -10"><span class='ocrx_word' id='word_1_521' title='bbox 1103 1621 1212 1648; x_wconf 77' lang='grc' dir='ltr'>ἑνοῦται</span> <span class='ocrx_word' id='word_1_522' title='bbox 1225 1621 1264 1657; x_wconf 80' lang='grc' dir='ltr'>τῷ</span> <span class='ocrx_word' id='word_1_523' title='bbox 1282 1622 1386 1657; x_wconf 78' lang='grc' dir='ltr'>ἰοὸόλῳ.</span> 
     </span>
    </p>
   </div>
   <div class='ocr_carea' id='block_1_77' title="bbox 1141 1709 1896 1745">
    <p class='ocr_par' dir='ltr' id='par_1_77' title="bbox 1141 1709 1896 1745">
     <span class='ocr_line' id='line_1_77' title="bbox 1141 1709 1896 1745; baseline 0.003 -10"><span class='ocrx_word' id='word_1_524' title='bbox 1141 1709 1219 1740; x_wconf 78' lang='grc' dir='ltr'>Τινὲς</span> <span class='ocrx_word' id='word_1_525' title='bbox 1227 1710 1426 1744; x_wconf 72' lang='grc' dir='ltr'>ἀποδημητικοὶ</span> <span class='ocrx_word' id='word_1_526' title='bbox 1435 1709 1490 1736; x_wconf 83' lang='grc' dir='ltr'>τῶν</span> <span class='ocrx_word' id='word_1_527' title='bbox 1506 1709 1616 1744; x_wconf 86' lang='grc' dir='ltr'>ἰχθύων,</span> <span class='ocrx_word' id='word_1_528' title='bbox 1633 1710 1708 1737; x_wconf 81' lang='grc' dir='ltr'>ὥσπε</span> <span class='ocrx_word' id='word_1_529' title='bbox 1713 1718 1728 1745; x_wconf 85' lang='grc' dir='ltr'><strong>ρ</strong></span> <span class='ocrx_word' id='word_1_530' title='bbox 1738 1710 1792 1737; x_wconf 64' lang='grc' dir='ltr'><strong>ἀπὸ</strong></span> <span class='ocrx_word' id='word_1_531' title='bbox 1803 1712 1896 1738; x_wconf 78' lang='grc' dir='ltr'>κοινοῦ</span> 
     </span>
    </p>
   </div>
   <div class='ocr_carea' id='block_1_78' title="bbox 1106 1754 1896 1792">
    <p class='ocr_par' dir='ltr' id='par_1_78' title="bbox 1106 1754 1896 1792">
     <span class='ocr_line' id='line_1_78' title="bbox 1106 1754 1896 1792; baseline 0.001 -11"><span class='ocrx_word' id='word_1_532' title='bbox 1106 1754 1298 1790; x_wconf 73' lang='grc' dir='ltr'>βουλευτηρίου</span> <span class='ocrx_word' id='word_1_533' title='bbox 1316 1755 1384 1790; x_wconf 78' lang='grc' dir='ltr'>πρὸς</span> <span class='ocrx_word' id='word_1_534' title='bbox 1407 1756 1455 1791; x_wconf 83' lang='grc' dir='ltr'>τὴν</span> <span class='ocrx_word' id='word_1_535' title='bbox 1480 1756 1629 1792; x_wconf 82' lang='grc' dir='ltr'>ὑπερορίαν</span> <span class='ocrx_word' id='word_1_536' title='bbox 1653 1756 1834 1791; x_wconf 80' lang='grc' dir='ltr'>στελλόμενοι,</span> <span class='ocrx_word' id='word_1_537' title='bbox 1849 1757 1896 1791; x_wconf 70' lang='grc' dir='ltr'><strong>ὑφ’</strong></span> 
     </span>
    </p>
   </div>
   <div class='ocr_carea' id='block_1_79' title="bbox 1105 1801 1896 1837">
    <p class='ocr_par' dir='ltr' id='par_1_79' title="bbox 1105 1801 1896 1837">
     <span class='ocr_line' id='line_1_79' title="bbox 1105 1801 1896 1837; baseline 0.003 -10"><span class='ocrx_word' id='word_1_538' title='bbox 1105 1802 1145 1827; x_wconf 69' lang='grc' dir='ltr'><strong>ἑνὶ</strong></span> <span class='ocrx_word' id='word_1_539' title='bbox 1155 1801 1307 1836; x_wconf 76' lang='grc' dir='ltr'>συνθήματι</span> <span class='ocrx_word' id='word_1_540' title='bbox 1319 1801 1418 1833; x_wconf 78' lang='grc' dir='ltr'>πάντες</span> <span class='ocrx_word' id='word_1_541' title='bbox 1432 1802 1607 1837; x_wconf 83' lang='grc' dir='ltr'>ἀπαίρουσιν.</span> <span class='ocrx_word' id='word_1_542' title='bbox 1631 1803 1757 1829; x_wconf 75' lang='grc' dir='ltr'>Ἐπειδὰν</span> <span class='ocrx_word' id='word_1_543' title='bbox 1769 1803 1782 1829; x_wconf 79' lang='grc' dir='ltr'>ὁ</span> <span class='ocrx_word' id='word_1_544' title='bbox 1798 1812 1896 1837; x_wconf 84' lang='grc' dir='ltr'>τεταγ-</span> 
     </span>
    </p>
   </div>
   <div class='ocr_carea' id='block_1_80' title="bbox 1108 1847 1894 1882">
    <p class='ocr_par' dir='ltr' id='par_1_80' title="bbox 1108 1847 1894 1882">
     <span class='ocr_line' id='line_1_80' title="bbox 1108 1847 1894 1882; baseline 0.001 -9"><span class='ocrx_word' id='word_1_545' title='bbox 1108 1847 1188 1882; x_wconf 82' lang='grc' dir='ltr'>μένος</span> <span class='ocrx_word' id='word_1_546' title='bbox 1203 1847 1297 1882; x_wconf 79' lang='grc' dir='ltr'>καιρὸς</span> <span class='ocrx_word' id='word_1_547' title='bbox 1308 1847 1357 1882; x_wconf 83' lang='grc' dir='ltr'>τῆς</span> <span class='ocrx_word' id='word_1_548' title='bbox 1368 1848 1492 1882; x_wconf 82' lang='grc' dir='ltr'><strong>κυήσεως</strong></span> <span class='ocrx_word' id='word_1_549' title='bbox 1507 1848 1750 1880; x_wconf 75' lang='grc' dir='ltr'>καταλάϐοι,ᾶλλοι</span> <span class='ocrx_word' id='word_1_550' title='bbox 1761 1849 1894 1882; x_wconf 83' lang='grc' dir='ltr'>αἰγιαλῶν</span> 
     </span>
    </p>
   </div>
   <div class='ocr_carea' id='block_1_81' title="bbox 1106 1892 1894 1929">
    <p class='ocr_par' dir='ltr' id='par_1_81' title="bbox 1106 1892 1894 1929">
     <span class='ocr_line' id='line_1_81' title="bbox 1106 1892 1894 1929; baseline 0.004 -11"><span class='ocrx_word' id='word_1_551' title='bbox 1106 1892 1214 1918; x_wconf 83' lang='grc' dir='ltr'>κόλπων</span> <span class='ocrx_word' id='word_1_552' title='bbox 1236 1893 1419 1927; x_wconf 81' lang='grc' dir='ltr'>μεταστάντες</span> <span class='ocrx_word' id='word_1_553' title='bbox 1431 1913 1439 1925; x_wconf 89' lang='grc'><strong>,</strong></span> <span class='ocrx_word' id='word_1_554' title='bbox 1466 1893 1506 1928; x_wconf 80' lang='grc' dir='ltr'><strong>τῷ</strong></span> <span class='ocrx_word' id='word_1_555' title='bbox 1530 1894 1612 1929; x_wconf 88' lang='grc' dir='ltr'>κοινῷ</span> <span class='ocrx_word' id='word_1_556' title='bbox 1627 1894 1677 1929; x_wconf 79' lang='grc' dir='ltr'>τῆς</span> <span class='ocrx_word' id='word_1_557' title='bbox 1695 1894 1804 1929; x_wconf 82' lang='grc' dir='ltr'>φύσεως</span> <span class='ocrx_word' id='word_1_558' title='bbox 1818 1895 1894 1929; x_wconf 78' lang='grc' dir='ltr'>νόμῳ</span> 
     </span>
    </p>
   </div>
   <div class='ocr_carea' id='block_1_82' title="bbox 1106 1937 1892 1974">
    <p class='ocr_par' dir='ltr' id='par_1_82' title="bbox 1106 1937 1892 1974">
     <span class='ocr_line' id='line_1_82' title="bbox 1106 1937 1892 1974; baseline 0.003 -11"><span class='ocrx_word' id='word_1_559' title='bbox 1106 1937 1290 1972; x_wconf 80' lang='grc' dir='ltr'>διεγερθέντες</span> <span class='ocrx_word' id='word_1_560' title='bbox 1307 1939 1352 1965; x_wconf 77' lang='grc' dir='ltr'>ὲπί</span> <span class='ocrx_word' id='word_1_561' title='bbox 1365 1937 1414 1973; x_wconf 85' lang='grc' dir='ltr'>τὴν</span> <span class='ocrx_word' id='word_1_562' title='bbox 1431 1939 1556 1974; x_wconf 84' lang='grc' dir='ltr'>βορεινὴν</span> <span class='ocrx_word' id='word_1_563' title='bbox 1570 1939 1726 1973; x_wconf 81' lang='grc' dir='ltr'>ἐπείγονται</span> <span class='ocrx_word' id='word_1_564' title='bbox 1741 1939 1892 1966; x_wconf 84' lang='grc' dir='ltr'>θάλασσαν.</span> 
     </span>
    </p>
   </div>
   <div class='ocr_carea' id='block_1_83' title="bbox 1107 1984 1894 2021">
    <p class='ocr_par' dir='ltr' id='par_1_83' title="bbox 1107 1984 1894 2021">
     <span class='ocr_line' id='line_1_83' title="bbox 1107 1984 1894 2021; baseline 0.004 -12"><span class='ocrx_word' id='word_1_565' title='bbox 1107 1984 1160 2010; x_wconf 74' lang='grc' dir='ltr'>Καὶ</span> <span class='ocrx_word' id='word_1_566' title='bbox 1185 1984 1248 2015; x_wconf 82' lang='grc' dir='ltr'>ἴδοις</span> <span class='ocrx_word' id='word_1_567' title='bbox 1270 1984 1302 2011; x_wconf 83' lang='grc' dir='ltr'>ἂν</span> <span class='ocrx_word' id='word_1_568' title='bbox 1317 1985 1387 2011; x_wconf 76' lang='grc' dir='ltr'>κατὰ</span> <span class='ocrx_word' id='word_1_569' title='bbox 1409 1985 1454 2011; x_wconf 76' lang='grc' dir='ltr'>τὸν</span> <span class='ocrx_word' id='word_1_570' title='bbox 1468 1986 1563 2021; x_wconf 78' lang='grc' dir='ltr'>καιρὸν</span> <span class='ocrx_word' id='word_1_571' title='bbox 1577 1986 1627 2021; x_wconf 85' lang='grc' dir='ltr'>τῆς</span> <span class='ocrx_word' id='word_1_572' title='bbox 1641 1986 1746 2019; x_wconf 74' lang='grc' dir='ltr'>ἀνόδου,</span> <span class='ocrx_word' id='word_1_573' title='bbox 1760 1986 1855 2021; x_wconf 82' lang='grc' dir='ltr'>ὥσπερ</span> <span class='ocrx_word' id='word_1_574' title='bbox 1866 1994 1894 2013; x_wconf 85' lang='grc' dir='ltr'><strong>τι</strong></span> 
     </span>
    </p>
   </div>
   <div class='ocr_carea' id='block_1_84' title="bbox 1107 2028 1893 2067">
    <p class='ocr_par' dir='ltr' id='par_1_84' title="bbox 1107 2028 1893 2067">
     <span class='ocr_line' id='line_1_84' title="bbox 1107 2028 1893 2067; baseline 0.006 -13"><span class='ocrx_word' id='word_1_575' title='bbox 1107 2028 1205 2063; x_wconf 77' lang='grc' dir='ltr'>ῥεῦμα,</span> <span class='ocrx_word' id='word_1_576' title='bbox 1228 2030 1290 2060; x_wconf 77' lang='grc' dir='ltr'>τοὺς</span> <span class='ocrx_word' id='word_1_577' title='bbox 1306 2030 1400 2064; x_wconf 81' lang='grc' dir='ltr'>ἰχθύας</span> <span class='ocrx_word' id='word_1_578' title='bbox 1417 2031 1584 2066; x_wconf 83' lang='grc' dir='ltr'>ἡνωμένους,</span> <span class='ocrx_word' id='word_1_579' title='bbox 1601 2032 1648 2058; x_wconf 79' lang='grc' dir='ltr'>καὶ</span> <span class='ocrx_word' id='word_1_580' title='bbox 1664 2033 1695 2058; x_wconf 79' lang='grc' dir='ltr'>ὲκ</span> <span class='ocrx_word' id='word_1_581' title='bbox 1706 2032 1755 2066; x_wconf 78' lang='grc' dir='ltr'>τῆς</span> <span class='ocrx_word' id='word_1_582' title='bbox 1772 2032 1893 2067; x_wconf 77' lang='grc' dir='ltr'>Προπον-</span> 
     </span>
    </p>
   </div>
   <div class='ocr_carea' id='block_1_85' title="bbox 1105 2075 1892 2112">
    <p class='ocr_par' dir='ltr' id='par_1_85' title="bbox 1105 2075 1892 2112">
     <span class='ocr_line' id='line_1_85' title="bbox 1105 2075 1892 2112; baseline 0.004 -11"><span class='ocrx_word' id='word_1_583' title='bbox 1105 2075 1176 2106; x_wconf 84' lang='grc' dir='ltr'>τίδος</span> <span class='ocrx_word' id='word_1_584' title='bbox 1190 2076 1236 2102; x_wconf 74' lang='grc' dir='ltr'><strong>ἐπὶ</strong></span> <span class='ocrx_word' id='word_1_585' title='bbox 1249 2077 1293 2102; x_wconf 87' lang='grc' dir='ltr'><strong>τὸν</strong></span> <span class='ocrx_word' id='word_1_586' title='bbox 1308 2076 1433 2109; x_wconf 74' lang='grc' dir='ltr'>Εῠξεινον</span> <span class='ocrx_word' id='word_1_587' title='bbox 1453 2078 1574 2112; x_wconf 73' lang='grc' dir='ltr'>ῥέοντας.</span> <span class='ocrx_word' id='word_1_588' title='bbox 1599 2077 1647 2108; x_wconf 83' lang='grc' dir='ltr'><strong>Τίς</strong></span> <span class='ocrx_word' id='word_1_589' title='bbox 1664 2078 1678 2103; x_wconf 85' lang='grc' dir='ltr'><strong>ό</strong></span> <span class='ocrx_word' id='word_1_590' title='bbox 1698 2078 1793 2111; x_wconf 87' lang='grc' dir='ltr'>κινῶν;</span> <span class='ocrx_word' id='word_1_591' title='bbox 1818 2079 1892 2104; x_wconf 76' lang='grc' dir='ltr'>ποῖον</span> 
     </span>
    </p>
   </div>
   <div class='ocr_carea' id='block_1_86' title="bbox 1107 2121 1892 2159">
    <p class='ocr_par' dir='ltr' id='par_1_86' title="bbox 1107 2121 1892 2159">
     <span class='ocr_line' id='line_1_86' title="bbox 1107 2121 1892 2159; baseline 0.005 -13"><span class='ocrx_word' id='word_1_592' title='bbox 1107 2121 1269 2156; x_wconf 78' lang='grc' dir='ltr'>πρόσταγμα</span> <span class='ocrx_word' id='word_1_593' title='bbox 1286 2121 1432 2156; x_wconf 74' lang='grc' dir='ltr'>βασιλέωςς</span> <span class='ocrx_word' id='word_1_594' title='bbox 1449 2124 1512 2149; x_wconf 84' lang='grc' dir='ltr'>ποῖα</span> <span class='ocrx_word' id='word_1_595' title='bbox 1524 2122 1697 2158; x_wconf 83' lang='grc' dir='ltr'>διατάγματα</span> <span class='ocrx_word' id='word_1_596' title='bbox 1715 2125 1774 2150; x_wconf 79' lang='grc' dir='ltr'>κατ’</span> <span class='ocrx_word' id='word_1_597' title='bbox 1790 2125 1892 2159; x_wconf 65' lang='grc' dir='ltr'>ἀγοράν</span> 
     </span>
    </p>
   </div>
   <div class='ocr_carea' id='block_1_87' title="bbox 270 2167 1051 2216">
    <p class='ocr_par' dir='ltr' id='par_1_87' title="bbox 270 2167 1051 2211">
     <span class='ocr_line' id='line_1_87' title="bbox 270 2167 1051 2211; baseline -0.019 -4"><span class='ocrx_word' id='word_1_598' title='bbox 270 2167 384 2207; x_wconf 68' lang='lat' dir='ltr'><strong>datum?</strong></span> <span class='ocrx_word' id='word_1_599' title='bbox 405 2182 532 2211; x_wconf 69' lang='lat' dir='ltr'><strong>quasnam</strong></span> <span class='ocrx_word' id='word_1_600' title='bbox 558 2174 647 2201; x_wconf 83' lang='lat' dir='ltr'><strong>edicta</strong></span> <span class='ocrx_word' id='word_1_601' title='bbox 660 2172 686 2199; x_wconf 93' lang='lat' dir='ltr'><strong>in</strong></span> <span class='ocrx_word' id='word_1_602' title='bbox 712 2171 770 2197; x_wconf 81' lang='lat' dir='ltr'><strong>loro</strong></span> <span class='ocrx_word' id='word_1_603' title='bbox 781 2176 901 2203; x_wconf 72' lang='lat' dir='ltr'><strong>expansa</strong></span> <span class='ocrx_word' id='word_1_604' title='bbox 918 2167 1051 2203; x_wconf 69' lang='lat' dir='ltr'><strong>prmstitu-</strong></span> 
     </span>
    </p>
   </div>
   <div class='ocr_carea' id='block_1_88' title="bbox 1102 2167 1893 2216">
    <p class='ocr_par' dir='ltr' id='par_1_88' title="bbox 1106 2167 1893 2216">
     <span class='ocr_line' id='line_1_88' title="bbox 1106 2167 1893 2216; baseline 0.005 -24"><span class='ocrx_word' id='word_1_605' title='bbox 1106 2167 1256 2216; x_wconf 61' lang='grc' dir='ltr'>ηπλωμένα</span> <span class='ocrx_word' id='word_1_606' title='bbox 1278 2167 1369 2216; x_wconf 69' lang='grc' dir='ltr'>δηλοῖς</span> <span class='ocrx_word' id='word_1_607' title='bbox 1397 2169 1421 2194; x_wconf 87' lang='grc' dir='ltr'><strong>οἰ</strong></span> <span class='ocrx_word' id='word_1_608' title='bbox 1445 2167 1621 2202; x_wconf 78' lang='grc' dir='ltr'>ξεναγοῦντες</span> <span class='ocrx_word' id='word_1_609' title='bbox 1642 2169 1732 2203; x_wconf 75' lang='grc' dir='ltr'>τίνες;</span> <span class='ocrx_word' id='word_1_610' title='bbox 1757 2170 1822 2205; x_wconf 81' lang='grc' dir='ltr'>ὁρᾷς</span> <span class='ocrx_word' id='word_1_611' title='bbox 1843 2171 1893 2205; x_wconf 76' lang='grc' dir='ltr'>τὴν</span> 
     </span>
    </p>
   </div>
   <div class='ocr_carea' id='block_1_89' title="bbox 271 2211 1055 2256">
    <p class='ocr_par' dir='ltr' id='par_1_89' title="bbox 271 2211 1055 2256">
     <span class='ocr_line' id='line_1_89' title="bbox 271 2211 1055 2256; baseline -0.018 -4"><span class='ocrx_word' id='word_1_612' title='bbox 271 2232 327 2252; x_wconf 90' lang='lat' dir='ltr'><strong>tum</strong></span> <span class='ocrx_word' id='word_1_613' title='bbox 349 2228 456 2256; x_wconf 88' lang='lat' dir='ltr'><strong>tempus</strong></span> <span class='ocrx_word' id='word_1_614' title='bbox 473 2217 646 2254; x_wconf 77' lang='lat' dir='ltr'><strong>signiﬁcant?</strong></span> <span class='ocrx_word' id='word_1_615' title='bbox 661 2217 774 2251; x_wconf 88' lang='lat' dir='ltr'><strong>quinam</strong></span> <span class='ocrx_word' id='word_1_616' title='bbox 796 2214 863 2249; x_wconf 86' lang='lat' dir='ltr'><strong>ipsis</strong></span> <span class='ocrx_word' id='word_1_617' title='bbox 880 2218 945 2240; x_wconf 87' lang='lat' dir='ltr'><strong>sunt</strong></span> <span class='ocrx_word' id='word_1_618' title='bbox 970 2211 1055 2239; x_wconf 73' lang='lat' dir='ltr'><strong>duces</strong></span> 
     </span>
    </p>
   </div>
   <div class='ocr_carea' id='block_1_90' title="bbox 271 2258 1056 2299">
    <p class='ocr_par' dir='ltr' id='par_1_90' title="bbox 271 2258 1056 2299">
     <span class='ocr_line' id='line_1_90' title="bbox 271 2258 1056 2299; baseline -0.018 -1"><span class='ocrx_word' id='word_1_619' title='bbox 271 2268 394 2298; x_wconf 82' lang='lat' dir='ltr'><strong>itineris?</strong></span> <span class='ocrx_word' id='word_1_620' title='bbox 407 2266 526 2294; x_wconf 80' lang='lat' dir='ltr'><strong>Videsne</strong></span> <span class='ocrx_word' id='word_1_621' title='bbox 541 2262 770 2299; x_wconf 82' lang='lat' dir='ltr'><strong>quemadmodum</strong></span> <span class='ocrx_word' id='word_1_622' title='bbox 787 2259 878 2288; x_wconf 75' lang='lat' dir='ltr'><strong>diriua</strong></span> <span class='ocrx_word' id='word_1_623' title='bbox 895 2258 1056 2286; x_wconf 80' lang='lat' dir='ltr'><strong>constitutio</strong></span> 
     </span>
    </p>
   </div>
   <div class='ocr_carea' id='block_1_91' title="bbox 270 2307 1056 2348">
    <p class='ocr_par' dir='ltr' id='par_1_91' title="bbox 270 2307 1056 2348">
     <span class='ocr_line' id='line_1_91' title="bbox 270 2307 1056 2348; baseline -0.015 -4"><span class='ocrx_word' id='word_1_624' title='bbox 270 2317 359 2344; x_wconf 82' lang='lat' dir='ltr'><strong>munia</strong></span> <span class='ocrx_word' id='word_1_625' title='bbox 386 2313 510 2348; x_wconf 81' lang='lat' dir='ltr'><strong>impleat,</strong></span> <span class='ocrx_word' id='word_1_626' title='bbox 537 2316 563 2338; x_wconf 81' lang='lat' dir='ltr'><strong>et</strong></span> <span class='ocrx_word' id='word_1_627' title='bbox 580 2311 621 2338; x_wconf 83' lang='lat' dir='ltr'><strong>vel</strong></span> <span class='ocrx_word' id='word_1_628' title='bbox 651 2317 738 2344; x_wconf 84' lang='lat' dir='ltr'><strong>usque</strong></span> <span class='ocrx_word' id='word_1_629' title='bbox 764 2308 797 2335; x_wconf 88' lang='lat' dir='ltr'><strong>ad</strong></span> <span class='ocrx_word' id='word_1_630' title='bbox 814 2307 925 2335; x_wconf 86' lang='lat' dir='ltr'><strong>minima</strong></span> <span class='ocrx_word' id='word_1_631' title='bbox 941 2314 1056 2342; x_wconf 61' lang='lat' dir='ltr'><strong>qumque</strong></span> 
     </span>
    </p>
   </div>
   <div class='ocr_carea' id='block_1_92' title="bbox 271 2354 1056 2399">
    <p class='ocr_par' dir='ltr' id='par_1_92' title="bbox 271 2354 1056 2399">
     <span class='ocr_line' id='line_1_92' title="bbox 271 2354 1056 2399; baseline -0.017 -8"><span class='ocrx_word' id='word_1_632' title='bbox 271 2361 425 2399; x_wconf 84' lang='lat' dir='ltr'><strong>pertineat?</strong></span> <span class='ocrx_word' id='word_1_633' title='bbox 451 2359 537 2387; x_wconf 85' lang='lat' dir='ltr'><strong>Piscis</strong></span> <span class='ocrx_word' id='word_1_634' title='bbox 563 2357 613 2392; x_wconf 76' lang='lat' dir='ltr'><strong>legi</strong></span> <span class='ocrx_word' id='word_1_635' title='bbox 631 2356 677 2383; x_wconf 88' lang='lat' dir='ltr'><strong>Dei</strong></span> <span class='ocrx_word' id='word_1_636' title='bbox 708 2362 762 2382; x_wconf 88' lang='lat' dir='ltr'><strong>non</strong></span> <span class='ocrx_word' id='word_1_637' title='bbox 779 2354 949 2386; x_wconf 85' lang='lat' dir='ltr'><strong>reluctatur;</strong></span> <span class='ocrx_word' id='word_1_638' title='bbox 968 2357 995 2380; x_wconf 91' lang='lat' dir='ltr'><strong>et</strong></span> <span class='ocrx_word' id='word_1_639' title='bbox 1007 2360 1056 2379; x_wconf 90' lang='lat' dir='ltr'><strong>nos</strong></span> 
     </span>
    </p>
   </div>
   <div class='ocr_carea' id='block_1_93' title="bbox 271 2400 1058 2436">
    <p class='ocr_par' dir='ltr' id='par_1_93' title="bbox 271 2400 1058 2436">
     <span class='ocr_line' id='line_1_93' title="bbox 271 2400 1058 2436; baseline -0.013 0"><span class='ocrx_word' id='word_1_640' title='bbox 271 2408 395 2436; x_wconf 76' lang='lat' dir='ltr'><strong>homines</strong></span> <span class='ocrx_word' id='word_1_641' title='bbox 412 2403 582 2433; x_wconf 85' lang='lat' dir='ltr'><strong>salutaribus</strong></span> <span class='ocrx_word' id='word_1_642' title='bbox 593 2401 710 2429; x_wconf 86' lang='lat' dir='ltr'><strong>decretis</strong></span> <span class='ocrx_word' id='word_1_643' title='bbox 725 2400 914 2434; x_wconf 87' lang='lat' dir='ltr'><strong>obtemperare</strong></span> <span class='ocrx_word' id='word_1_644' title='bbox 929 2407 983 2426; x_wconf 89' lang='lat' dir='ltr'><strong>non</strong></span> <span class='ocrx_word' id='word_1_645' title='bbox 997 2406 1058 2426; x_wconf 85' lang='lat' dir='ltr'><strong>sus-</strong></span> 
     </span>
    </p>
   </div>
   <div class='ocr_carea' id='block_1_94' title="bbox 271 2446 1057 2482">
    <p class='ocr_par' dir='ltr' id='par_1_94' title="bbox 271 2446 1057 2482">
     <span class='ocr_line' id='line_1_94' title="bbox 271 2446 1057 2482; baseline -0.015 1"><span class='ocrx_word' id='word_1_646' title='bbox 271 2456 401 2482; x_wconf 76' lang='lat' dir='ltr'><strong>tinemus.</strong></span> <span class='ocrx_word' id='word_1_647' title='bbox 435 2452 475 2480; x_wconf 83' lang='lat' dir='ltr'><strong>Ne</strong></span> <span class='ocrx_word' id='word_1_648' title='bbox 490 2453 543 2480; x_wconf 88' lang='lat' dir='ltr'><strong>hoc</strong></span> <span class='ocrx_word' id='word_1_649' title='bbox 572 2449 683 2478; x_wconf 85' lang='lat' dir='ltr'><strong>nomine</strong></span> <span class='ocrx_word' id='word_1_650' title='bbox 698 2448 787 2482; x_wconf 84' lang='lat' dir='ltr'><strong>pisces</strong></span> <span class='ocrx_word' id='word_1_651' title='bbox 811 2451 979 2478; x_wconf 84' lang='lat' dir='ltr'><strong>contemnas,</strong></span> <span class='ocrx_word' id='word_1_652' title='bbox 993 2446 1057 2480; x_wconf 88' lang='lat' dir='ltr'><strong>quia</strong></span> 
     </span>
    </p>
   </div>
   <div class='ocr_carea' id='block_1_95' title="bbox 271 2492 1056 2529">
    <p class='ocr_par' dir='ltr' id='par_1_95' title="bbox 271 2492 1056 2529">
     <span class='ocr_line' id='line_1_95' title="bbox 271 2492 1056 2529; baseline -0.015 0"><span class='ocrx_word' id='word_1_653' title='bbox 271 2501 387 2529; x_wconf 86' lang='lat' dir='ltr'><strong>rationis</strong></span> <span class='ocrx_word' id='word_1_654' title='bbox 401 2503 428 2527; x_wconf 91' lang='lat' dir='ltr'><strong>ct</strong></span> <span class='ocrx_word' id='word_1_655' title='bbox 450 2499 526 2526; x_wconf 78' lang='lat' dir='ltr'><strong>vocis</strong></span> <span class='ocrx_word' id='word_1_656' title='bbox 541 2505 593 2524; x_wconf 85' lang='lat' dir='ltr'><strong>usu</strong></span> <span class='ocrx_word' id='word_1_657' title='bbox 609 2499 703 2523; x_wconf 82' lang='lat' dir='ltr'><strong>carent</strong></span> <span class='ocrx_word' id='word_1_658' title='bbox 717 2501 724 2520; x_wconf 84' lang='lat'><strong>:</strong></span> <span class='ocrx_word' id='word_1_659' title='bbox 739 2501 832 2521; x_wconf 89' lang='lat' dir='ltr'><strong>verum</strong></span> <span class='ocrx_word' id='word_1_660' title='bbox 861 2497 952 2519; x_wconf 88' lang='lat' dir='ltr'><strong>metue</strong></span> <span class='ocrx_word' id='word_1_661' title='bbox 971 2492 1056 2518; x_wconf 82' lang='lat' dir='ltr'><strong>uehis</strong></span> 
     </span>
    </p>
   </div>
   <div class='ocr_carea' id='block_1_96' title="bbox 271 2538 1057 2584">
    <p class='ocr_par' dir='ltr' id='par_1_96' title="bbox 271 2538 1057 2584">
     <span class='ocr_line' id='line_1_96' title="bbox 271 2538 1057 2584; baseline -0.011 -10"><span class='ocrx_word' id='word_1_662' title='bbox 271 2555 380 2584; x_wconf 86' lang='lat' dir='ltr'><strong>quoque</strong></span> <span class='ocrx_word' id='word_1_663' title='bbox 400 2554 414 2573; x_wconf 90' lang='lat' dir='ltr'><strong>a</strong></span> <span class='ocrx_word' id='word_1_664' title='bbox 427 2545 533 2572; x_wconf 84' lang='lat' dir='ltr'><strong>ratione</strong></span> <span class='ocrx_word' id='word_1_665' title='bbox 563 2543 678 2570; x_wconf 82' lang='lat' dir='ltr'><strong>alienior</strong></span> <span class='ocrx_word' id='word_1_666' title='bbox 706 2540 836 2570; x_wconf 79' lang='lat' dir='ltr'><strong>exsistas,</strong></span> <span class='ocrx_word' id='word_1_667' title='bbox 850 2539 896 2573; x_wconf 91' lang='lat' dir='ltr'><strong>qui</strong></span> <span class='ocrx_word' id='word_1_668' title='bbox 916 2538 1057 2565; x_wconf 80' lang='lat' dir='ltr'><strong>Creatoris</strong></span> 
     </span>
    </p>
   </div>
   <div class='ocr_carea' id='block_1_97' title="bbox 269 2586 1056 2630">
    <p class='ocr_par' dir='ltr' id='par_1_97' title="bbox 269 2586 1056 2630">
     <span class='ocr_line' id='line_1_97' title="bbox 269 2586 1056 2630; baseline -0.017 -8"><span class='ocrx_word' id='word_1_669' title='bbox 269 2593 442 2630; x_wconf 87' lang='lat' dir='ltr'><strong>jnssiouibus</strong></span> <span class='ocrx_word' id='word_1_670' title='bbox 474 2588 640 2618; x_wconf 71' lang='lat' dir='ltr'><strong>adversar-is.</strong></span> <span class='ocrx_word' id='word_1_671' title='bbox 669 2586 740 2613; x_wconf 83' lang='lat' dir='ltr'><strong>Audi</strong></span> <span class='ocrx_word' id='word_1_672' title='bbox 764 2586 864 2619; x_wconf 82' lang='lat' dir='ltr'><strong>pisces,</strong></span> <span class='ocrx_word' id='word_1_673' title='bbox 894 2592 949 2610; x_wconf 90' lang='lat' dir='ltr'><strong>non</strong></span> <span class='ocrx_word' id='word_1_674' title='bbox 975 2591 1056 2610; x_wconf 83' lang='lat' dir='ltr'><strong>voces</strong></span> 
     </span>
    </p>
   </div>
   <div class='ocr_carea' id='block_1_98' title="bbox 271 2630 1057 2670">
    <p class='ocr_par' dir='ltr' id='par_1_98' title="bbox 271 2630 1057 2670">
     <span class='ocr_line' id='line_1_98' title="bbox 271 2630 1057 2670; baseline -0.017 -2"><span class='ocrx_word' id='word_1_675' title='bbox 271 2638 471 2670; x_wconf 81' lang='lat' dir='ltr'><strong>tantummodo,</strong></span> <span class='ocrx_word' id='word_1_676' title='bbox 492 2636 538 2663; x_wconf 84' lang='lat' dir='ltr'><strong>sed</strong></span> <span class='ocrx_word' id='word_1_677' title='bbox 563 2635 648 2670; x_wconf 78' lang='lat' dir='ltr'><strong>gestis</strong></span> <span class='ocrx_word' id='word_1_678' title='bbox 661 2632 846 2661; x_wconf 86' lang='lat' dir='ltr'><strong>declaranles,</strong></span> <span class='ocrx_word' id='word_1_679' title='bbox 874 2630 1057 2657; x_wconf 76' lang='lat' dir='ltr'><strong>censervaudi</strong></span> 
     </span>
    </p>
   </div>
   <div class='ocr_carea' id='block_1_99' title="bbox 272 2677 1058 2721">
    <p class='ocr_par' dir='ltr' id='par_1_99' title="bbox 272 2677 1058 2721">
     <span class='ocr_line' id='line_1_99' title="bbox 272 2677 1058 2721; baseline -0.018 -6"><span class='ocrx_word' id='word_1_680' title='bbox 272 2688 381 2721; x_wconf 71' lang='lat' dir='ltr'><strong>generis</strong></span> <span class='ocrx_word' id='word_1_681' title='bbox 397 2692 481 2713; x_wconf 84' lang='lat' dir='ltr'><strong>causa</strong></span> <span class='ocrx_word' id='word_1_682' title='bbox 506 2684 613 2718; x_wconf 81' lang='lat' dir='ltr'><strong>longam</strong></span> <span class='ocrx_word' id='word_1_683' title='bbox 638 2681 709 2708; x_wconf 87' lang='lat' dir='ltr'><strong>hanc</strong></span> <span class='ocrx_word' id='word_1_684' title='bbox 728 2677 979 2714; x_wconf 77' lang='lat' dir='ltr'><strong>peregrinationem</strong></span> <span class='ocrx_word' id='word_1_685' title='bbox 993 2684 1007 2703; x_wconf 88' lang='lat' dir='ltr'><strong>a</strong></span> <span class='ocrx_word' id='word_1_686' title='bbox 1029 2684 1058 2703; x_wconf 80' lang='lat' dir='ltr'><strong>se</strong></span> 
     </span>
    </p>
   </div>
   <div class='ocr_carea' id='block_1_100' title="bbox 272 2724 1059 2766">
    <p class='ocr_par' dir='ltr' id='par_1_100' title="bbox 272 2724 1059 2766">
     <span class='ocr_line' id='line_1_100' title="bbox 272 2724 1059 2766; baseline -0.015 -6"><span class='ocrx_word' id='word_1_687' title='bbox 272 2733 385 2766; x_wconf 68' lang='lat' dir='ltr'><strong>suscipi.</strong></span> <span class='ocrx_word' id='word_1_688' title='bbox 401 2731 513 2766; x_wconf 83' lang='lat' dir='ltr'><strong>Propria</strong></span> <span class='ocrx_word' id='word_1_689' title='bbox 527 2728 636 2764; x_wconf 89' lang='lat' dir='ltr'><strong>quidem</strong></span> <span class='ocrx_word' id='word_1_690' title='bbox 653 2733 705 2753; x_wconf 78' lang='lat' dir='ltr'><strong>vox</strong></span> <span class='ocrx_word' id='word_1_691' title='bbox 721 2725 788 2760; x_wconf 88' lang='lat' dir='ltr'><strong>ipsis</strong></span> <span class='ocrx_word' id='word_1_692' title='bbox 801 2724 893 2756; x_wconf 84' lang='lat' dir='ltr'><strong>deest;</strong></span> <span class='ocrx_word' id='word_1_693' title='bbox 910 2727 938 2749; x_wconf 90' lang='lat' dir='ltr'><strong>at</strong></span> <span class='ocrx_word' id='word_1_694' title='bbox 954 2727 1059 2750; x_wconf 70' lang='lat' dir='ltr'><strong>natura:</strong></span> 
     </span>
    </p>
   </div>
   <div class='ocr_carea' id='block_1_101' title="bbox 272 2768 1058 2810">
    <p class='ocr_par' dir='ltr' id='par_1_101' title="bbox 272 2768 1058 2810">
     <span class='ocr_line' id='line_1_101' title="bbox 272 2768 1058 2810; baseline -0.009 -8"><span class='ocrx_word' id='word_1_695' title='bbox 272 2778 358 2810; x_wconf 76' lang='lat' dir='ltr'><strong>legem</strong></span> <span class='ocrx_word' id='word_1_696' title='bbox 388 2778 502 2803; x_wconf 85' lang='lat' dir='ltr'><strong>ﬁrmiter</strong></span> <span class='ocrx_word' id='word_1_697' title='bbox 528 2775 638 2802; x_wconf 80' lang='lat' dir='ltr'><strong>iulixam</strong></span> <span class='ocrx_word' id='word_1_698' title='bbox 665 2771 775 2802; x_wconf 85' lang='lat' dir='ltr'><strong>habent,</strong></span> <span class='ocrx_word' id='word_1_699' title='bbox 808 2776 869 2803; x_wconf 66' lang='lat' dir='ltr'><strong>quae</strong></span> <span class='ocrx_word' id='word_1_700' title='bbox 898 2768 1058 2803; x_wconf 63' lang='lat' dir='ltr'><strong>praescribat</strong></span> 
     </span>
    </p>
   </div>
   <div class='ocr_carea' id='block_1_102' title="bbox 272 2815 1057 2857">
    <p class='ocr_par' dir='ltr' id='par_1_102' title="bbox 272 2815 1057 2857">
     <span class='ocr_line' id='line_1_102' title="bbox 272 2815 1057 2857; baseline -0.009 -8"><span class='ocrx_word' id='word_1_701' title='bbox 272 2822 338 2857; x_wconf 87' lang='lat' dir='ltr'><strong>quid</strong></span> <span class='ocrx_word' id='word_1_702' title='bbox 363 2822 497 2856; x_wconf 78' lang='lat' dir='ltr'><strong>agendum</strong></span> <span class='ocrx_word' id='word_1_703' title='bbox 525 2821 571 2849; x_wconf 85' lang='lat' dir='ltr'><strong>sit.</strong></span> <span class='ocrx_word' id='word_1_704' title='bbox 587 2819 697 2850; x_wconf 81' lang='lat' dir='ltr'><strong>Eamus,</strong></span> <span class='ocrx_word' id='word_1_705' title='bbox 714 2816 870 2853; x_wconf 60' lang='lat' dir='ltr'><strong>inquiunt,</strong></span> <span class='ocrx_word' id='word_1_706' title='bbox 890 2815 922 2843; x_wconf 85' lang='lat' dir='ltr'><strong>ad</strong></span> <span class='ocrx_word' id='word_1_707' title='bbox 942 2815 1057 2843; x_wconf 80' lang='lat' dir='ltr'><strong>Boreum</strong></span> 
     </span>
    </p>
   </div>
   <div class='ocr_carea' id='block_1_103' title="bbox 1107 2213 1894 2251">
    <p class='ocr_par' dir='ltr' id='par_1_103' title="bbox 1107 2213 1894 2251">
     <span class='ocr_line' id='line_1_103' title="bbox 1107 2213 1894 2251; baseline 0.005 -12"><span class='ocrx_word' id='word_1_708' title='bbox 1107 2213 1184 2239; x_wconf 87' lang='grc' dir='ltr'>θείαν</span> <span class='ocrx_word' id='word_1_709' title='bbox 1208 2213 1328 2245; x_wconf 78' lang='grc' dir='ltr'>διάταξιν</span> <span class='ocrx_word' id='word_1_710' title='bbox 1352 2215 1442 2242; x_wconf 82' lang='grc' dir='ltr'>πάντα</span> <span class='ocrx_word' id='word_1_711' title='bbox 1463 2215 1630 2249; x_wconf 80' lang='grc' dir='ltr'>πληροῦσαν,</span> <span class='ocrx_word' id='word_1_712' title='bbox 1648 2217 1695 2243; x_wconf 75' lang='grc' dir='ltr'><strong>καὶ</strong></span> <span class='ocrx_word' id='word_1_713' title='bbox 1706 2216 1750 2243; x_wconf 77' lang='grc' dir='ltr'><strong>διὰ</strong></span> <span class='ocrx_word' id='word_1_714' title='bbox 1765 2216 1818 2243; x_wconf 82' lang='grc' dir='ltr'>τῶν</span> <span class='ocrx_word' id='word_1_715' title='bbox 1831 2225 1894 2251; x_wconf 75' lang='grc' dir='ltr'>σμι-</span> 
     </span>
    </p>
   </div>
   <div class='ocr_carea' id='block_1_104' title="bbox 1108 2260 1895 2298">
    <p class='ocr_par' dir='ltr' id='par_1_104' title="bbox 1108 2260 1895 2298">
     <span class='ocr_line' id='line_1_104' title="bbox 1108 2260 1895 2298; baseline 0.005 -13"><span class='ocrx_word' id='word_1_716' title='bbox 1108 2260 1247 2293; x_wconf 83' lang='grc' dir='ltr'>κροτάτων</span> <span class='ocrx_word' id='word_1_717' title='bbox 1276 2260 1441 2294; x_wconf 82' lang='grc' dir='ltr'>διήκουσαν;</span> <span class='ocrx_word' id='word_1_718' title='bbox 1477 2261 1551 2296; x_wconf 82' lang='grc' dir='ltr'>ἰχθὺς</span> <span class='ocrx_word' id='word_1_719' title='bbox 1581 2262 1631 2288; x_wconf 85' lang='grc' dir='ltr'>οὐκ</span> <span class='ocrx_word' id='word_1_720' title='bbox 1654 2263 1789 2297; x_wconf 78' lang='grc' dir='ltr'>ἀντιλέγει</span> <span class='ocrx_word' id='word_1_721' title='bbox 1819 2264 1895 2298; x_wconf 84' lang='grc' dir='ltr'>νόμῳ</span> 
     </span>
    </p>
   </div>
   <div class='ocr_carea' id='block_1_105' title="bbox 1107 2304 1895 2344">
    <p class='ocr_par' dir='ltr' id='par_1_105' title="bbox 1107 2304 1895 2344">
     <span class='ocr_line' id='line_1_105' title="bbox 1107 2304 1895 2344; baseline 0.008 -14"><span class='ocrx_word' id='word_1_722' title='bbox 1107 2304 1175 2331; x_wconf 88' lang='grc' dir='ltr'><strong>Θεοῦ</strong></span> <span class='ocrx_word' id='word_1_723' title='bbox 1184 2325 1192 2337; x_wconf 83' lang='grc'><strong>,</strong></span> <span class='ocrx_word' id='word_1_724' title='bbox 1205 2305 1251 2331; x_wconf 70' lang='grc' dir='ltr'><strong>καὶ</strong></span> <span class='ocrx_word' id='word_1_725' title='bbox 1265 2305 1404 2340; x_wconf 77' lang='grc' dir='ltr'>ἄνθρωποι</span> <span class='ocrx_word' id='word_1_726' title='bbox 1418 2307 1562 2343; x_wconf 82' lang='grc' dir='ltr'>σωτηρίων</span> <span class='ocrx_word' id='word_1_727' title='bbox 1580 2308 1725 2343; x_wconf 77' lang='grc' dir='ltr'>δογμάτων</span> <span class='ocrx_word' id='word_1_728' title='bbox 1741 2310 1791 2336; x_wconf 80' lang='grc' dir='ltr'>οὐκ</span> <span class='ocrx_word' id='word_1_729' title='bbox 1800 2310 1895 2344; x_wconf 78' lang='grc' dir='ltr'>ἀνεχό-</span> 
     </span>
    </p>
   </div>
   <div class='ocr_carea' id='block_1_106' title="bbox 1109 2351 1895 2390">
    <p class='ocr_par' dir='ltr' id='par_1_106' title="bbox 1109 2351 1895 2390">
     <span class='ocr_line' id='line_1_106' title="bbox 1109 2351 1895 2390; baseline 0.005 -12"><span class='ocrx_word' id='word_1_730' title='bbox 1109 2351 1194 2386; x_wconf 82' lang='grc' dir='ltr'>μεθα;</span> <span class='ocrx_word' id='word_1_731' title='bbox 1209 2352 1248 2388; x_wconf 84' lang='grc' dir='ltr'>μὴ</span> <span class='ocrx_word' id='word_1_732' title='bbox 1264 2354 1430 2388; x_wconf 82' lang='grc' dir='ltr'>καταφρόνει</span> <span class='ocrx_word' id='word_1_733' title='bbox 1443 2353 1497 2380; x_wconf 82' lang='grc' dir='ltr'>τῶν</span> <span class='ocrx_word' id='word_1_734' title='bbox 1513 2353 1623 2389; x_wconf 85' lang='grc' dir='ltr'>ἰχθύων,</span> <span class='ocrx_word' id='word_1_735' title='bbox 1641 2355 1734 2390; x_wconf 83' lang='grc' dir='ltr'>ἐπειδὴ</span> <span class='ocrx_word' id='word_1_736' title='bbox 1748 2355 1831 2389; x_wconf 83' lang='grc' dir='ltr'>ἄλογα</span> <span class='ocrx_word' id='word_1_737' title='bbox 1847 2356 1895 2382; x_wconf 73' lang='grc' dir='ltr'><strong>καὶ</strong></span> 
     </span>
    </p>
   </div>
   <div class='ocr_carea' id='block_1_107' title="bbox 1107 2399 1896 2436">
    <p class='ocr_par' dir='ltr' id='par_1_107' title="bbox 1107 2399 1896 2436">
     <span class='ocr_line' id='line_1_107' title="bbox 1107 2399 1896 2436; baseline 0.005 -12"><span class='ocrx_word' id='word_1_738' title='bbox 1107 2399 1203 2433; x_wconf 77' lang='grc' dir='ltr'>ἄφωνα</span> <span class='ocrx_word' id='word_1_739' title='bbox 1221 2399 1360 2431; x_wconf 80' lang='grc' dir='ltr'>παντελῶς</span> <span class='ocrx_word' id='word_1_740' title='bbox 1371 2406 1378 2414; x_wconf 88' lang='lat'>&#39;</span> <span class='ocrx_word' id='word_1_741' title='bbox 1395 2400 1462 2426; x_wconf 82' lang='grc' dir='ltr'>ἀλλὰ</span> <span class='ocrx_word' id='word_1_742' title='bbox 1477 2400 1571 2434; x_wconf 77' lang='grc' dir='ltr'>φοϐοῦ,</span> <span class='ocrx_word' id='word_1_743' title='bbox 1591 2401 1628 2436; x_wconf 85' lang='grc' dir='ltr'>μὴ</span> <span class='ocrx_word' id='word_1_744' title='bbox 1649 2402 1696 2427; x_wconf 77' lang='grc' dir='ltr'><strong>καὶ</strong></span> <span class='ocrx_word' id='word_1_745' title='bbox 1713 2401 1814 2428; x_wconf 80' lang='grc' dir='ltr'>τούτων</span> <span class='ocrx_word' id='word_1_746' title='bbox 1831 2402 1896 2428; x_wconf 83' lang='grc' dir='ltr'><strong>ἀλο-</strong></span> 
     </span>
    </p>
   </div>
   <div class='ocr_carea' id='block_1_108' title="bbox 1108 2442 1894 2482">
    <p class='ocr_par' dir='ltr' id='par_1_108' title="bbox 1108 2442 1894 2482">
     <span class='ocr_line' id='line_1_108' title="bbox 1108 2442 1894 2482; baseline 0.006 -13"><span class='ocrx_word' id='word_1_747' title='bbox 1108 2444 1226 2479; x_wconf 83' lang='grc' dir='ltr'>γώτερος</span> <span class='ocrx_word' id='word_1_748' title='bbox 1241 2442 1284 2480; x_wconf 84' lang='grc' dir='ltr'>ᾖς,</span> <span class='ocrx_word' id='word_1_749' title='bbox 1296 2446 1328 2479; x_wconf 84' lang='grc' dir='ltr'>τῇ</span> <span class='ocrx_word' id='word_1_750' title='bbox 1343 2445 1461 2477; x_wconf 82' lang='grc' dir='ltr'>διατάξει</span> <span class='ocrx_word' id='word_1_751' title='bbox 1472 2445 1519 2472; x_wconf 85' lang='grc' dir='ltr'>τοῦ</span> <span class='ocrx_word' id='word_1_752' title='bbox 1529 2446 1679 2478; x_wconf 82' lang='grc' dir='ltr'>Κτὶσαντος</span> <span class='ocrx_word' id='word_1_753' title='bbox 1688 2447 1894 2482; x_wconf 72' lang='grc' dir='ltr'>ἀντιστὰμιενος.</span> 
     </span>
    </p>
   </div>
   <div class='ocr_carea' id='block_1_109' title="bbox 1109 2490 1896 2528">
    <p class='ocr_par' dir='ltr' id='par_1_109' title="bbox 1109 2490 1896 2528">
     <span class='ocr_line' id='line_1_109' title="bbox 1109 2490 1896 2528; baseline 0.006 -13"><span class='ocrx_word' id='word_1_754' title='bbox 1109 2490 1208 2516; x_wconf 82' lang='grc' dir='ltr'>Ἀκουε</span> <span class='ocrx_word' id='word_1_755' title='bbox 1226 2490 1280 2516; x_wconf 86' lang='grc' dir='ltr'>τῶν</span> <span class='ocrx_word' id='word_1_756' title='bbox 1294 2491 1401 2525; x_wconf 87' lang='grc' dir='ltr'>ἰχθύων,</span> <span class='ocrx_word' id='word_1_757' title='bbox 1424 2493 1566 2528; x_wconf 78' lang='grc' dir='ltr'>μονονουχὶ</span> <span class='ocrx_word' id='word_1_758' title='bbox 1581 2493 1673 2527; x_wconf 80' lang='grc' dir='ltr'>φωνὴν</span> <span class='ocrx_word' id='word_1_759' title='bbox 1697 2494 1841 2527; x_wconf 80' lang='grc' dir='ltr'>ἀφιέντων,</span> <span class='ocrx_word' id='word_1_760' title='bbox 1862 2494 1896 2520; x_wconf 84' lang='grc' dir='ltr'>δι’</span> 
     </span>
    </p>
   </div>
   <div class='ocr_carea' id='block_1_110' title="bbox 1106 2532 1896 2575">
    <p class='ocr_par' dir='ltr' id='par_1_110' title="bbox 1106 2532 1896 2575">
     <span class='ocr_line' id='line_1_110' title="bbox 1106 2532 1896 2575; baseline 0.005 -14"><span class='ocrx_word' id='word_1_761' title='bbox 1106 2532 1143 2562; x_wconf 81' lang='grc' dir='ltr'><strong>ὧν</strong></span> <span class='ocrx_word' id='word_1_762' title='bbox 1159 2535 1292 2568; x_wconf 84' lang='grc' dir='ltr'>ποιοῦσιν,</span> <span class='ocrx_word' id='word_1_763' title='bbox 1304 2537 1345 2562; x_wconf 84' lang='grc' dir='ltr'>ὃτι</span> <span class='ocrx_word' id='word_1_764' title='bbox 1356 2537 1395 2568; x_wconf 83' lang='grc' dir='ltr'>εἰς</span> <span class='ocrx_word' id='word_1_765' title='bbox 1405 2537 1534 2573; x_wconf 85' lang='grc' dir='ltr'>διαμονὴν</span> <span class='ocrx_word' id='word_1_766' title='bbox 1546 2537 1593 2564; x_wconf 86' lang='grc' dir='ltr'>τοῦ</span> <span class='ocrx_word' id='word_1_767' title='bbox 1606 2538 1712 2572; x_wconf 80' lang='grc' dir='ltr'>γένους,</span> <span class='ocrx_word' id='word_1_768' title='bbox 1723 2538 1772 2574; x_wconf 88' lang='grc' dir='ltr'><strong>τὴν</strong></span> <span class='ocrx_word' id='word_1_769' title='bbox 1785 2540 1896 2575; x_wconf 65' lang='grc' dir='ltr'>μακράν</span> 
     </span>
    </p>
   </div>
   <div class='ocr_carea' id='block_1_111' title="bbox 1107 2583 1897 2620">
    <p class='ocr_par' dir='ltr' id='par_1_111' title="bbox 1107 2583 1897 2620">
     <span class='ocr_line' id='line_1_111' title="bbox 1107 2583 1897 2620; baseline 0.006 -13"><span class='ocrx_word' id='word_1_770' title='bbox 1107 2583 1209 2616; x_wconf 75' lang='grc' dir='ltr'>ταύτην</span> <span class='ocrx_word' id='word_1_771' title='bbox 1226 2583 1381 2617; x_wconf 83' lang='grc' dir='ltr'>ἀποδημίαν</span> <span class='ocrx_word' id='word_1_772' title='bbox 1404 2583 1579 2618; x_wconf 82' lang='grc' dir='ltr'>στελλόμεοα.</span> <span class='ocrx_word' id='word_1_773' title='bbox 1607 2585 1665 2611; x_wconf 81' lang='grc' dir='ltr'><strong>Οὐκ</strong></span> <span class='ocrx_word' id='word_1_774' title='bbox 1696 2585 1804 2620; x_wconf 83' lang='grc' dir='ltr'>ἔχουσιν</span> <span class='ocrx_word' id='word_1_775' title='bbox 1829 2587 1897 2613; x_wconf 72' lang='grc' dir='ltr'>[διον</span> 
     </span>
    </p>
   </div>
   <div class='ocr_carea' id='block_1_112' title="bbox 1107 2627 1899 2666">
    <p class='ocr_par' dir='ltr' id='par_1_112' title="bbox 1107 2627 1899 2666">
     <span class='ocr_line' id='line_1_112' title="bbox 1107 2627 1899 2666; baseline 0.006 -13"><span class='ocrx_word' id='word_1_776' title='bbox 1107 2627 1196 2662; x_wconf 80' lang='grc' dir='ltr'>λόγον,</span> <span class='ocrx_word' id='word_1_777' title='bbox 1214 2628 1271 2654; x_wconf 76' lang='grc' dir='ltr'><strong>ἀλλ’</strong></span> <span class='ocrx_word' id='word_1_778' title='bbox 1295 2628 1387 2663; x_wconf 74' lang='grc' dir='ltr'>ἔχουσι</span> <span class='ocrx_word' id='word_1_779' title='bbox 1409 2629 1453 2656; x_wconf 79' lang='grc' dir='ltr'>τὸν</span> <span class='ocrx_word' id='word_1_780' title='bbox 1467 2629 1517 2663; x_wconf 85' lang='grc' dir='ltr'><strong>τῆς</strong></span> <span class='ocrx_word' id='word_1_781' title='bbox 1542 2630 1648 2663; x_wconf 78' lang='grc' dir='ltr'>φύσεως</span> <span class='ocrx_word' id='word_1_782' title='bbox 1671 2631 1753 2666; x_wconf 88' lang='grc' dir='ltr'>νόμον</span> <span class='ocrx_word' id='word_1_783' title='bbox 1777 2632 1899 2666; x_wconf 65' lang='grc' dir='ltr'>ἰσχυρῶς</span> 
     </span>
    </p>
   </div>
   <div class='ocr_carea' id='block_1_113' title="bbox 1108 2673 1899 2709">
    <p class='ocr_par' dir='ltr' id='par_1_113' title="bbox 1108 2673 1899 2709">
     <span class='ocr_line' id='line_1_113' title="bbox 1108 2673 1899 2709; baseline 0.006 -10"><span class='ocrx_word' id='word_1_784' title='bbox 1108 2673 1293 2709; x_wconf 74' lang='grc' dir='ltr'>ἐνιδρυμένον,</span> <span class='ocrx_word' id='word_1_785' title='bbox 1307 2675 1354 2700; x_wconf 70' lang='grc' dir='ltr'><strong>καὶ</strong></span> <span class='ocrx_word' id='word_1_786' title='bbox 1367 2675 1396 2700; x_wconf 82' lang='grc' dir='ltr'>τὸ</span> <span class='ocrx_word' id='word_1_787' title='bbox 1407 2675 1543 2709; x_wconf 82' lang='grc' dir='ltr'>πρακτέον</span> <span class='ocrx_word' id='word_1_788' title='bbox 1557 2675 1760 2703; x_wconf 84' lang='grc' dir='ltr'>ὑποδεικνύντα.</span> <span class='ocrx_word' id='word_1_789' title='bbox 1777 2677 1899 2704; x_wconf 72' lang='grc' dir='ltr'>Βαδὶσωο</span> 
     </span>
    </p>
   </div>
   <div class='ocr_carea' id='block_1_114' title="bbox 1110 2721 1900 2759">
    <p class='ocr_par' dir='ltr' id='par_1_114' title="bbox 1110 2721 1900 2759">
     <span class='ocr_line' id='line_1_114' title="bbox 1110 2721 1900 2759; baseline 0.003 -11"><span class='ocrx_word' id='word_1_790' title='bbox 1110 2729 1169 2755; x_wconf 80' lang='grc' dir='ltr'>μεν,</span> <span class='ocrx_word' id='word_1_791' title='bbox 1193 2721 1292 2756; x_wconf 75' lang='grc' dir='ltr'>φησὶν,</span> <span class='ocrx_word' id='word_1_792' title='bbox 1316 2722 1362 2747; x_wconf 71' lang='grc' dir='ltr'><strong>ἐπὶ</strong></span> <span class='ocrx_word' id='word_1_793' title='bbox 1381 2721 1412 2748; x_wconf 87' lang='grc' dir='ltr'>τὸ</span> <span class='ocrx_word' id='word_1_794' title='bbox 1432 2721 1552 2757; x_wconf 80' lang='grc' dir='ltr'>βορεινὸν</span> <span class='ocrx_word' id='word_1_795' title='bbox 1575 2722 1702 2756; x_wconf 78' lang='grc' dir='ltr'>πέλαγος,</span> <span class='ocrx_word' id='word_1_796' title='bbox 1728 2723 1900 2759; x_wconf 84' lang='grc' dir='ltr'>Γλυχύτερον</span> 
     </span>
    </p>
   </div>
   <div class='ocr_carea' id='block_1_115' title="bbox 1109 2767 1894 2805">
    <p class='ocr_par' dir='ltr' id='par_1_115' title="bbox 1109 2767 1894 2805">
     <span class='ocr_line' id='line_1_115' title="bbox 1109 2767 1894 2805; baseline 0.006 -13"><span class='ocrx_word' id='word_1_797' title='bbox 1109 2767 1162 2802; x_wconf 66' lang='grc' dir='ltr'><strong>γὰρ</strong></span> <span class='ocrx_word' id='word_1_798' title='bbox 1176 2767 1225 2801; x_wconf 86' lang='grc' dir='ltr'><strong>τῆς</strong></span> <span class='ocrx_word' id='word_1_799' title='bbox 1241 2767 1337 2802; x_wconf 84' lang='grc' dir='ltr'>λοιπῆς</span> <span class='ocrx_word' id='word_1_800' title='bbox 1362 2767 1500 2802; x_wconf 83' lang='grc' dir='ltr'>Θαλάσσης</span> <span class='ocrx_word' id='word_1_801' title='bbox 1519 2768 1607 2794; x_wconf 84' lang='grc' dir='ltr'>ἐκεῖνο</span> <span class='ocrx_word' id='word_1_802' title='bbox 1621 2768 1650 2795; x_wconf 82' lang='grc' dir='ltr'>τὸ</span> <span class='ocrx_word' id='word_1_803' title='bbox 1668 2768 1751 2805; x_wconf 82' lang='grc' dir='ltr'>ὕδωρ,</span> <span class='ocrx_word' id='word_1_804' title='bbox 1769 2770 1837 2796; x_wconf 82' lang='grc' dir='ltr'>διότι</span> <span class='ocrx_word' id='word_1_805' title='bbox 1857 2772 1894 2797; x_wconf 76' lang='grc' dir='ltr'><strong>ἐπ</strong></span> 
     </span>
    </p>
   </div>
   <div class='ocr_carea' id='block_1_116' title="bbox 1109 2813 1904 2851">
    <p class='ocr_par' dir='ltr' id='par_1_116' title="bbox 1109 2813 1904 2851">
     <span class='ocr_line' id='line_1_116' title="bbox 1109 2813 1904 2851; baseline 0.004 -11"><span class='ocrx_word' id='word_1_806' title='bbox 1109 2814 1207 2848; x_wconf 81' lang='grc' dir='ltr'>ὀλίγων</span> <span class='ocrx_word' id='word_1_807' title='bbox 1223 2814 1292 2850; x_wconf 74' lang='grc' dir='ltr'>αὐτῇ</span> <span class='ocrx_word' id='word_1_808' title='bbox 1306 2813 1524 2850; x_wconf 79' lang='grc' dir='ltr'>προσδιατρίϐων</span> <span class='ocrx_word' id='word_1_809' title='bbox 1543 2815 1557 2841; x_wconf 84' lang='grc' dir='ltr'><strong><em>ὁ</em></strong></span> <span class='ocrx_word' id='word_1_810' title='bbox 1570 2814 1661 2849; x_wconf 77' lang='grc' dir='ltr'>ἣλιος,</span> <span class='ocrx_word' id='word_1_811' title='bbox 1679 2815 1729 2842; x_wconf 72' lang='grc' dir='ltr'><strong>οὐκ</strong></span> <span class='ocrx_word' id='word_1_812' title='bbox 1746 2815 1840 2851; x_wconf 72' lang='grc' dir='ltr'>ἐξάγει</span> <span class='ocrx_word' id='word_1_813' title='bbox 1855 2817 1904 2843; x_wconf 73' lang='grc' dir='ltr'><strong>αὖ·</strong></span> 
     </span>
    </p>
   </div>
  </div>
