2056 3113
169 125 236 156 1.573

833 119 953 150 SACRA
972 119 1206 149 PARALLELA.

1485 48 1501 65 4"

1732 116 1800 149 1571.

168 180 214 214 τῆς
229 180 290 206 ὅλον
303 178 348 206 διὰ
361 179 410 214 τῆς
428 178 538 208 ἀκτῖνος
552 177 579 202 τὸ
599 175 723 211 πότιμον.
742 174 840 209 Χαίρει
856 173 884 200 δὲ
900 174 956 204 τοῖς

1011 173 1131 208 pelagus.
1164 172 1276 199 Dulcior
1315 171 1415 208 quippe
1444 178 1514 206 aqua
1541 171 1593 198 ista
1621 174 1663 198 est
1692 171 1801 206 reliquo

170 226 279 260 γλυκέσι
307 226 353 252 καὶ
379 225 413 252 τὰ
438 224 586 251 θαλάσσια·
615 223 678 249 ὅθεν
695 222 739 249 καὶ
755 221 802 247 ἐπὶ
815 220 957 255 ποταμοὺς

169 271 332 306 ἀνανήχεται
347 271 487 302 πολλάκις,
509 270 555 297 καὶ
571 269 714 305 πόρρωθεν
724 267 863 302 θαλάσσης
876 266 958 301 φέρε-

171 327 223 346 ται.
243 318 289 345 Ἐκ
307 318 401 344 τούτου
420 317 624 353 προτιμώτερος
640 316 732 347 αὐτοῖς
748 316 762 341 ὁ
781 315 883 345 Πόντος
902 312 958 339 τῶν

169 364 270 391 λοιπῶν
285 365 344 391 ὲστι
359 363 469 396 κόλπος,
481 363 519 395 ὼς
536 363 690 398 ἐπιτήδειος
704 361 893 396 ὲναποκυῆσαι
909 358 959 386 καὶ

169 409 299 445 ἐκθρέψαι
319 410 353 437 τὰ
372 410 482 444 ἔγγονα.
505 407 631 436 Ἐπειδὰν
650 408 679 434 δὲ
701 407 736 434 τὰ
752 405 957 440 σπουδαζόμενα

169 457 325 490 ἀρκούντως
339 457 516 493 ἐκπληρωθῇ,
531 455 611 483 πάλιν
626 454 763 490 πανδημεὶ⁵
775 452 875 484 πάντες
891 451 959 478 ὐπο-

169 503 332 538 οτρέφουσιν
350 503 454 530 οἴκαδε.

1009 219 1079 247 mari
1099 227 1106 245 :
1124 218 1187 254 quia
1200 218 1330 245 nimirum
1345 218 1387 245 sol
1402 217 1474 244 haud
1489 217 1651 255 diuturnam
1666 217 1722 245 illic
1739 215 1798 244 mo;

1010 273 1070 293 ram
1092 265 1216 298 trahens,
1243 271 1291 299 per
1315 263 1407 291 radios
1423 271 1488 291 suos
1507 271 1562 291 non
1587 264 1613 291 id
1632 268 1715 291 olnne
1727 264 1799 299 quod

1009 312 1090 340 dulce
1105 315 1158 344 est,
1184 310 1286 338 educit.
1301 309 1384 344 Atqui
1408 317 1439 336 ea
1455 317 1563 344 quoque
1575 309 1725 336 animantia
1738 317 1799 344 qua;

1010 357 1037 384 in
1071 356 1139 384 mari
1165 356 1278 391 degunt,
1310 355 1439 382 dulcibus
1461 356 1539 390 aquis
1561 355 1698 390 gaudent;
1728 354 1799 383 unde

1009 402 1091 430 etiam
1115 401 1149 429 ad
1177 401 1274 429 fluvios
1300 400 1459 434 frequenter
1478 405 1604 434 enatant,
1626 405 1653 428 et
1673 401 1796 437 procula

1009 448 1078 476 mari
1094 448 1230 476 feruntur.
1247 448 1307 480 Quo
1322 447 1352 474 lit
1371 450 1400 474 ut
1413 443 1559 474 Pon‘Wﬁm
1573 448 1665 474 sinum
1684 447 1797 481 reliquis

1008 495 1138 523 omnibus
1159 498 1336 529 anteponant.
1352 498 1381 521 ut
1396 494 1441 528 qui
1474 499 1530 520 tum
1549 493 1582 520 ad
1601 493 1797 528 procreandos,

169 554 226 576 tum
243 550 277 576 ad
287 549 401 577 alendos
413 549 484 576 fetus
499 552 579 583 aptus
591 547 637 576 sit.
657 545 708 574 Ubi
722 552 787 573 vero
797 550 830 572 eo
842 548 955 570 munere
968 540 1050 577 cujus
1070 540 1163 568 studio
1183 540 1347 567 tenebantur
1379 540 1517 575 perfuncti
1545 544 1620 572 sunt,
1651 538 1798 567 confertim

169 604 264 625 omnes
280 596 392 623 domum
411 599 595 622 revertuntur.

205 646 339 676 Ἤκουσα,
356 643 397 670 ὅτι
412 641 556 673 θαλάσσιος
575 641 673 676 ἐχῖνος,
693 639 724 665 τὺ
743 636 841 673 μικρὸν
858 642 959 661 παντε-

169 691 222 723 λῶς
239 690 286 717 καὶ
297 689 533 724 εὐκαταφρόνητον
547 687 627 719 ζῶον,
651 685 810 715 διδάσκαλος
829 682 959 713 πολλάκις

170 737 291 772 γαλήνης
303 736 349 763 καὶ
364 734 496 765 κλύδωνος
507 734 563 765 τοῖς
574 732 687 759 πλέουσι
700 731 815 765 γίνεται.
830 730 878 760 Ὃς
893 728 958 754 ὅταν

170 783 267 819 προῖδῃ
283 781 404 816 ταραχὴν
419 780 531 816 ἀνέμου,
544 778 648 814 ψηφίδα
670 777 730 804 τινὰ
749 775 873 803 ὑπελθὼν
894 782 957 819 γεν-

170 829 258 858 ναίαν,
272 828 314 854 ἐπ’
331 827 401 862 αὐτῇ
410 825 505 860 ὥσπερ
518 824 562 851 ἐπ’
574 823 697 858 ἀγκύρας
709 822 825 857 βεϐαίως
836 818 954 851 σαλεύει,
972 835 993 862 Β

170 873 351 908 κατεχόμενος
365 872 403 907 τῷ
415 871 493 907 βάρει
508 870 577 906 πρὸς
592 869 622 896 τὸ
635 869 672 904 μὴ
688 867 787 904 ῥαδίως
797 868 853 898 τοῖς
867 865 958 900 κύμα-

170 929 211 947 σιν
224 919 420 955 ἀποσύρεσοαι.
436 918 522 945 Τοῦτο
536 918 600 944 ὅταν
617 916 708 942 ἴδωσιν
731 915 756 941 οἰ
787 913 912 940 ναυτικοὶ
928 911 958 938 τὸ

170 966 292 1000 σημεῖον,
315 965 389 991 ἴσασι
412 963 462 998 τὴν
485 960 714 997 προσδοκωμένην
738 958 829 994 βιαίαν
849 957 957 992 κίνησιν

169 1010 222 1037 τῶν
240 1010 357 1042 ἀνέμων.

209 1100 239 1127 Ὀ
255 1101 385 1136 καρκίνος
408 1099 458 1135 τῆς
484 1098 585 1134 σαρκὸς
606 1097 736 1133 ἐπιθυμεῖ
755 1097 802 1124 τοῦ
833 1096 957 1131 ὀστρέου,

169 1147 236 1174 ἀλλά
255 1146 408 1177 δυσάλωτος
425 1146 442 1180 ἠ
454 1145 526 1180 ἄγρα
542 1143 616 1179 αὐτῷ
628 1144 672 1170 διὰ
682 1143 731 1179 τὴν
750 1151 783 1169 πε
789 1141 896 1178 ριόολὴν
910 1140 957 1168 τοῦ

169 1192 303 1228 ὀστράκου
313 1191 429 1226 γίνεται.
448 1190 578 1226 Ἀρραγεϊ
591 1189 646 1224 γὰρ
659 1189 736 1224 ἕρκει
748 1188 779 1214 τὸ
795 1187 898 1214 ἁπαλὸν
908 1187 958 1219 τῆς

170 1239 270 1274 σαρκὸς
285 1239 302 1273 ὴ
318 1237 400 1272 φύσις
412 1235 644 1272 κατησφαλίσατο.
665 1235 710 1261 Διὺ
724 1235 770 1277 καὶ
780 1233 958 1269 ὀστρακόδερ-

171 1293 220 1319 μον
233 1283 462 1319 προσηγόρευται,
478 1282 533 1309 Καὶ
543 1280 639 1315 ἐπειδὴ
653 1280 699 1306 δύο
710 1280 866 1314 κοιλότητες
878 1279 958 1313 ἀκρι-

169 1329 224 1362 ϐῶς
236 1329 365 1364 ἀλλήλαις
380 1325 624 1363 προσηρμοσμέναι
637 1324 676 1360 τῷ
691 1324 795 1359 ὀστρέῳ
806 1322 958 1358 περιπτύσ-

169 1385 272 1408 σονται,
285 1374 444 1409 ἀναγκαίως
454 1372 594 1408 ἄπρακταί
609 1373 678 1398 εἰσιν
693 1371 721 1398 αί
735 1370 817 1406 χηλαὶ
830 1369 877 1397 τοῦ
891 1377 958 1404 καρ-

169 1421 254 1448 κίνου.
269 1421 302 1447 Τί
320 1417 367 1447 οὗν
382 1420 471 1453 ποιεῖς
493 1419 557 1446 ὅταν
572 1418 616 1454 ἴδῃ
628 1418 656 1444 ὲν
673 1416 827 1452 ἀπηνέμοις
846 1414 958 1451 χωρίοις

170 1465 230 1502 μεθ’
252 1465 350 1501 ἡδονῆς
369 1464 596 1499 διαθαλπόμενον,
620 1463 669 1490 καὶ
691 1462 760 1497 πρὸς
780 1461 831 1493 τὰς
845 1461 958 1491 ἀκτῖνας

1046 628 1118 656 Ibid.
1137 644 1169 650 —
1185 628 1243 656 lloc
1258 627 1360 660 audivi,
1373 627 1508 655 marinum
1516 628 1656 661 cchinum,
1670 628 1798 663 exiguum

1009 675 1077 703 illud
1093 682 1207 710 prorsus
1219 678 1245 701 ct
1259 674 1393 709 abjectum
1411 673 1526 705 animal,
1544 674 1753 708 tranquillitatis
1771 678 1798 701 et

1009 720 1180 754 tempestatis
1211 718 1370 753 magistrum
1403 725 1463 745 sese
1505 718 1700 754 navigpntibus
1727 726 1799 754 saepe

1007 765 1139 801 praebere.
1154 763 1222 791 Nam
1233 771 1294 791 cum
1322 767 1464 791 ventorum
1481 763 1711 797 perturbationem
1734 772 1798 799 pro-

1007 811 1097 846 spicit,
1122 817 1230 845 gravent
1246 813 1274 837 et
1289 809 1417 836 eximium
1437 808 1572 835 calculum
1585 809 1679 841 subit,
1703 810 1730 836 in
1745 816 1799 844 quo

1009 864 1063 884 non
1078 863 1159 884 secus
1175 863 1207 882 ac
1223 855 1251 882 in
1278 854 1400 881 anchora
1414 854 1474 882 sine
1488 853 1650 881 discrimine
1665 854 1722 881 ullo
1739 855 1798 890 agi-

1010 906 1084 929 tatur
1103 911 1110 928 ε
1126 901 1227 936 quippe
1245 901 1293 936 qui
1308 900 1395 935 lapilli
1407 900 1478 927 mole
1490 900 1634 932 retinetur,
1649 901 1800 936 quominus

1010 947 1121 975 facilea
1149 947 1277 974 [luctibus
1310 946 1498 974 abstrahatur.
1524 946 1601 980 Quod
1614 947 1723 982 signum
1752 948 1799 975 ubi

1009 998 1099 1022 nauta:
1112 1001 1290 1030 perspexero,
1307 993 1371 1020 hinc
1381 993 1553 1027 exploratum
1569 993 1671 1020 habent
1703 993 1799 1029 ingen-

1010 1044 1063 1068 tem
1075 1043 1218 1067 ventorum
1234 1039 1445 1066 commotionem
1464 1038 1634 1073 impendere.

1047 1085 1117 1112 Iln'd.
1135 1101 1170 1106 —
1184 1085 1290 1113 Cancer
1316 1084 1400 1112 ostrei
1430 1091 1540 1111 carnem
1556 1084 1668 1119 appetit.
1700 1083 1799 1112 Verrini

1010 1135 1091 1166 captu
1117 1131 1238 1159 dilﬁcilis
1259 1131 1317 1158 lucc
1344 1130 1436 1165 praeda
1458 1135 1501 1157 est
1516 1135 1628 1165 propter
1638 1134 1714 1157 testa.-
1729 1131 1799 1157 inle-

1009 1183 1180 1214 gumentum.
1220 1177 1324 1204 Natura
1352 1176 1491 1211 siquidem
1521 1176 1615 1203 carnis
1656 1175 1800 1203 mollitiem

1011 1225 1089 1252 firmo
1106 1225 1312 1260 propugnaculo
1327 1222 1519 1250 communivit.
1535 1221 1614 1249 Unde
1628 1222 1679 1248 hoc
1690 1230 1801 1257 quoque
1852 1215 1855 1239 ί

1009 1271 1229 1306 ὀστρακόδερμον
1254 1269 1417 1304 appellatur.
1434 1269 1474 1295 Ac
1501 1268 1631 1303 quoniam
1650 1268 1711 1295 dum
1727 1269 1801 1296 cavi-
1848 1268 1851 1302 ἐ

1011 1321 1081 1343 tates
1107 1315 1141 1342 ad
1154 1315 1287 1343 amussim
1301 1314 1417 1342 invicem
1431 1317 1566 1348 coaptatac
1582 1317 1703 1341 ostreum
1723 1321 1800 1341 com-
1843 1310 1848 1334 έ

1011 1362 1177 1397 plectuntur,
1206 1361 1269 1388 hinc
1283 1361 1438 1388 necessario
1453 1359 1483 1386 tit
1502 1363 1530 1385 nt
1554 1358 1727 1386 denticulata:
1736 1366 1802 1386 can-

1010 1409 1049 1436 cri
1065 1408 1182 1442 forcipes
1211 1407 1278 1434 nihil
1295 1405 1406 1433 omnino
1427 1404 1561 1432 conﬁcere
1585 1404 1702 1439 possint.
1730 1404 1801 1437 Quid

1011 1462 1077 1490 ergo
1101 1454 1186 1482 facit?
1201 1453 1269 1480 Cum
1291 1456 1413 1480 ostreum
1429 1451 1457 1478 in
1475 1451 1508 1478 iis
1523 1451 1589 1478 locis
1605 1458 1666 1485 quae
1686 1458 1700 1477 a
1714 1450 1802 1477 ventis

169 1495 216 1539 τοῦ
229 1495 306 1547 ἡλίου
315 1495 365 1543 τ’ἀς
379 1510 484 1545 πτύχας
497 1495 594 1536 euocati
609 1495 802 1535 διαπλώσαντα
811 1527 818 1539 ,
836 1506 896 1533 τότε
908 1505 957 1532 λά-

1012 1503 1117 1526 rernota
1141 1503 1217 1530 sunt,
1233 1497 1420 1525 ammnissime
1433 1503 1463 1523 se
1480 1495 1582 1527 fovere.
1603 1499 1687 1529 atque
1703 1495 1736 1522 ad
1753 1502 1801 1522 so-

170 1558 222 1593 ορα
233 1557 336 1593 ψηφίδα
351 1556 538 1592 παρεμϐαλὼν
554 1556 569 1581 ὸ
582 1555 712 1590 καρκῖνος
723 1573 730 1585 ,
749 1552 894 1579 διακωλύει
911 1552 959 1587 τὴν

171 1602 335 1640 σύμπτυξιν,
347 1602 395 1630 καὶ
411 1602 569 1638 εὑρίσκεται
579 1601 609 1627 τὸ
625 1600 750 1627 ἐλλεῖπον
759 1599 808 1634 τῆς
819 1598 960 1633 δυνάμεως

170 1650 212 1677 διὰ
224 1650 272 1685 τῆς
292 1648 413 1680 ὲπινοίας
432 1647 650 1683 περιγινόμενον.
672 1644 748 1679 Αὕτη
777 1644 794 1679 ὴ
808 1643 892 1670 κακία
906 1642 960 1670 τῶν

172 1697 240 1732 μήτε
255 1695 347 1730 λόγου,
364 1695 433 1730 μήτε
450 1693 544 1728 φωνῆς
560 1691 738 1728 μετεχόντων.

207 1785 264 1812 οὐκ
275 1785 308 1812 ἂν
320 1784 452 1820 παρέλθοι
465 1791 510 1818 μοι
520 1783 551 1809 τὸ
564 1781 613 1809 τοῦ
627 1780 778 1812 πολύποδος
791 1779 899 1815 δολερὸν
911 1780 959 1806 καὶ

172 1832 330 1864 ἐπίπλοκον,
347 1830 361 1857 ὃ
375 1829 455 1865 ὁποία
477 1829 543 1856 ποτὲ
561 1828 594 1856 ἂν
615 1827 705 1864 πέτρᾳ
729 1826 898 1862 περιπλακῇ,
912 1825 961 1861 τὴν

172 1878 280 1912 ἐκείνης
307 1876 437 1911 ὑπέχεται
463 1874 558 1911 χρόαν,
582 1873 653 1901 ὥστε
681 1873 745 1904 τοὺς
771 1871 888 1902 πολλοὺς
906 1871 961 1897 τῶν

174 1925 273 1960 ἰχθύων
290 1923 453 1958 ἀπροόπτως
468 1921 635 1957 νηχομένους
649 1919 689 1955 τῷ
702 1917 960 1952 πολύποδιπεριπί-

173 1979 261 2002 πτειν,
271 1971 304 2005 τῇ
319 1969 407 2004 πέτρᾳ
422 1967 514 2003 δῆθεν,
534 1966 583 1994 καὶ
598 1966 692 2001 ἕτερον
703 1964 832 2000 γενέσθαι
848 1963 961 1998 θήραμα

171 2017 210 2053 τῷ
223 2016 378 2052 πανούργῳ.

208 2057 312 2098 Γαῦρον
333 2063 347 2089 ὁ
368 2060 536 2096 ἀλεκτρυὼν,
559 2057 704 2094 φιλόκαλον
725 2057 740 2082 ὁ
761 2055 844 2089 ταὼς,
864 2054 960 2089 λάγνοι

173 2107 345 2144 περιστεραὶ,
362 2107 409 2134 καὶ
434 2107 462 2134 al.
486 2104 645 2132 κατοικίδιοι
673 2103 764 2138 δρνεις
791 2101 838 2128 ἐπὶ
859 2100 961 2132 παντὸς

172 2154 270 2191 καιροῦ
295 2154 327 2181 τὸ
353 2152 530 2181 συνουσιακδν
550 2151 674 2186 ἔχουσαι·
701 2147 809 2184 δολερὸν
825 2147 839 2173 ὁ
862 2146 959 2182 πέρδιξ

1012 1545 1045 1572 lis
1074 1544 1167 1571 radios
1191 1543 1379 1570 concavitates
1409 1549 1475 1569 suas
1505 1542 1642 1575 explicare
1657 1541 1799 1576 perspicit,

1011 1593 1068 1616 tum
1088 1588 1183 1616 furtim
1212 1587 1312 1622 injecto
1324 1586 1433 1613 calculo
1443 1586 1574 1620 prohibet
1592 1593 1627 1612 ne
1641 1593 1740 1613 rursus
1753 1593 1801 1613 eas

1010 1635 1171 1670 complicet,
1198 1637 1279 1668 atque
1300 1632 1337 1659 ita
1353 1632 1379 1660 id
1400 1632 1473 1668 quod
1498 1631 1605 1659 viribus
1620 1631 1723 1664 deerat,
1737 1631 1802 1658 arti-

1011 1681 1074 1708 ficio
1101 1685 1184 1716 atque
1213 1679 1353 1707 industria
1373 1678 1527 1714 suppletur.
1544 1678 1609 1705 Have
1635 1681 1678 1705 est
1697 1678 1802 1705 malitia

1011 1733 1106 1754 eorum
1117 1734 1178 1760 quae
1193 1733 1243 1752 nec
1255 1732 1350 1752 vocem
1367 1732 1418 1751 nec
1433 1723 1568 1750 rationem
1583 1723 1693 1751 habent.

1048 1771 1146 1807 Ejusd.
1162 1787 1197 1792 --
1214 1771 1270 1799 Nec
1303 1778 1367 1799 vero
1387 1773 1475 1798 aslum
1499 1769 1802 1805 versutiamqnepolypi

1011 1818 1122 1846 silentio
1134 1817 1306 1854 praeteriero,
1318 1817 1365 1852 qui
1380 1816 1413 1843 ad
1430 1815 1617 1851 quodcunque
1636 1823 1735 1843 saxum
1754 1816 1803 1842 ad-

1012 1864 1133 1894 hmserit,
1154 1864 1227 1891 illius
1252 1863 1371 1890 colorem
1395 1862 1481 1890 subit.
1501 1861 1540 1889 Ex
1558 1869 1613 1897 quo
1630 1861 1747 1889 efficitur
1773 1865 1803 1889 ut

1013 1910 1090 1937 multi
1107 1909 1187 1944 527
1201 1910 1291 1944 pisces
1303 1909 1452 1944 improviso
1465 1912 1604 1940 natantes,
1615 1908 1641 1935 in
1657 1915 1719 1935 eum
1741 1911 1803 1934 tan—

1011 1964 1094 1990 quam
1108 1956 1135 1983 in
1148 1963 1242 1983 saxum
1259 1955 1392 1987 incidant,
1406 1954 1610 1989 vetcratorique
1621 1954 1659 1981 illi
1674 1953 1802 1989 protinus

1013 2003 1039 2030 in
1050 2001 1169 2037 praedam
1190 2000 1298 2029 cedant.

1049 2047 1146 2082 Ejusd.
1158 2046 1250 2074 ltomil.
1267 2045 1294 2073 8.
1309 2061 1342 2066 --
1354 2045 1477 2080 Superbe
1489 2044 1588 2079 gallus.
1599 2044 1725 2080 graditur
1738 2045 1798 2079 gal-

1014 2096 1146 2127 linaceus,
1173 2093 1283 2121 decoris
1309 2096 1353 2119 est
1369 2091 1513 2119 studiosus
1534 2097 1615 2125 pavo,
1635 2091 1743 2118 salaces
1754 2098 1802 2118 co-
1832 2088 1834 2108 δ

1015 2142 1114 2170 lumbae
1145 2148 1178 2168 ac
1191 2139 1351 2168 domesticae
1367 2139 1504 2167 volucres.
1523 2142 1553 2164 ut
1566 2145 1627 2171 qua:
1636 2138 1712 2164 omni
1729 2143 1800 2165 tem-

174 2184 228 2228 ut,
237 2201 398 2236 ζηλότυπον,
416 2184 581 2233 κακούργως
595 2196 781 2231 συμπράττων
797 2195 854 2226 τοῖς
867 2193 959 2229 θηρευ-

1014 2196 1078 2224 pore
1096 2187 1233 2224 proclives
1252 2187 1278 2213 in
1297 2193 1424 2213 venerem
1434 2185 1507 2218 sint;
1522 2184 1623 2212 callida
1634 2187 1662 2211 et
1675 2184 1799 2220 zelotypa

171 2247 232 2277 ταῖς
246 2246 313 2281 πρὸς
329 2246 378 2280 τὴν
394 2245 492 2280 ἄγραν.

208 2334 269 2362 Τῶν
289 2332 424 2369 μελισσῶν
439 2332 516 2366 κοινὴ
533 2332 581 2366 μὲν
604 2332 621 2366 ἡ
650 2331 767 2366 οἴκησις,
794 2330 911 2365 ἐργασία
934 2330 962 2356 δὲ

173 2382 282 2409 πάντων
307 2380 369 2416 μία·
394 2379 485 2406 καὶτὸ
501 2377 630 2412 μέγιστον
649 2378 689 2404 ὅτι
710 2377 762 2403 ὑπὸ
787 2376 894 2411 βασιλεί
914 2375 962 2402 καὶ

167 2429 278 2464 ἐξάρχω
291 2427 345 2453 τινὶ
365 2425 421 2453 τῶν
444 2425 532 2461 ἔργων
550 2424 692 2456 ἅπτονται,
706 2424 737 2450 οὐ
753 2423 887 2458 πρότερον
907 2431 957 2449 κα-

173 2475 346 2510 ταδεχόμενοι
378 2473 423 2499 ἐπὶ
454 2472 517 2503 τοὺς
539 2471 675 2505 λειμῶνας
703 2470 800 2502 ὲλθεῖν,
833 2469 899 2504 πρὶν
926 2469 960 2496 ἂν

175 2522 265 2549 ιδωσιν
280 2520 451 2555 κατάρξαντα
470 2519 515 2546 τὸν
538 2517 652 2554 βασιλέα
674 2517 722 2552 τῆς
745 2517 882 2552 πτήσεως.
905 2516 961 2542 Καὶ

174 2567 246 2593 ἔστιν
266 2567 362 2596 αὐταῖς
379 2565 408 2591 οὑ
425 2564 610 2600 χειροτόνητος
624 2564 637 2589 ὀ
662 2562 803 2597 βασιλεύς·
830 2560 960 2592 πολλάκις

174 2613 228 2648 γὰρ
244 2613 290 2639 καὶ
310 2612 430 2646 ἀκρασία
444 2618 455 2632 I
475 2611 562 2646 δήμου
585 2610 631 2636 τὸν
648 2609 784 2645 χείριστον
808 2608 848 2638 εἰς
873 2607 960 2642 ἀρχὴν

175 2658 378 2693 προεστήσατο·
396 2655 456 2683 οὐδὲ
481 2655 625 2690 κληρωτὴν
641 2654 709 2690 ἔχων
733 2654 784 2689 τὴν
811 2651 935 2685 ἐξουσίαν
954 2660 960 2667 ·

174 2704 265 2738 ἄλογοι
283 2703 338 2737 γὰρ
355 2703 382 2729 αἱ
400 2702 540 2737 συντυχίαι
561 2702 616 2728 τῶν
631 2700 750 2735 κλήρων,
767 2699 814 2726 ἐπὶ
829 2698 873 2725 τὸν
891 2697 960 2724 πάν-

1013 2236 1120 2271 perdix,
1147 2241 1209 2269 quae
1258 2232 1377 2261 subdole
1420 2230 1598 2259 venatoribus
1625 2237 1738 2265 Operam
1765 2230 1800 2257 ad

1012 2283 1133 2318 praedam
1153 2285 1244 2309 navet.
1538 2272 1542 2275 ’

1046 2329 1199 2356 Commune
1236 2326 1335 2362 apibus
1356 2325 1528 2353 domicilium
1557 2328 1610 2357 est,
1643 2323 1802 2351 communis

1012 2375 1136 2403 omnium
1166 2374 1259 2407 labor;
1277 2372 1410 2408 quodque
1435 2371 1560 2399 omnium
1586 2370 1736 2397 maximum
1747 2375 1800 2400 est,

1013 2423 1064 2451 sub
1084 2429 1139 2449 uno
1153 2428 1216 2456 rege
1230 2424 1255 2447 et
1270 2420 1397 2454 principe
1417 2426 1517 2454 operas
1532 2421 1692 2452 capessunt.
1709 2416 1802 2451 Neque

1013 2468 1086 2496 enim
1106 2467 1182 2502 prius
1206 2466 1240 2493 ad
1260 2470 1340 2500 prata
1355 2473 1386 2492 se
1401 2465 1529 2492 conferre
1542 2464 1692 2494 sustinent,
1716 2470 1800 2498 quam

1013 2521 1104 2549 regem
1130 2513 1255 2541 avolasse
1282 2512 1413 2539 viderint.
1426 2510 1482 2538 Nec
1504 2517 1571 2537 vero
1592 2508 1664 2544 apud
1676 2516 1724 2536 eas
1741 2506 1800 2535 suf-

1015 2560 1110 2595 fragiis
1123 2567 1171 2586 rex
1191 2563 1301 2586 creatur
1317 2557 1491 2594 (frequenter
1511 2556 1584 2584 enim
1601 2554 1693 2590 populi
1707 2561 1802 2580 vecor-

1015 2606 1060 2632 dia
1076 2606 1175 2632 factum
1192 2609 1232 2631 est
1253 2607 1282 2631 ut
1298 2604 1344 2639 qui
1364 2603 1503 2638 pessimus
1515 2605 1588 2630 esset
1603 2601 1637 2627 ad
1654 2599 1801 2634 imperium

1016 2650 1231 2685 ascisceretur),
1256 2657 1305 2677 nec
1325 2656 1425 2676 rursus
1443 2648 1542 2675 sortito
1559 2645 1706 2681 imperium
1727 2644 1802 2671 Oblt-

1016 2701 1062 2725 nct
1088 2697 1118 2732 (a
1130 2696 1236 2723 ratione
1248 2695 1349 2730 quippe
1367 2694 1455 2722 aliena
1471 2697 1535 2721 sunt
1561 2698 1623 2727 qua:
1638 2695 1712 2718 sorte
1733 2695 1802 2716 con-

828 2785 945 2815 VAllle
964 2785 1168 2814 LECTIONES.

213 2847 226 2862 ι
239 2840 308 2869 Edit.
322 2839 425 2872 Basilii,
442 2839 561 2872 ἀκρισία.
