2056 3113
119 700 223 740 τἶίιίκ

171 139 239 173 1577
274 149 281 153 ‘

822 140 940 170 saeua
960 141 1190 171 PARALLELA.
1504 129 1512 160 ι

1732 144 1800 176 1578

170 199 265 234 animi»;
290 199 345 230 τοῖς
369 198 432 234 τῇδε
456 196 575 234 χωρίοις,
596 195 668 224 οὕτω
687 196 714 223 δὲ
733 197 778 231 ὑφ’
799 197 838 223 ἑνὶ
863 196 957 231 συνθή-

1012 196 1151 231 saplentia
1165 200 1300 224 remotum
1314 197 1365 225 hoc
1375 203 1462 233 genus
1474 196 1617 225 volucrum
1630 202 1682 227 est.
1700 198 1803 228 Omnes

171 253 238 280 ματι
265 245 369 277 πάντας
395 244 534 280 ἀπαίρειν.
552 243 736 280 Δορυφοροῦσι
759 243 788 270 δὲ
810 242 910 274 αὐτοὺς
931 243 958 269 αἱ

170 290 235 325 παρ’
248 290 314 326 ἡμῖν
330 290 459 326 κορῶναι,
475 290 524 316 καὶ
538 289 785 325 παραπέμπουσιν,
798 288 859 324 ἐμοὶ
873 288 958 320 δοκεῖ,

170 337 217 364 καὶ
234 337 394 372 συμμαχίαν
412 335 475 363 τινὰ
495 335 656 371 ποιούμεναι
672 335 740 371 πρδς
757 334 867 370 δρνιθας
884 334 961 361 πολε-

172 382 259 416 μίουςί
276 382 392 417 Σημεῖον
407 382 435 408 δὲ
450 381 559 417 πρῶτον
576 381 625 416 μὲν
641 381 671 407 τὸ
692 381 730 416 μὴ
747 380 888 415 φαίνεσθαι
907 380 959 406 ὑπὸ

171 427 215 454 τὸν
230 428 324 463 καιρὸν
344 428 446 454 ἐκεῖνον
471 427 595 463 κορώνην
618 427 790 454 παντάπασιν
803 435 809 441 ·
824 426 918 452 ἔπειτα
931 427 960 452 δὲ

170 473 210 499 ὅτι
226 473 295 508 μετὰ
306 473 469 508 τραυμάτων
481 472 705 508 ἐπανερχόμεναι,
721 471 822 506 ἐναργῆ
835 471 881 498 τοῦ
898 480 959 498 συν-

170 518 307 555 ασπισμοῦ
326 520 374 546 καὶ
391 519 440 554 τῆς
452 519 611 554 συμμαχίας
626 518 661 544 τὰ
679 518 780 554 σημεῖα
805 518 957 552 κομίζουσι.

170 565 219 598 Τίς
236 566 301 601 παρ’
311 566 405 598 αὐταῖς
416 566 478 597 τοὺς
491 565 541 601 τῆς
556 565 705 600 φιλοξενίας
717 565 825 600 διώρισε
841 564 957 600 νόμους;

128 623 133 655 λ
170 611 219 643 Τίς
225 611 321 650 αὑταῖς
329 611 476 647 ἠπείλησεν
484 611 654 645 λειποταξίου
665 611 782 655 στρατοῑ)
794 611 913 647 γραφὴν,
922 611 959 643 ὡς

175 621 186 637 ι
195 621 218 643 ις
225 621 321 650 αυταις
329 621 476 647 ηπειΛησεν
485 621 654 645 Λειποταςιου
665 621 765 647 στρατο
794 621 913 647 γραφην,
922 621 959 643 ως

167 656 261 729 μηδΖμ
266 657 308 684 ίαν
315 657 510 685 ἀπολείπεσθαι
518 657 568 693 τῆς
578 658 745 694 προπομπῆς
751 621 959 729 ςέΑκουέτωσαν

169 702 193 728 οἱ
207 711 223 729 κ
245 703 359 729 κόξενοι.
374 703 398 729 οἱ
412 703 461 729 τὰς
471 703 555 729 Mea:
569 703 760 729 κλείοντες.κα
783 704 850 729 ιιτιδὲ
860 704 959 729 στέγης

245 703 359 736 κόξενοι,
374 703 398 730 oi
406 703 461 736 ,τὰς
471 703 555 740 θύρας
569 703 716 737 κλείοντες,
724 703 770 731 καὶ
782 704 850 739 μηδὲ
860 704 959 739 στέγης

135 756 138 757 ⁷
170 749 200 775 ἐν
218 748 333 784 χειμῶνι
355 749 401 776 καὶ
412 750 489 776 νυκτὶ
503 750 560 782 τοῖς
578 748 741 785 ἐπιδημοῦσι
761 749 958 785 μεταδιδόντες.

166 795 207 831 ιἭ
220 795 248 822 δὲ
266 796 330 831 περὶ
346 796 408 828 τοὺς
421 795 597 832 γηράσαντας
610 796 663 823 τῶν
687 795 832 832 πελαργῶν
847 795 959 832 πρόνοια

170 841 280 877 ἐξαρκεί
298 842 361 874 τοὺς
381 842 480 874 παῖδας
502 842 590 878 ἡμῶν,
607 843 631 868 ει
648 842 793 878 προσέχειν
809 841 958 877 βούλοιντο,

170 887 352 922 φιλοπάτορας
371 888 552 923 καταστῆσαι.
578 888 691 920 Πάντως
707 888 761 923 γάρ
773 887 859 919 οὐδεὶς
873 887 957 919 οὕτως

1011 889 1382 924 peregrinisimpertiuntur.
1405 890 1439 916 At
1453 897 1520 918 vero
1541 890 1712 919 ciconiarum
1733 899 1801 928 erga
1850 895 1853 900 ‘

170 934 300 961 ἐλλείπων
320 934 391 961 κατὰ
407 936 455 969 τὴν
472 934 615 970 φρόνησιν,
630 934 667 965 ὡς
684 934 721 969 μὴ
737 933 868 969 αἰσχύνης
883 933 958 965 ἄξιον

169 980 273 1015 κρίνειν
285 979 340 1007 τῶν
351 979 528 1014 ἀλογωτάτων
540 979 652 1015 ὀρνίθων
661 978 814 1014 ὑστερίζειν
825 978 885 1005 κατ’
895 980 958 1014 ἁρε-

169 1026 228 1061 τήν.
249 1025 363 1052 Ἐκεῖνοι
389 1024 441 1061 γὰρ
464 1025 509 1052 τὸν
534 1024 641 1061 πατέρα
660 1024 712 1051 ὑπὸ
730 1026 823 1060 γήρως
842 1025 957 1060 πτερορ-

170 1072 311 1107 ρυήσαντα
334 1073 363 1099 ἐν
381 1071 475 1106 κύκλῳ
491 1072 548 1103 τοῖς
565 1071 677 1103 οίκείοις
694 1071 804 1106 πτεροῖς
828 1070 958 1105 περιϐάλ-

170 1124 277 1149 πουσιν,
295 1116 342 1144 καὶ
358 1117 408 1148 τὰς
424 1116 528 1153 τροφὰς
547 1116 672 1151 ἀφθόνως
690 1115 957 1150 παρασκευάζοντες,

169 1162 217 1198 τὴν
231 1162 349 1199 δυνατὴν
359 1163 406 1189 καὶ
419 1163 448 1189 ἔν
462 1164 494 1199 τῇ
514 1163 612 1198 πτήσει
629 1161 870 1198 παρασκευάζουσι
893 1160 959 1196 βοή-

169 1208 255 1239 θειαν.
264 1208 355 1245 ἠρέμα
367 1209 405 1244 τῷ
416 1208 508 1244 πτερῷ
520 1208 696 1244 κουφίζοντες
706 1207 888 1243 ἑκατέρωθεν.
905 1207 960 1233 Καὶ

169 1253 240 1281 οὕτω
256 1255 335 1282 τοῦτο
352 1255 427 1291 παρὰ
447 1256 515 1281 πᾶσι
530 1254 718 1289 διαϐεϐόηται,
734 1253 805 1280 ὥστε
820 1253 870 1288 ήδη
887 1252 959 1284 τινὲς

168 1300 218 1336 τὴν
241 1301 295 1327 τῶν
324 1301 553 1337 εὐεργετημάτων
579 1299 757 1327 ἀνταπόδοσιν
780 1297 958 1331 ἀντι-κελάρ-

170 1353 262 1379 γωσιν
273 1345 377 1381 ὀνομάζ
379 1355 390 1372 ε
395 1354 429 1373 ιν.

1011 243 1106 278 itaque
1135 251 1191 270 uno
1222 243 1376 279 eodemque
1403 249 1528 279 tempore
1554 244 1586 271 ad
1604 244 1655 272 has
1673 246 1802 281 regiones

1010 293 1178 323 commeant,
1198 296 1230 317 ac
1245 297 1346 318 rursus
1362 290 1426 318 inde
1449 296 1546 318 omnes
1570 290 1644 318 velut
1668 299 1724 319 uno
1736 291 1802 319 dato

1010 333 1092 369 signo
1107 338 1136 362 et
1154 335 1283 362 condicto
1303 335 1445 363 recedunt.
1469 335 1576 371 Stipant
1599 344 1682 371 porro
1705 344 1752 365 cas
1774 341 1802 365 ct

1012 381 1209 416 prosequendo
1236 381 1379 409 deducunt
1395 386 1495 410 nostra:
1522 382 1660 415 cornices,
1676 383 1738 411 belli
1755 391 1801 411 so-

1011 427 1111 454 cietate
1133 428 1263 462 quadam,
1277 432 1305 472 ut
1328 435 1401 460 reor,
1417 428 1551 455 adversus
1582 429 1708 456 inimicas
1736 437 1801 457 aves

1011 472 1093 500 facta.
1121 474 1290 508 Argumento
1321 474 1388 500 illud
1415 474 1462 504 sit.
1493 475 1611 509 primum
1628 476 1700 510 quod
1724 476 1801 502 nulla
1840 499 1841 504 η

1010 520 1124 545 omnino
1136 526 1168 545 co
1192 523 1315 553 tempore
1332 520 1428 547 cornix
1444 524 1592 553 cernatur;
1609 521 1707 548 deinde
1728 523 1802 555 quod
1843 521 1846 543 ε

1010 571 1072 591 cum
1094 564 1256 592 vulneribus
1303 565 1462 597 redeuntes,
1484 567 1632 602 perspicua
1645 575 1803 603 propugna-

1011 610 1095 637 tionis
1109 614 1134 637 et
1155 610 1312 638 commilitii
1342 611 1421 646 signa
1449 610 1581 639 referant.
1607 613 1711 648 Ecquis
1736 621 1801 642 vero

1010 656 1083 692 apud
1112 664 1159 684 eas
1184 657 1385 691 hospitalitatis
1399 658 1569 693 praescripsit
1590 659 1683 695 leges?
1700 660 1802 696 Ecquis

1009 702 1126 730 deserta:
1144 703 1248 730 militia:
1260 703 1428 731 delationem
1447 705 1635 733 comminatus
1647 711 1700 738 est,
1720 712 1749 734 ut
1766 715 1801 735 ne

1009 755 1064 784 qua
1089 750 1123 776 ab
1148 749 1201 776 hoc
1217 750 1349 778 comitatu
1372 750 1462 778 absit?
1477 750 1600 779 Audiaut
1628 752 1686 780 haec
1701 753 1747 788 qui
1767 754 1801 780 ab

1009 795 1207 830 hospitalitatis
1232 796 1326 824 studio
1352 796 1516 831 abhorrent,
1547 798 1595 833 qui
1627 797 1704 827 fures
1735 806 1801 828 suas

1010 842 1153 874 claudunt,
1172 849 1203 869 ac
1218 848 1252 869 ne
1272 846 1373 870 tectum
1389 843 1499 877 quidem
1518 844 1545 871 in
1559 843 1648 872 hieme
1663 848 1802 880 noctuque

1011 934 1074 962 illas
1098 942 1160 969 qua:
1187 939 1396 962 consenuerunt
1421 935 1544 963 studium
1562 941 1590 964 et
1607 943 1673 964 cura
1687 937 1800 971 suﬂicit,

1011 978 1044 1005 ad
1062 979 1146 1011 lilios,
1168 979 1190 1007 si
1204 979 1324 1014 adjicere
1341 980 1463 1007 aninmm
1489 981 1586 1016 velint,
1603 983 1636 1010 ad
1654 988 1800 1018 parentum

1011 1032 1131 1052 amorem
1149 1025 1324 1054 excitandos.
1346 1026 1467 1054 Omnino
1485 1027 1559 1054 enim
1577 1036 1658 1055 nemo
1672 1033 1728 1056 tam
1743 1030 1801 1058 cxi-

1010 1077 1062 1105 gua
1092 1070 1224 1106 praeditus
1246 1071 1392 1106 prudentia
1414 1076 1466 1104 est,
1483 1073 1530 1108 qui
1554 1081 1610 1101 non
1625 1078 1707 1110 turpe
1737 1082 1801 1103 esse

1009 1120 1155 1143 censeata
1185 1116 1377 1146 stolidissimis
1404 1119 1503 1146 avibus
1534 1119 1638 1148 virtute
1662 1122 1798 1156 superari.

1011 1160 1158 1189 Enimvero
1181 1166 1287 1196 patrem
1313 1163 1367 1190 illa
1388 1171 1445 1199 pra:
1463 1169 1574 1192 senecta
1593 1165 1753 1200 implumem
1771 1167 1799 1194 in

1009 1208 1102 1234 orbem
1133 1209 1360 1242 circumstantes.
1388 1211 1487 1245 pennis
1511 1211 1570 1239 suis
1595 1212 1755 1244 confoveut,
1773 1218 1801 1241 et

1009 1252 1124 1287 copiosa
1155 1254 1206 1289 ipsi
1231 1254 1360 1281 alimenta
1385 1255 1643 1289 subministrantes,
1661 1258 1688 1285 in
1704 1259 1799 1286 volatu

1012 1305 1132 1333 quoque,
1151 1307 1232 1334 quatn
1261 1297 1390 1336 possunt,
1407 1309 1487 1337 opem
1516 1302 1620 1336 ferunt,
1639 1305 1800 1340 sensitnque

1012 1351 1044 1370 ac
1062 1344 1160 1373 leviter
1181 1353 1244 1374 eum
1271 1347 1371 1382 pennis
1397 1348 1456 1375 suis
1488 1349 1619 1384 utrinque
1644 1350 1798 1378 sublevant.

168 1392 258 1428 Atque
280 1393 331 1421 hoc
358 1394 394 1420 ita
419 1393 558 1421 hominum
584 1393 762 1421 sermonibus
778 1392 946 1419 celebratum
974 1395 1026 1423 est,
1058 1397 1087 1419 ut
1119 1393 1201 1420 etiam
1234 1394 1359 1422 nonnulli
1393 1398 1569 1430 acceptorum
1603 1396 1798 1425 beneﬁciorum

169 1439 372 1466 rctaliatioucm
388 1438 625 1474 ἁντιπελάργωσιν
638 1439 809 1474 appellitent.

202 1485 305 1520 Μηδεὶς
339 1486 435 1513 πενίαν
461 1486 611 1522 ὀδυρέσοω,
645 1486 713 1520 μηδὲ
747 1485 995 1519 ἀπογινωσκέτωρ

169 1531 265 1558 ἑαυτοῦ
277 1531 325 1566 τὴν
339 1531 421 1566 ζωὴν,
435 1533 449 1558 ό
465 1531 599 1567 μηδεμίαν
616 1531 685 1557 οἴκοι
701 1530 861 1565 περιουσίαν
873 1538 959 1557 κατα-

168 1577 266 1610 λιπὼν,
288 1577 356 1612 πρδς
383 1577 414 1603 τὸ
438 1578 488 1612 τῆς
505 1577 638 1612 χελιδόνος
662 1577 816 1612 εὐμήχανον
844 1575 961 1602 ἀποϐλέ-

169 1631 238 1649 πων.
262 1623 368 1658 Ἐκείνη
391 1622 445 1658 γὰρ
471 1623 521 1658 τὴν
546 1623 643 1649 καλιάν
667 1621 887 1657 πηγνυμένη,τὰ
910 1621 960 1656 μὲν

169 1667 263 1703 κάρφη
283 1666 322 1703 τῷ
350 1667 464 1703 στόματι
485 1667 649 1703 διακομίζει,
666 1666 751 1702 πηλὸν
768 1667 796 1693 δὲ
813 1668 867 1699 τοῖς
881 1667 959 1693 ποσὶν

169 1710 234 1748 ἆραι
253 1711 290 1748 μὴ
306 1713 452 1748 δυναμένη,
469 1712 504 1739 τὰ
521 1714 594 1748 ἄκρα
606 1711 661 1739 τῶν
681 1712 769 1739 ποδῶν
785 1712 860 1739 ὕδατι
874 1721 956 1739 καταο

169 1758 300 1794 ϐρέξασα,
329 1757 389 1785 εἶτα
424 1760 456 1794 τῇ
494 1758 646 1794 λεπτοτάτῃ
676 1758 750 1785 κόνει
777 1757 955 1793 ὲνειληθείσα,

169 1803 254 1836 οὕτως
271 1805 374 1831 ἐπινοεῖ
387 1803 434 1831 τοῦ
451 1804 537 1840 πηλοῦ
555 1804 604 1840 τὴν
624 1805 730 1839 χρείαν,
750 1804 798 1830 καὶ
825 1804 896 1830 κατὰ
913 1812 957 1839 μι-

169 1850 234 1886 κρὸν
259 1850 384 1886 ἀλλήλοις
411 1852 445 1877 τὰ
467 1851 561 1886 κάρφη
585 1848 641 1877 οἷον
664 1851 745 1886 κόλλῃ
759 1850 811 1876 τινὶ
825 1849 863 1885 τῷ
879 1850 956 1885 πηλῷ

171 1896 335 1932 συνδήσασα,
348 1897 377 1923 ἐν
388 1897 456 1932 αὐτῇ
469 1897 532 1929 τοὺς
545 1897 672 1928 νεοσσοὺς
690 1895 828 1932 ἐκτρέφει.
846 1893 896 1923 Ὧν
909 1897 957 1923 ἐάν

168 1950 211 1974 τις
225 1943 376 1978 ὲκκεντήσῃ
401 1943 435 1970 τὰ
455 1942 578 1978 ὄμματα,
596 1943 652 1979 ἔχει
671 1943 731 1969 τινὰ
749 1942 824 1978 παρὰ
838 1943 887 1979 τῇς
904 1943 956 1974 φύ-

142 2016 145 2019 ,
170 1997 239 2021 σεως
253 1976 386 2025 ἰατρείαν,
407 1989 441 2016 δι’
460 1976 499 2026 ἧς
513 1990 581 2026 πρὸς
605 1976 700 2024 ἀγείαν
724 1976 887 2034 ἐπαναγίᾷῃ
901 1989 956 2015 τῶν

169 2035 288 2070 ἐγγόνων
315 2035 364 2067 τὰς
388 2035 474 2070 ὄψεις.
500 2035 593 2063 Ταῦτά
617 2044 647 2062 σε
674 2036 834 2063 νουθετεῖ-ιω
853 2036 890 2071 μὴ
913 2035 956 2061 διὰ

170 2081 264 2107 πενίαν
274 2081 342 2117 πρὸς
359 2081 526 2117 κακουργίαν
537 2081 696 2117 τρέπεσθαι,
711 2082 777 2116 μηδὲ
799 2082 827 2108 ἐν
840 2082 895 2113 τοῖς
911 2089 955 2116 χα-

168 2127 336 2158 λεπωτάτοις
368 2128 481 2156 πάοεσιν
511 2129 601 2156 πᾶσαν
638 2128 734 2155 ἐλπίδα
764 2128 955 2164 ἀπορρίψαντα

169 2174 309 2209 ἄπρακτον
334 2174 440 2201 κεῖσθαι
463 2175 511 2202 καὶ
536 2175 725 2210 ἁνενέργητον,
748 2173 806 2201 ἀλλ’
827 2174 873 2200 ἐπὶ
889 2173 955 2200 Θεδν

169 2220 347 2254 καταφυγεῖν,
362 2219 391 2252 ὃς
410 2221 434 2246 εί
449 2219 563 2255 χελιδόνι
580 2220 693 2247 τοιαῦτα
709 2220 862 2256 χαρίζεται,
879 2219 955 2255 πόσῳ

170 2265 261 2299 μεῖζον
275 2266 410 2293 ἀποδώσει
425 2267 480 2298 τοῖς
499 2266 528 2298 ἐξ
546 2266 610 2301 ὅλης
628 2267 741 2302 καρδίας
760 2265 954 2301 ἐπιϐοωμένοις

169 2310 249 2337 αὐτόν
260 2319 268 2343 ;

204 2350 329 2383 Ἀλκυὼν
347 2356 536 2383 ἑπιθαλάττιον
551 2357 653 2393 ὄρνεον·
677 2357 746 2392 αὕτη
772 2358 837 2392 παρ’
856 2358 955 2388 αὐτοὺς

168 2403 306 2429 νοσσεύειν
325 2403 389 2434 τοὺς
409 2403 548 2436 αἰγιαλοὺς
572 2403 710 2437 πέφυκεν,
740 2404 782 2429 ἐπ’
808 2404 894 2439 αὐτῆς
921 2402 954 2430 τὰ

167 2448 207 2474 dii
239 2447 289 2483 τῆς
316 2448 431 2483 ψάμμου
463 2447 646 2483 καταθεμένη,
662 2449 710 2474 καὶ
737 2447 859 2474 νοσσεύει
883 2449 954 2475 κατὰ

169 2494 251 2529 μέσον
269 2503 319 2520 που
335 2494 380 2520 τοῦ
396 2494 540 2529 χειμῶνος,
552 2494 596 2520 ὅτε
607 2493 713 2525 πολλοῖς
727 2492 773 2520 καὶ
784 2493 881 2529 βιαίοις
891 2493 954 2520 ἀνέ-

168 2549 228 2575 μοις
244 2541 260 2575 ή
280 2539 401 2566 Θάλασσα
415 2541 448 2575 τῇ
464 2540 499 2576 γῇ
518 2539 763 2576 προσ[α]ράσσεται
774 2547 781 2555 ·
799 2539 858 2566 ἀλλ’
877 2540 954 2574 ὅμως

166 2585 337 2622 κοιμίζονται
348 2586 448 2619 πάντες
463 2586 568 2621 ἄνεμοι,
590 2586 723 2622 ἡσυχάζει
749 2586 778 2613 δὲ
801 2587 855 2613 πᾶν
877 2585 952 2620 κῦμα

166 2633 323 2666 θαλάσσιον,
340 2634 404 2660 ὅταν
424 2633 531 2660 ἀλκυὼν
547 2633 667 2665 ἐπωάζει
682 2633 731 2665 τὰς
742 2632 812 2659 ἑπτὰ
832 2632 951 2667 ἡμέρας.

171 2680 216 2706 Ἐν
241 2679 384 2711 τοσαύταις
405 2679 460 2715 γὰρ
479 2679 574 2715 μόναις
598 2680 708 2706 ἐκλέπει
729 2679 792 2711 τοὺς
817 2677 950 2710 νεοττούς.

171 2725 280 2761 Ἐπειδὴ
296 2725 344 2752 καὶ
358 2725 463 2761 τροφῆς
473 2725 542 2761 αὐτῇ
558 2725 648 2761 χρεία,
662 2725 744 2756 ἄλλας
757 2724 828 2751 ἑπτὰ
843 2724 951 2760 ἡμέρας

165 2772 234 2808 πρὸς
246 2772 295 2808 τὴν
311 2771 366 2798 τῶν
379 2771 494 2798 νεοττῶν
509 2770 622 2805 αὔξησιν
639 2772 653 2798 ό
674 2771 863 2807 μεγαλόδωρος
882 2770 951 2802 Θεὸς

164 2818 203 2854 τῷ
222 2817 378 2854 μικροτάτῳ
399 2817 463 2853 ζώῳ
482 2818 643 2854 παρέσχετο.
659 2818 741 2845 Ὥστε
763 2818 810 2845 καὶ
824 2817 949 2844 ναυτικοὶ.

164 2865 267 2897 πάντες
283 2865 355 2892 ἴσασι
369 2863 458 2897 τοῦτο,
472 2864 520 2891 καὶ
542 2863 709 2896 ἀλκυωνίδας
727 2864 776 2896 τὰς
795 2863 865 2890 ἑπτὰ
881 2863 950 2898 ἡμέ-

336 2913 473 2943 ΡΑτιιοι.
497 2911 554 2942 Gn.
580 2911 668 2942 thl'.

1050 1482 1269 1510 Ibid.—Nemo
1299 1491 1489 1520 paupertatem
1517 1493 1595 1514 suam
1625 1487 1731 1515 idcirco
1760 1489 1800 1516 la-

1012 1532 1161 1560 mentetur,
1195 1529 1372 1564 animumque
1405 1530 1584 1567 despondeat,
1603 1533 1677 1567 quod
1708 1534 1799 1562 nullas

1011 1573 1084 1600 domi
1098 1573 1208 1601 relictas
1225 1581 1293 1608 opes
1313 1574 1413 1602 habeat
1427 1584 1434 1609 ;
1465 1583 1562 1603 verum
1576 1577 1736 1607 hirundinis
1751 1587 1799 1608 so-

1011 1620 1118 1647 lertiam
1143 1620 1179 1647 ob
1191 1621 1287 1648 oculos
1316 1626 1450 1656 proponat
1470 1622 1535 1650 sibi.
1563 1623 1632 1651 Nam
1662 1625 1719 1660 ipsa
1733 1626 1798 1654 dum

1011 1666 1107 1693 nidum
1135 1666 1223 1702 lingit,
1244 1667 1378 1695 festucam
1406 1668 1517 1703 quidem
1529 1676 1578 1697 ore
1604 1675 1704 1705 gestat,
1732 1679 1796 1700 cum

1010 1717 1101 1740 autem
1131 1713 1218 1740 lutum
1236 1713 1353 1748 pedibus
1369 1713 1442 1742 ferre
1462 1719 1590 1750 nequeat,
1609 1724 1733 1746 summos
1749 1726 1797 1754 pe-

1010 1758 1058 1785 des
1076 1765 1145 1792 aqua
1165 1758 1256 1793 tingit,
1275 1763 1333 1786 tum
1344 1759 1444 1787 deinde
1460 1760 1487 1786 in
1505 1761 1672 1789 tenuissimo
1683 1763 1798 1797 pulvere

1010 1804 1144 1836 volutata,
1165 1805 1212 1832 luti
1227 1812 1338 1833 usuram
1356 1806 1396 1833 sic
1411 1805 1642 1840 comminiscitur,
1666 1813 1696 1834 ut
1708 1807 1796 1836 festu-

1009 1849 1051 1876 cis
1066 1848 1134 1882 luto,
1154 1856 1209 1877 non
1223 1856 1303 1877 secus
1314 1856 1346 1877 ac
1369 1849 1504 1877 bitumine
1515 1851 1647 1885 quodam,
1663 1852 1797 1887 paulatim

1008 1894 1080 1922 inter
1091 1902 1121 1922 se
1145 1895 1309 1929 compactis,
1327 1902 1393 1923 suos
1411 1895 1467 1922 illic
1479 1896 1569 1930 pullos
1585 1896 1652 1923 alat.
1672 1896 1796 1930 Quorum

1008 1941 1030 1967 si
1054 1941 1116 1976 quis
1132 1941 1228 1968 oculos
1250 1942 1388 1976 pnnxerit,
1404 1949 1418 1968 a
1439 1946 1536 1970 natura
1564 1943 1728 1971 medicinam
1746 1944 1798 1971 ha-

1009 1986 1064 2018 bet,
1078 1993 1125 2020 per
1139 1994 1221 2021 quam
1237 1987 1340 2014 lumina
1359 1987 1498 2022 pullorum
1525 1987 1677 2023 integritati
1711 1990 1795 2017 resti-

1007 2035 1078 2059 tuat.
1091 2032 1153 2059 Haec
1171 2036 1198 2060 te
1213 2032 1389 2066 admoneant,
1415 2041 1449 2062 ne
1473 2035 1645 2070 paupertatis
1658 2042 1743 2063 causa
1761 2035 1799 2063 ad-

1009 2078 1224 2113 perpetrandum
1241 2079 1332 2107 scelus
1343 2082 1372 2107 te
1387 2080 1525 2112 conferas,
1542 2087 1593 2108 nec
1608 2080 1635 2108 in
1650 2081 1794 2109 atrocissi-

1008 2124 1060 2152 mis
1088 2123 1293 2152 calamitatibus
1324 2125 1403 2152 omni
1419 2131 1468 2160 spe
1499 2125 1619 2161 abjecta,
1645 2127 1740 2161 segnis
1763 2132 1792 2154 et

972 2156 994 2183 ι)
1008 2170 1134 2205 torpidus
1148 2170 1254 2206 jaceas,
1279 2177 1373 2198 verum
1395 2156 1542 2199 ad—Deum'
1555 2156 1712 2207 confugias,
1745 2173 1794 2208 qui

1007 2216 1029 2243 si
1056 2216 1121 2243 talia
1137 2220 1268 2251 tantaque
1285 2217 1408 2252 impertit
1436 2217 1593 2250 hirundini,
1611 2223 1720 2253 quanto
1734 2225 1793 2246 ma-

1004 2262 1064 2296 jora
1092 2261 1148 2288 illis
1172 2261 1288 2289 (laturus
1314 2266 1367 2295 est,
1383 2262 1430 2298 qui
1459 2269 1493 2290 ex
1515 2267 1573 2290 toto
1589 2264 1674 2291 corde
1702 2265 1792 2300 ipsum

1007 2305 1175 2341 implorant?

1043 2352 1138 2387 Ejusd.
1153 2353 1301 2389 -——Alcyon
1326 2354 1434 2381 marina
1462 2359 1504 2382 Est
1520 2355 1590 2388 avis,
1612 2362 1673 2391 qua
1692 2356 1719 2383 in
1733 2356 1795 2392 ipsa

1005 2399 1063 2433 ripa
1096 2398 1226 2429 nidulari.
1251 2405 1334 2435 atque
1349 2401 1378 2427 in
1393 2401 1450 2436 ipsa
1467 2408 1550 2428 arena
1571 2409 1621 2428 ova
1634 2409 1685 2430 sua
1710 2411 1791 2438 repo-

1005 2452 1072 2472 nere
1095 2446 1249 2472 consuevit.
1273 2445 1311 2472 Ac
1330 2446 1441 2482 quidem
1457 2447 1546 2474 media
1566 2447 1623 2474 fere
1639 2448 1729 2476 hieme
1744 2457 1792 2484 pa-

1005 2491 1051 2524 rit,
1067 2491 1120 2518 hoc
1141 2495 1195 2524 est,
1210 2498 1272 2519 cum
1289 2492 1384 2520 multis
1407 2496 1434 2519 et
1447 2493 1577 2528 gravibus
1601 2494 1689 2521 ventis
1716 2502 1793 2523 mare

1006 2542 1085 2566 terra:
1117 2538 1251 2566 alliditur.
1269 2536 1301 2565 Et
1333 2544 1422 2566 tamen
1445 2538 1520 2566 venti
1533 2545 1629 2567 omnes
1648 2539 1790 2573 sedantur.

1005 2589 1087 2619 atque
1107 2592 1206 2612 omnes
1230 2584 1313 2620 529
1336 2585 1421 2612 maris
1442 2584 1543 2613 ll‘nctus
1571 2586 1789 2620 conquiescunt.

1004 2630 1069 2657 dum
1084 2637 1133 2665 per
1143 2635 1246 2666 septem
1259 2631 1320 2658 dies
1331 2631 1426 2666 alcyon
1439 2631 1500 2658 Ovis
1514 2631 1638 2658 incubat.
1652 2630 1704 2658 Tot
1714 2632 1792 2658 eitim

1005 2676 1139 2704 duntaxat
1164 2675 1264 2704 diebus
1279 2677 1372 2712 pullos
1395 2677 1528 2704 excludit.
1549 2676 1685 2709 Quoniam
1697 2680 1791 2704 autem

1004 2723 1067 2751 cibo
1085 2729 1195 2758 quoque
1207 2723 1379 2758 opusliabet,
1393 2723 1463 2750 alios
1488 2730 1597 2750 rursum
1613 2727 1717 2758 septem
1731 2723 1790 2750 dics

1003 2768 1151 2803 perexiguo
1175 2768 1239 2796 huic
1263 2768 1376 2795 animali
1410 2767 1556 2795 muniﬁcus
1581 2767 1655 2794 Deus
1681 2768 1790 2794 tribuit.

1003 2813 1098 2851 Itaque
1127 2819 1220 2842 nauta:
1232 2814 1313 2842 etiam
1329 2821 1426 2842 omnes
1452 2814 1478 2841 id
1492 2814 1664 2850 exploratum
1679 2813 1789 2845 habent,

1004 2869 1035 2889 ac
1062 2865 1167 2898 septem
1192 2862 1241 2890 hos
1255 2861 1315 2889 dies
1342 2861 1510 2897 Aleyonidas
1539 2864 1708 2894 nuncupant.
1727 2859 1790 2887 llaec

1063 2913 1065 2915 ‘
1592 2906 1627 2936 50
