2056 3113
208 109 272 141 1581

854 107 975 137 SACRA
997 107 1226 137 PARALLELA.
1565 114 1578 125 ε

1763 106 1830 138 1582

207 169 288 198 ῐππος
303 167 369 201 πρδς
388 166 535 201 ἐπιθυμίαν
557 165 604 192 τοῦ
626 165 741 201 θήλεως,
767 165 960 196 ἁτιθάτσευτος
978 166 992 191 ὁ

1043 170 1095 196 est,
1115 166 1206 200 segnis
1226 165 1330 197 asinus,
1362 172 1449 198 equus
1477 164 1509 191 ad
1526 163 1634 191 funium
1650 165 1827 199 cupiditatem

207 212 300 244 λύκος,
325 213 371 239 καὶ
396 212 504 247 δολερὸν
525 213 540 246 ἡ
564 211 688 246 ἀλώπηξ,
704 211 790 238 δειλὸν
811 212 826 246 ἡ
850 211 959 245 ἔλαφος,
980 212 993 237 ό

209 258 321 294 μύρμηξ
336 258 489 292 φιλόπονος,
510 257 671 292 εὐχάριστον
686 258 700 283 ό
721 257 792 284 κύων
808 257 854 283 καὶ
867 257 933 292 πρὸς
949 265 993 291 φι-

207 304 267 331 λίαν
288 303 515 340 μνημονευτικόν.
532 303 615 339 Ὁμοῦ
630 312 659 330 τε
672 302 727 339 γὰρ
741 304 854 339 ἐκτίσθη
868 303 992 335 ἕκαστον,

207 350 254 376 καὶ
288 349 495 384 συνεπηγάγετο
521 348 610 383 ἐαυτῷ
632 350 681 384 τῆς
704 348 810 382 φύσεως
829 348 860 375 τὸ
876 349 992 384 ἰδίωμα·

208 396 432 430 συναπεγεννήθη
449 395 533 429 θυμὸς
545 394 585 430 τῷ
601 395 698 427 λέοντι,
716 395 746 421 τὸ
763 394 925 429 μοναστικὸν
947 394 995 420 αὑ-

206 442 254 469 τοῦ
274 442 323 476 τῆς
348 441 432 475 ζωῆς,
455 440 484 466 τὸ
501 439 684 474 ἀκοινώνητον
710 439 776 474 πρὸς
800 439 830 465 τὸ
849 439 992 474 ὁμόφυλον.

206 486 270 515 υἷον
285 487 340 522 γάρ
356 495 398 518 τις
412 485 544 521 τύραννος
564 486 618 512 τῶν
642 485 747 519 ἀλόγων
761 485 805 512 διὰ
824 485 872 520 τὴν
887 486 919 511 ἐκ
944 485 995 519 φύ-

209 543 276 565 σεως
291 533 454 568 ὑπεροψίαν,
469 531 518 567 τὴν
533 531 603 566 πρὸς
624 532 688 562 τοὺς
707 530 822 563 πολλοὺς
851 530 995 566 ὁμο-τιμίαν

206 579 238 605 οὺ
258 577 444 612 καταδέχεται.
470 574 506 612 ᾬ
531 577 577 603 καὶ
599 576 712 603 τοιαῦτα
740 576 833 611 φωνῆς
859 576 995 611 ὖργαναὴ

207 625 289 659 φύσις
309 624 447 659 ἐνέθηκεν,
470 623 542 650 ὥστε
568 623 602 650 τὰ
626 622 712 649 πολλὰ
737 622 792 649 τῶν
818 622 894 654 ζώων
912 623 996 657 ὑπερ-

206 671 341 698 6ἀλλοντα
365 671 399 705 τῇ
427 671 570 704 ταχύτητι,
592 669 665 704 μόνῳ
689 669 818 700 πολλάκις
838 668 995 695 ἁλίσκεσθαι

208 717 246 752 τῷ
261 717 427 752 βρυχήματι.
449 716 591 750 Ῥαγδαῖον
618 715 762 750 πάρδαλις,
787 715 833 741 καὶ
847 713 996 749 ὀξύρροπον

207 764 268 794 ταῖς
281 763 379 797 ὁρμαῖς
392 762 545 797 ἐπιτήδειον
558 761 643 795 αὐτῆς
663 760 692 786 τὸ
710 761 790 795 σῶμα
806 759 992 792 συνέζευκται,

207 810 239 843 τῇ
254 808 383 842 ὑγρότητι
398 808 445 833 καὶ
459 807 498 841 τῷ
515 807 608 841 κούφῳ
620 808 677 838 τοῖς
691 807 740 841 τῆς
758 806 848 841 ψυχῆς
863 805 994 841 κινήμασι

1046 211 1159 241 ardens.
1185 211 1265 244 lupus
1283 211 1357 236 nulla
1380 213 1440 237 arte
1454 210 1573 236 cicurari
1591 214 1698 244 potest;
1715 210 1829 238 fraudu-

1046 256 1118 283 leuta
1147 256 1242 291 vulpes
1269 260 1323 288 est,
1348 264 1447 283 cervus
1475 256 1597 286 timidus,
1614 256 1717 284 laboris
1734 265 1829 284 amans

1047 301 1172 334 formica,
1196 302 1322 329 beneﬁcii
1348 302 1452 337 accepti
1478 310 1584 330 memor
1595 303 1683 334 canis,
1700 307 1782 338 atque
1797 303 1828 330 ad

1045 347 1260 375 benevolentiam
1287 347 1427 382 proclivis.
1446 347 1534 374 Simul
1547 352 1629 382 atque
1645 349 1719 375 enim
1735 356 1847 375 unum-

1045 393 1173 428 quodque
1199 397 1322 421 creatunt
1345 393 1406 426 fuit,
1424 401 1519 422 secum
1544 394 1626 421 etiam
1643 398 1748 421 natum
1765 401 1829 428 pro-

1045 439 1177 474 prietates
1203 439 1294 465 traxit.
1310 438 1397 465 Furor
1422 439 1493 466 leoui
1510 439 1566 474 jam
1585 439 1648 466 inde
1663 439 1697 465 ab
1713 443 1774 465 ortu
1788 439 1829 464 itt-

1046 485 1116 512 situs
1141 489 1194 516 cst,
1213 488 1240 511 et.
1266 484 1319 511 vita
1338 484 1470 519 solivaga,
1501 489 1584 519 atque
1600 485 1634 511 ab
1657 492 1753 512 eoruut
1771 492 1830 519 quzc

1046 529 1089 557 sui
1115 530 1222 564 generis
1247 533 1323 562 sntit,
1339 531 1508 558 commercio
1539 531 1705 565 abhorrens.
1723 530 1830 557 Etenim

1047 575 1121 601 velut
1149 574 1286 609 quispiam
1317 574 1462 601 brutorutn
1477 575 1658 602 anintantiutn
1685 579 1829 610 tyrannus,

1047 628 1103 655 prae
1130 620 1248 647 naturali
1267 620 1408 654 superbia,
1426 621 1554 654 aequabili
1573 621 1635 655 jure
1663 621 1755 648 vivere
1768 628 1830 647 cum

1047 666 1107 693 aliis
1127 669 1249 693 recusat.
1261 666 1312 693 Cui
1329 669 1458 700 praeterea
1477 665 1611 700 ejusmodi
1636 667 1710 692 vocis
1728 672 1830 700 organa

1046 721 1060 740 a
1078 717 1174 740 natura
1185 713 1287 740 tributa
1299 716 1375 745 sunt,
1389 717 1418 740 ut
1432 713 1563 748 pleraque
1572 712 1732 745 animantia,
1747 713 1830 739 etiam

1047 759 1251 794 pernicissima,
1267 756 1325 786 solo
1348 760 1448 794 saepius
1472 760 1562 795 rugitu
1575 760 1729 794 capiantur.
1745 759 1831 793 Impe-

1047 810 1126 833 tuosa
1141 809 1185 833 est.
1211 806 1356 840 panthera,
1376 810 1402 833 et
1419 814 1475 841 quo
1490 813 1549 834 eam
1570 805 1657 833 libido
1675 805 1780 838 tulerit,
1792 805 1832 832 fa-

208 835 402 888 οὖνεπόμενον.
429 835 530 887 Νωθρὰ
560 835 684 887 iam;
793 835 992 887 ἑρκτου,’ίδιό-ι

1046 852 1097 879 cile
1113 859 1206 879 ruetts.
1224 852 1356 884 Quocirca
1372 852 1580 879 accommodum
1601 852 1652 886 ipsi
1667 859 1768 886 corpus
1784 851 1831 878 ad-

207 909 308 936 τρηπον
324 899 370 926 καὶ
385 899 415 926 τὸ
426 897 502 935 ἦθος,
516 899 644 932 ὓπουλον,
662 897 741 934 βαθὺ,
757 897 906 929 ἐνδεδυκός.

247 1039 277 1065 'U
292 1038 405 1074 μύρμηξ
420 1039 493 1074 θέρει
516 1039 565 1073 τὴν
583 1039 723 1074 χειμέριον
738 1039 840 1074 τροφὴν
865 1038 996 1074 θησαυρι-

205 1083 258 1115 Cet,
276 1085 328 1115 ἕως
344 1084 377 1110 ἂν
392 1084 441 1120 τὴν
460 1084 599 1119 ἀρκοῦσαν
616 1085 691 1120 αὐτῷ
706 1086 809 1121 τροφὴν
828 1085 996 1120 ἐναπόθηται

207 1131 261 1162 τοῖς
274 1130 420 1164 ταμιείοις,
447 1131 494 1157 καὶ
515 1131 575 1157 οὐδὲ
596 1131 676 1157 τοῦτο
693 1131 831 1166 ῥᾳθύμως,
845 1131 912 1158 ἀλλὰ
927 1132 994 1166 σοφῇ

206 1184 258 1201 τινι
273 1176 381 1210 ἐπινοίᾳ
402 1175 451 1210 τὴν
470 1176 574 1211 τροφὴν
589 1176 739 1211 ὲνδιαρκεῖν
755 1177 993 1212 μηχανησάμενος.

206 1221 354 1247 Διακόπτει
369 1221 421 1255 γὰρ
435 1222 495 1254 ταῖς
522 1221 620 1248 ἑαυτοῦ
646 1222 742 1256 χηλαῖς
761 1221 816 1248 τῶν
833 1222 946 1257 καρπῶν
965 1223 996 1249 τὸ

208 1266 382 1299 μεσαίτατον,
397 1266 435 1298 ὡς
448 1266 482 1293 ἂν
497 1267 534 1301 μὴ
550 1268 708 1301 ὲκφυέντων
719 1268 852 1303 ἄχρηστοι
866 1268 916 1302 τὴν
933 1277 994 1303 τρο⁴

205 1311 258 1345 φὴν
274 1312 348 1346 αὐτῷ
370 1312 501 1345 γένοιντο.
520 1311 568 1344 Τίς
590 1312 711 1347 ἐφίκοιτο
725 1313 813 1347 λόγοις
829 1322 835 1346 ;
862 1313 927 1340 ποία
942 1323 994 1348 χω-

207 1357 284 1391 ρήσει
299 1357 367 1391 ἀκοή
381 1366 387 1389 ;
406 1358 448 1388 τίς
461 1357 604 1393 ἐξαρκέσει
625 1359 720 1393 χρόνος
739 1359 827 1385 πάντα
845 1359 932 1385 εἰπεῖν
949 1359 994 1385 καὶ

204 1402 387 1437 διηγήσασθαι
403 1403 450 1429 τοῦ
467 1403 590 1438 τεχνίτου
605 1403 639 1430 τὰ
656 1403 800 1439 θαύματα;

242 1492 342 1518 Λέαινα
364 1492 468 1526 στέργει
486 1493 520 1518 τὰ
540 1493 638 1527 ἑαυτῆς
651 1493 745 1523 τέκνα,
768 1493 814 1518 καὶ
828 1492 906 1523 λύκος
925 1493 993 1526 ὑπὲρ
1008 1508 1028 1535 C

207 1537 352 1564 σκυλάκων
372 1537 499 1571 μάχεται.
528 1537 681 1572 Ἀμήχανος
696 1537 751 1572 γάρ
773 1539 874 1572 ἐστινὴ
894 1538 994 1573 στοργὴ

207 1584 262 1613 τοῖς
280 1582 388 1616 ἀλόγοις
406 1582 509 1608 τέκνων
524 1583 571 1609 καὶ
594 1583 695 1616 γονέων
710 1583 778 1618 πρὸς
793 1583 905 1617 ἄλληλα.
923 1585 993 1611 Διότι

205 1626 439 1661 όδημιουργήσας
464 1626 533 1652 αὐτὰ
555 1627 621 1658 Θεὸς
643 1627 693 1662 τὴν
713 1627 760 1653 τοῦ
781 1628 861 1661 λόγου
876 1628 994 1663 ἔλλειψιν

205 1671 248 1697 διὰ
263 1671 312 1705 τῆς
324 1671 380 1697 τῶν
395 1671 580 1707 αἰσθητηρίων
592 1672 751 1706 περιουσίας
768 1674 990 1707 παρεμυθήσατο.

207 1717 294 1743 Πόθεν
311 1718 340 1742 ἐν
356 1717 464 1753 μυρίοις
482 1717 627 1752 προὸἀτοις
642 1718 722 1753 ἀρνὸς
737 1718 792 1744 τῶν
807 1719 898 1753 σηκῶν
914 1718 992 1751 ἐξαλ-

206 1762 327 1797 λόμενος,
342 1762 413 1789 οἶδεν
429 1763 479 1797 μὲν
491 1762 541 1798 τὴν
555 1763 645 1797 φωνὴν
663 1764 713 1798 τῆς
735 1765 846 1799 μητρὸς,
867 1765 913 1791 καὶ
927 1766 992 1800 πρὸς

205 1808 291 1843 αὐτὴν
313 1808 482 1847 ἑπείγεταιπ
498 1808 622 1844 ἐπιζητεί
648 1808 676 1835 δὲ
704 1809 752 1840 τὰς
774 1809 877 1841 οῑκείας
901 1810 992 1845 πηγὰς

204 1853 253 1880 τοῦ
279 1853 432 1887 γάλακτος’
457 1854 508 1881 κᾶν
534 1856 676 1889 πενιχραῖς
700 1855 840 1890 μητρῴαις
860 1855 992 1892 περιτύχῃ

205 1899 310 1933 θηλαῖς,
328 1900 446 1930 ἐκείναις
463 1900 589 1935 ἀρκεῖται
602 1908 610 1932 ',
624 1900 679 1927 Καὶ
693 1901 709 1935 ή
728 1901 819 1936 μήτηρ
836 1901 864 1927 ὲν
886 1902 992 1936 μυρίοις

205 1944 320 1978 ἄρνασιν
332 1944 509 1978 ἐπιγινώσκει
526 1945 556 1971 τὸ
569 1945 633 1971 ἴδιον
648 1945 780 1980 γέννημα.

241 1989 328 2023 Λόγου
342 1989 455 2025 ἄμοιρος
470 1991 483 2015 ό
498 1990 582 2022 κύων,
598 1990 812 2026 ὶσοδυναμοῦσαν
825 1992 852 2018 δὲ
866 1992 940 2026 ὅμως
954 1993 992 2028 τῷ

204 2033 276 2068 λόγῳ
293 2034 342 2069 τὴν
357 2034 485 2070 αἴσθησιν
503 2035 569 2069 ἔχει.
597 2036 633 2062 Τὸ
658 2036 685 2062 δὲ
707 2037 922 2071 μνημονευτικὺν
943 2038 992 2072 τῆς

204 2079 315 2114 χάριτος
330 2079 376 2105 τοῦ
392 2079 474 2112 ζώου,
496 2081 556 2106 τίνα
580 2081 633 2106 τῶν
652 2081 806 2116 ἀχαρίστων
828 2083 896 2117 πρὸς
916 2083 991 2118 εὐερ-

203 2124 284 2157 γέτας
296 2125 326 2150 οὐ
346 2125 513 2160 καταισχύνῃ
526 2133 533 2156 ;
548 2125 614 2152 ὅπου
632 2135 662 2160 γε
688 2126 734 2153 καὶ
754 2127 906 2160 φονευθεῖσι
932 2129 990 2155 κατ’

1043 899 1170 933 junctuttt
1202 901 1253 930 est,
1271 899 1345 933 quod
1367 898 1402 925 ob
1424 897 1615 925 humiditatctn
1635 898 1832 932 levitatemque

1046 944 1145 972 anima)
1172 945 1369 979 agitationibus
1398 945 1540 972 inserviat.
1562 943 1681 978 Torpida
1701 943 1755 970 ursi
1781 951 1830 970 na-

1046 996 1106 1020 tura
1128 996 1182 1024 est,
1199 999 1290 1020 mores
1308 992 1471 1026 peculiares,
1485 991 1560 1022 tecti,
1575 991 1671 1018 intime
1689 988 1837 1025 profundi.‘

1082 1035 1204 1064 Ibid.—
1232 1037 1359 1063 Formica
1395 1037 1491 1064 aestivo
1528 1040 1651 1071 tempore
1684 1036 1830 1063 hibernum

1046 1083 1137 1110 cibum
1161 1083 1275 1118 colligit,
1300 1083 1389 1117 quoad
1406 1083 1580 1113 alimentum,
1604 1087 1738 1116 quantum
1763 1082 1831 1109 satis

1045 1129 1092 1161 sit,
1109 1129 1134 1156 iit
1151 1129 1257 1156 horreis
1269 1128 1434 1156 condiderit.
1451 1129 1488 1155 Ac
1506 1136 1540 1156 tte
1553 1128 1579 1155 id
1597 1128 1707 1163 quidem
1721 1127 1830 1162 ignave,

1046 1183 1139 1202 verum
1173 1175 1242 1203 scito
1267 1175 1386 1210 quodam
1418 1175 1537 1202 artiﬁcio
1563 1174 1614 1201 hoc
1641 1173 1772 1204 elﬁciens,
1803 1177 1832 1200 ut

1044 1223 1122 1250 cilius
1148 1229 1230 1257 quam
1259 1221 1414 1249 diutissime
1434 1222 1527 1249 duret.
1556 1220 1696 1255 Siquidem
1726 1219 1832 1247 medias

1046 1268 1138 1303 fruges
1164 1268 1275 1303 ungulis
1303 1272 1389 1300 secat,
1419 1275 1452 1294 ne
1477 1267 1664 1303 germinantes
1677 1266 1711 1293 ad
1738 1266 1830 1293 cibum

1045 1315 1095 1341 sibi
1112 1315 1167 1341 sint
1194 1314 1316 1341 inutiles.
1333 1313 1400 1346 Quae
1416 1319 1505 1340 autem
1526 1313 1616 1340 oratio
1633 1311 1758 1346 assequi,
1770 1319 1832 1346 qua:

1045 1360 1121 1387 auris
1133 1368 1243 1395 capere,
1257 1361 1330 1395 quod
1347 1359 1471 1387 sufﬁcere
1488 1366 1596 1393 tempus
1615 1362 1708 1393 queat,
1729 1357 1752 1384 si
1768 1357 1831 1391 quis

1044 1407 1136 1432 omnia
1168 1406 1267 1433 summi
1294 1406 1369 1434 illius
1392 1405 1509 1432 artiﬁcis
1540 1404 1673 1431 miracula
1703 1410 1831 1430 sermone

1045 1452 1190 1485 complecti
1207 1452 1294 1479 velit?

1083 1496 1153 1524 Ibid.
1172 1513 1204 1516 ——
1217 1497 1314 1523 Leaena
1333 1497 1456 1524 sobolem
1484 1500 1557 1524 autat
1572 1503 1668 1526 suam;
1686 1502 1735 1530 pro
1752 1498 1830 1521 catu-

1046 1543 1078 1569 lis
1101 1543 1182 1576 lupus
1214 1543 1336 1568 dimicat.
1362 1542 1410 1568 Est
1424 1542 1500 1568 ettittt
1527 1541 1699 1568 incredibilis
1717 1540 1830 1575 quidam

1045 1587 1191 1614 brutorutn
1217 1587 1242 1613 io
1280 1586 1350 1613 fetus
1382 1594 1458 1618 suos,
1482 1590 1508 1612 et
1537 1590 1680 1620 parentum
1712 1585 1829 1612 invicem

1045 1641 1133 1659 amor.
1154 1631 1380 1666 Quandoquidcut
1398 1636 1561 1666 procreator
1580 1639 1676 1658 eorum
1695 1631 1768 1659 Deus
1788 1639 1832 1659 ra-

1046 1679 1129 1706 tionis
1148 1678 1267 1712 tnopiam
1296 1686 1427 1705 sensuum
1448 1678 1610 1712 praestantia
1628 1678 1828 1712 compensavit.

1046 1724 1123 1752 Unde
1141 1724 1171 1751 ﬁt
1197 1727 1227 1751 ut
1243 1724 1314 1751 inter
1331 1724 1491 1751 innumeras
1505 1731 1571 1750 oves
1587 1731 1673 1758 agnus
1688 1731 1703 1750 e
1719 1723 1830 1751 stabulo

1044 1771 1174 1798 cxsilicns
1210 1771 1306 1797 matris
1326 1778 1422 1797 vocem
1438 1774 1582 1805 agnoscat,
1599 1775 1682 1805 atque
1707 1770 1740 1797 ad
1770 1777 1830 1798 eam

1044 1817 1203 1844 contendat.
1230 1816 1334 1849 Quaerit
1362 1823 1427 1843 vero
1448 1816 1556 1843 nativos
1577 1815 1658 1844 lactis
1681 1815 1783 1848 fontes,
1803 1821 1831 1843 et

1043 1863 1169 1898 quamvis
1189 1863 1284 1897 jejuna
1313 1863 1410 1889 matris
1424 1863 1508 1890 ubera
1534 1861 1724 1894 nanciscatur,
1742 1861 1777 1888 iis
1791 1865 1830 1889 ta-

1044 1916 1105 1935 tttcn
1131 1912 1173 1935 est
1188 1912 1345 1935 contentus.
1359 1906 1411 1934 Sed
1429 1911 1457 1934 ct
1472 1911 1559 1934 mater
1578 1907 1648 1934 inter
1670 1906 1829 1934 innumeros

1043 1960 1127 1988 agnos
1148 1951 1232 1979 fetum
1245 1952 1386 1987 cognoscit
1399 1959 1489 1980 suum.

1079 1997 1150 2024 Ibid.
1166 2013 1201 2017 —-
1220 1997 1344 2025 Rationis
1371 2002 1413 2025 est
1439 2004 1537 2032 expers
1553 1998 1649 2030 canis;
1674 1999 1700 2023 at
1715 2003 1828 2024 sensum

1043 2048 1133 2072 tatueu
1153 2043 1250 2070 rationi
1269 2051 1339 2078 pene
1360 2051 1453 2078 parem
1470 2043 1563 2070 habet.
1581 2042 1714 2070 Memoria
1735 2047 1827 2070 autem

1042 2091 1146 2124 accepti
1178 2089 1315 2121 beneficii,
1355 2097 1416 2124 qum
1447 2089 1498 2124 ipsi
1528 2091 1611 2121 inest,
1642 2096 1827 2124 ccquemnon

1042 2143 1136 2163 contini
1167 2135 1213 2169 qui
1243 2142 1306 2168 erga
1322 2135 1390 2162 bene
1406 2135 1440 2162 de
1454 2142 1482 2162 se
1498 2135 1611 2161 nteritos
1633 2134 1733 2168 ingrati
1751 2136 1826 2164 sunt.

203 2169 321 2204 ἐρημίαν
342 2170 435 2196 πολλοὶ
455 2171 509 2197 τῶν
530 2172 617 2198 κυνῶν
641 2172 857 2205 ἐπαποθανόντες
884 2183 987 2209 μνημο-

1044 2181 1146 2216 pudore
1171 2180 1322 2212 suﬁ'umlat,
1344 2180 1456 2214 quando
1475 2180 1622 2214 plerosque
1636 2179 1721 2206 etiam
1749 2179 1827 2213 juxta

204 2214 337 2241 νεύονται.
358 2216 426 2250 Ἤδη
446 2216 474 2242 δέ
487 2225 557 2247 τινες
572 2217 619 2242 καὶ
635 2217 730 2253 θερμῷ
745 2219 784 2253 τῷ
801 2219 881 2245 πάθει
898 2220 990 2254 ὁδηγοὶ

204 2261 260 2291 τοῖς
280 2261 425 2294 ἑκζητοῡσι
447 2263 510 2293 τοὺς
525 2264 621 2296 φονέας
645 2264 780 2298 ἐγένοντο,
804 2267 850 2293 καὶ
871 2267 922 2294 ὑπὸ
940 2268 990 2303 τὴν

201 2305 280 2341 δίκην
294 2306 411 2341 ἀχθῆναι
427 2308 490 2339 τοὺς
505 2308 676 2344 κακούργους
688 2310 830 2346 ἐποίησαν.

236 2440 287 2467 Τὸν
312 2443 495 2477 χαμαιλέοντα
527 2445 618 2476 πάσας
644 2446 864 2482 μεταλαμϐάνειν
894 2449 987 2484 χρόας,

199 2486 269 2520 πλὴν
283 2488 347 2521 μιᾶς
361 2488 410 2523 τῆς
430 2488 600 2525 λευκότητος.

235 2532 282 2564 Τίς
304 2534 317 2559 ὀ
335 2534 427 2569 κύκνῳ
440 2537 611 2570 συνυφαίνων
627 2538 710 2574 ᾠδὴν,
724 2540 788 2567 ὃταν
803 2540 941 2577 ἐκπετάσῃ
958 2543 988 2568 τὺ

199 2580 298 2614 πτερὸν
310 2582 369 2612 ταῖς
384 2581 491 2616 αὔραις,
504 2583 550 2609 καὶ
568 2586 632 2620 ποιῇ
647 2586 727 2619 μέλος
741 2586 771 2613 τὸ
787 2587 922 2622 σύριγμα;
936 2589 989 2615 [l6-

199 2623 245 2651 θεν
261 2626 332 2657 ταὼς
347 2627 476 2659 ὁὰλαζὼν
491 2630 539 2655 καὶ
554 2630 672 2666 Μηδικὸς
687 2631 774 2664 οὕτως
785 2633 928 2667 φιλόκαλος
941 2635 986 2660 καὶ

200 2671 354 2706 φι).ότιμος;
371 2673 425 2699 Καὶ
439 2675 492 2709 γὰρ
507 2676 664 2703 αἰσθάνεται
676 2678 722 2704 τοῦ
733 2679 835 2705 οἰκείου
848 2679 962 2711 κάλλους
977 2690 983 2696 ι

198 2716 260 2742 ὃταν
277 2717 319 2752 ἴδῃ
337 2717 399 2744 τινὰ
415 2719 601 2754 πλησιάζοντα
622 2725 681 2754 ταῖς
697 2723 829 2758 θηλείαις,
850 2725 887 2757 ὥς
905 2735 982 2760 φασι,

199 2762 398 2794 καλλωπίζεται
419 2764 463 2791 τὺν
483 2767 583 2801 αὐχένα
599 2769 702 2803 διάρας,
716 2771 761 2796 καὶ
774 2771 803 2797 τὸ
818 2772 915 2806 πτερὸν
937 2782 981 2798 m-

199 2807 331 2843 χλοτίρῶς
349 2812 526 2846 περιστήσας,
539 2813 568 2839 τὸ
584 2816 735 2849 χρυσανγὲς
755 2818 802 2843 καὶ
818 2818 982 2854 κατάστερον

1041 2226 1167 2253 dominos
1183 2226 1209 2252 in
1229 2225 1379 2253 solitudine
1394 2225 1579 2252 obtruncatos
1595 2227 1710 2251 mortem
1723 2224 1827 2251 obiisse

1040 2271 1178 2306 proditum
1196 2271 1250 2298 sit?
1261 2270 1333 2302 Quin
1349 2270 1472 2297 nonnulli
1494 2277 1615 2304 quoque,
1626 2269 1757 2304 ﬂagrante
1776 2269 1827 2296 ad-

1041 2318 1093 2344 huc
1122 2317 1207 2349 cattle,
1225 2317 1258 2344 iis
1274 2317 1319 2351 qui
1346 2315 1539 2344 interfectores
1562 2318 1718 2351 quaererent
1740 2315 1826 2343 duces

1039 2371 1068 2390 se
1095 2363 1281 2397 praebuerunt,
1321 2363 1528 2397 ctchcruntque
1565 2362 1603 2389 uti
1629 2361 1780 2389 facinerosi
1791 2361 1826 2388 ad

1041 2409 1155 2436 luendas
1172 2417 1270 2444 pinnas
1288 2410 1468 2436 ducerentur.

1073 2454 1102 2482 S.
1125 2455 1202 2490 Grcg.
1219 2454 1288 2481 Ναι.
1302 2471 1334 2475 --
1354 2453 1582 2481 Cliatmelecntetu
1608 2453 1700 2481 ferunt
1717 2453 1823 2481 colores

1038 2501 1155 2528 subinde
1184 2509 1280 2528 omnes
1296 2508 1452 2531 assumere,
1466 2499 1589 2527 candore
1617 2507 1672 2526 uno
1696 2502 1821 2534 excepto.

1073 2545 1168 2580 Ejusd.
1203 2551 1271 2573 orat.
1287 2545 1305 2571 ἓ
1321 2545 1353 2572 ds
1372 2545 1462 2573 'l'lteol.
1479 2561 1513 2566 -—
1532 2544 1600 2578 Quis
1627 2548 1739 2573 cantum
1756 2551 1822 2572 con-

1038 2591 1104 2618 texit
1127 2598 1225 2626 cycno.
1244 2598 1305 2617 cum
1318 2590 1351 2617 ad
1367 2594 1462 2617 ventos
1489 2590 1586 2624 pennis
1599 2590 1741 2624 expansis,
1755 2589 1821 2617 stris

1036 2635 1129 2662 dulum
1145 2643 1255 2663 carmen
1279 2635 1417 2663 elfundtt?
1442 2635 1581 2663 Undenam
1597 2634 1780 2662 Medicusille
1794 2637 1822 2662 et

1037 2689 1170 2715 arrogans
1202 2688 1282 2715 paro,
1314 2681 1460 2715 elegantiae
1485 2684 1512 2707 ct
1529 2680 1625 2715 gloria
1651 2686 1738 2714 usque
1753 2679 1820 2707 adeo

1036 2727 1152 2760 cupidus
1166 2728 1230 2753 est?
1246 2727 1353 2753 Etenim
1372 2726 1501 2754 decorem
1521 2734 1601 2753 suum
1621 2726 1680 2760 ipse
1694 2732 1820 2760 comper-

1035 2779 1090 2800 tum
1103 2773 1181 2799 habet
1195 2781 1201 2801 :
1218 2781 1336 2806 cumque
1349 2773 1465 2807 aliquem
1477 2773 1509 2798 ad
1524 2771 1639 2799 feminas
1653 2770 1764 2806 propius
1774 2777 1820 2797 ac-

1035 2818 1176 2846 culcutem
1193 2818 1291 2851 cernit,
1306 2818 1450 2847 ambitiose
1460 2826 1532 2851 sese,
1546 2821 1574 2844 ut
1586 2817 1672 2850 aiunt,
1687 2819 1821 2849 ostentat,
