2056 3113
260 105 269 136 Ῑ
277 106 327 138 533

837 103 866 133 S.
887 102 1046 133 JOANNIS
1065 103 1281 135 DAMASCENI

1821 105 1888 139 ΠΜ

258 170 290 190 ac
307 162 419 190 diducto
432 161 511 194 collo,
537 161 687 196 pennisque
699 161 726 187 in
744 160 838 187 orbem
869 159 1042 194 compositis,

1096 160 1232 197 θεατρίζει
1249 162 1280 189 τὺ
1293 163 1391 195 κάλλος
1406 164 1462 195 τοῖς
1474 164 1604 200 ἐρασταῖς
1620 165 1687 199 μετὰ
1704 165 1822 201 σοϐαροῦ
1840 167 1888 192 τοῦ

258 211 382 236 auratam
410 206 555 242 quamdam
573 209 600 233 et
618 205 761 232 stellarum
790 205 879 232 instar
897 205 1045 232 micantem

259 252 491 289 pulchritudinem
530 251 664 279 rivalibus
692 252 750 278 suis
779 251 901 286 superbo
927 251 1043 278 incessu

259 302 472 327 commonstrat.

293 344 322 372 S.
336 344 414 379 (ἔνθα.
429 344 500 371 Ναι.
514 344 696 371 ibid.—-Uude
707 344 805 378 apibus
820 347 847 370 et
860 343 971 370 araneis
984 350 1047 370 cen-

258 390 366 418 ﬁcicndi
391 391 493 425 operis,
508 393 534 417 et
552 390 630 425 531
649 390 716 418 artis
730 389 890 417 exercendae
911 390 1045 422 studium,

259 441 287 463 ut
301 441 328 464 et
344 436 396 463 illae
413 444 460 471 per
475 436 639 470 suxangulas
655 440 738 470 atque
754 435 827 462 inter
853 442 883 462 se
903 435 1047 470 oppositas

257 482 365 510 ﬁstulas
378 480 458 509 fav'os
474 485 623 509 contexunt
636 485 664 509 et
675 481 801 513 fulciant,
813 488 844 508 ac
855 488 903 515 per
915 481 1032 508 interme

257 529 333 555 dium
354 532 462 563 septum
481 532 508 555 et
526 527 759 562 permutationem
778 526 943 562 angulorum
961 527 1046 555 rectis

256 575 339 602 lineis
355 574 523 601 adnexorum
540 573 696 600 ﬁrmitatem
723 573 789 608 ipsis
803 573 954 600 concilient
976 583 981 600 :
1005 574 1047 600 hae

256 622 348 646 autem
374 626 423 653 per
440 618 532 645 tenuia
549 621 576 645 et
594 618 668 644 acria
683 616 882 652 propemodum
905 617 949 643 tila
972 617 1046 645 varie

257 665 377 692 distenta
397 663 565 699 multiplices
584 663 653 691 telas
673 666 788 696 texant,
806 663 888 697 idque
910 663 1046 698 ejusmodi

256 709 374 737 nexibus
394 709 440 744 qui
456 709 602 736 oculorum
619 708 706 736 aciem
725 706 853 743 fugiunt?

290 755 319 783 Id
333 755 530 783 observatione
542 758 714 790 compertum
728 759 772 782 est
781 776 788 788 ,
802 755 911 782 leonum
924 756 1044 787 catulos.

255 802 490 838 quemadmodum
506 808 533 829 et
547 809 632 829 canes
645 821 652 833 ,
672 809 762 829 caecos
781 801 809 828 in
828 802 917 828 lucem
935 801 990 829 edi.

290 848 359 876 Cum
378 847 486 875 leonina
503 855 566 875 ossa
584 847 752 878 tunduntur,
779 847 896 882 perinde
921 851 1006 882 atque
1031 855 1046 875 e

256 893 389 921 silicibus
403 893 476 929 ignis
492 892 643 920 excutitur.

291 939 420 966 Clement.
437 954 472 959 —
487 938 605 974 Aquila,
623 942 654 965 ut
671 941 826 973 serpentem
844 946 858 964 a
877 938 962 973 pullis
985 937 1045 965 abi-
1092 952 1094 955 ~

255 990 320 1022 gat,
338 986 450 1014 amuleti
466 986 528 1013 loco
553 985 670 1020 lapidem
701 993 782 1020 quem
800 985 906 1012 actium
931 989 1046 1017 vocant,

256 1032 284 1059 in
300 1031 366 1059 nido
383 1031 469 1067 ponit.

298 1077 431 1104 Philonis.
444 1092 480 1097 —
493 1076 541 1104 Est
557 1076 648 1104 bellua
658 1096 665 1108 ,
680 1084 742 1111 quae
753 1076 903 1104 tarandrus
917 1080 1044 1109 vocatur,

255 1121 447 1157 magnitudine
472 1121 533 1149 bovi
558 1128 614 1148 non
638 1121 738 1156 impar,
761 1121 820 1149 oris
843 1126 934 1149 autem
957 1121 1045 1149 forma

255 1175 338 1195 cervo
349 1175 430 1203 quam
443 1167 593 1195 simillima.
604 1166 680 1195 Hanc
688 1167 763 1194 aiunt
771 1168 850 1203 juxta
857 1176 889 1196 ea
897 1168 957 1196 loca
965 1174 1046 1203 atque

257 1214 371 1241 arbores
394 1213 496 1248 quibus
514 1213 671 1248 propinqua
697 1218 757 1247 est,
780 1214 898 1249 pilorum
922 1215 1046 1242 colorem

257 1259 376 1287 subinde
388 1264 499 1288 mutare
509 1280 516 1293 ,
535 1259 605 1288 adeo
619 1264 649 1287 ut
664 1260 700 1288 ob
715 1261 818 1288 coloris
831 1261 1045 1288 similitudinem

257 1306 292 1333 ab
307 1305 340 1333 iis
353 1305 399 1340 qui
414 1305 522 1333 obviam
537 1306 606 1333 liunt
619 1305 804 1333 animadverti
817 1306 931 1333 minime
942 1309 1045 1341 queat,

256 1356 284 1378 et
297 1352 348 1378 hac
362 1351 468 1378 ratione
482 1351 574 1386 potius
585 1358 666 1386 quam
683 1351 785 1379 robore
798 1351 924 1387 corporis
938 1352 964 1379 id
979 1359 1046 1379 con-

257 1396 352 1431 sequi,
371 1401 400 1424 ut
416 1397 458 1424 vix
475 1397 590 1424 omnino
607 1398 669 1433 capi
685 1399 784 1432 possit.

293 1452 362 1479 TIT.
384 1452 429 1479 lll.
444 1469 477 1473 ——
493 1452 529 1479 De
546 1452 705 1487 ponderibus
722 1453 807 1487 justis
821 1458 845 1480 et
863 1454 1005 1481 menwris.

1098 207 1273 243 βαδίσματος.

1138 347 1225 374 Πόθεν
1244 347 1386 382 μελίσσαις
1396 356 1426 374 τε
1439 347 1486 374 καὶ
1499 348 1631 383 ἀράχναις
1644 348 1676 375 τὸ
1690 348 1826 384 φιλιργδν,
1840 351 1890 376 καὶ

1098 394 1265 429 φιλότεχνον,
1281 394 1325 420 ἴνα
1338 395 1397 425 ταῖς
1409 393 1459 429 μὲν
1474 394 1508 420 τὰ
1520 393 1604 429 κηρία
1613 394 1750 430 πλέκηται
1763 396 1809 422 καὶ
1822 405 1887 423 συν-

1099 442 1194 476 έχηται
1212 441 1246 468 δι’
1263 440 1408 475 ὲξαγώνων
1422 441 1560 475 συρίγγων
1571 440 1620 467 καὶ
1632 441 1827 476 ἀντιστρόςων,
1841 444 1889 469 καὶ
1933 442 1941 450 ’

1098 487 1128 513 τὸ
1143 487 1249 522 ἑδραῖον
1262 487 1358 519 αὑταῖς
1369 487 1415 514 διὰ.
1429 486 1478 513 τοῦ
1494 487 1578 522 μέσου
1590 487 1638 513 τοῦ
1651 487 1827 523 τειχίσματος
1840 489 1889 515 καὶ

1098 534 1220 568 ἀλλαγῆς
1240 534 1466 568 ιπιπλεκομὲνων
1481 534 1543 565 ταῖς
1559 533 1681 565 εὐθείαις
1705 535 1756 560 τῶν
1780 535 1888 569 γωνιῶν

1099 580 1343 617 πραγματεύηται·
1355 581 1382 607 αἱ
1401 580 1430 607 δὲ
1447 580 1490 606 διὰ
1503 580 1610 607 λεπτῶν
1621 581 1668 607 καὶ
1679 579 1778 616 ἀερίων
1794 581 1888 616 σχεδὸν

1098 627 1152 654 τῶν
1168 627 1298 662 νημάτων
1310 626 1458 658 πολυειδῶς
1472 626 1685 661 διατεταμένων,
1701 626 1888 658 πολυπλόκους

1097 673 1160 704 τοὺς
1176 673 1263 704 ἱστοὺς
1275 671 1459 707 ὲξυφαίνουσι,
1470 673 1515 699 καὶ
1529 672 1653 705 ταῦταὲξ
1663 673 1772 708 ἀφανῶν
1782 673 1888 708 ἁρχῶνς

1134 766 1304 801 Τετήρηνται
1321 765 1346 791 οἱ
1358 764 1413 790 τῶν
1427 764 1542 790 λεόντων
1559 763 1685 798 σκύμνοι,
1701 763 1825 798 καθάπερ
1839 764 1889 790 καὶ

1098 811 1122 838 οἱ
1137 811 1228 844 κύνες,
1243 810 1384 837 τίκτεσθαι
1393 809 1500 844 τυφλοί.

1132 858 1317 893 Κοπτομένων
1339 857 1394 884 τῶν
1419 858 1546 884 λεοντίων
1570 857 1682 888 ὀστέων,
1713 856 1843 892 καθάπερ
1855 857 1890 883 ὲκ

1096 905 1151 931 τῶν
1170 904 1292 939 πυριτῶν
1302 903 1384 930 λίθων
1402 901 1458 938 πῦρ
1469 902 1628 934 ἱξάπτεται.

1138 950 1322 986 Ἀλεξιτήριον
1341 951 1370 976 ὲν
1392 951 1424 984 τῇ
1445 949 1529 984 καλιᾷ
1547 947 1654 982 τίθησιν
1669 947 1782 978 ὁάετὸς,
1802 946 1887 974 ὲλαύ-

1097 1006 1149 1024 νων
1164 997 1218 1024 ἀπὸ
1231 996 1285 1022 τῶν
1301 995 1420 1022 νεοσσῶν
1428 995 1474 1021 τὸν
1487 995 1559 1029 ὅφιν,
1574 994 1648 1021 λίθον
1659 994 1704 1020 τὸν
1717 993 1886 1028 καλούμενον

1097 1042 1215 1077 ἀετίτην.

1133 1089 1239 1115 Γίνεται
1263 1088 1366 1123 θηρίον,
1393 1087 1408 1113 ὃ
1439 1087 1563 1114 καλεῖται
1583 1086 1744 1122 τάρανδρος,
1770 1085 1888 1121 μέγαθος

1100 1136 1149 1171 μὲν
1160 1135 1231 1170 βοὶς,
1246 1135 1338 1170 ἐλάφῳ
1354 1134 1383 1161 δὲ
1397 1133 1443 1160 τὸν
1454 1133 1501 1159 τοῦ
1517 1132 1664 1168 προσώπου
1685 1132 1771 1159 τύπον
1798 1133 1886 1166 ἐμφε-

1099 1180 1240 1217 ρέστατον.
1256 1180 1340 1214 Λόγος
1362 1179 1419 1215 ἔχει
1448 1179 1543 1205 τοῦτον
1569 1178 1748 1214 μεταϐάλλειν
1768 1178 1812 1204 ἀεὶ
1835 1176 1887 1209 τὰς

1098 1227 1195 1262 τρίχας
1212 1227 1279 1262 πρός
1294 1234 1324 1252 τε
1340 1225 1374 1252 τὰ
1390 1225 1489 1260 χωρία,
1508 1225 1555 1252 καὶ
1568 1225 1604 1252 τὰ
1617 1224 1715 1259 δένδρα
1726 1221 1766 1255 οἷς
1783 1224 1815 1251 ἂν
1839 1224 1886 1258 ty-

1098 1274 1148 1308 γῦς
1162 1274 1278 1304 ἵσταται,
1295 1272 1332 1303 ὡς
1343 1271 1387 1298 διὰ
1399 1271 1449 1306 τὴν
1462 1272 1513 1306 τῆς
1529 1271 1624 1306 χροιᾶς
1652 1270 1798 1305 ὁμοιότητα
1819 1270 1884 1296 λαν-

1098 1320 1189 1347 θάνειν
1199 1320 1261 1351 τοὺς
1279 1317 1502 1353 ἐντυγχάνοντας,
1523 1317 1572 1344 καὶ
1592 1317 1678 1353 ταύτῃ
1697 1316 1796 1352 μᾶλλον
1811 1316 1828 1350 ἢ
1854 1317 1887 1350 τῇ

1098 1364 1163 1400 περὶ
1176 1364 1206 1391 τδ
1220 1363 1300 1398 σῶμα
1308 1363 1377 1397 ἀλκῇ
1393 1362 1569 1398 δυσθήρατον.

1098 1456 1188 1482 ΤΙΤΛ.
1204 1454 1240 1481 Γ.
1255 1469 1288 1474 ——
1305 1454 1374 1487 Περὶ
1394 1452 1499 1488 (ordire,
1511 1452 1559 1478 καὶ
1580 1451 1729 1486 σταθμῶν,
1754 1451 1802 1478 καὶ
1830 1451 1880 1485 μέ-

1380 1496 1457 1522 τρων
1470 1487 1603 1514 δικαίων.

292 1532 353 1560 Leu.
371 1540 415 1560 xIx
429 1553 435 1565 ,
453 1532 498 1560 56.
511 1548 546 1553 ——
560 1541 569 1558 ι
585 1532 645 1560 Non
663 1531 747 1559 facies
759 1532 894 1567 judicium
909 1533 1044 1567 injustum

1134 1545 1143 1561 ι
1162 1535 1199 1562 Οὐ
1228 1535 1350 1569 ποιήσεις
1378 1533 1470 1560 ἄδικον
1491 1531 1581 1566 κρίσιν
1609 1533 1637 1558 ὲν
1664 1530 1784 1566 μέτροις,
1796 1528 1845 1556 καὶ
1855 1529 1884 1556 ἐν

256 1580 284 1607 in
309 1579 467 1612 mensuris,
491 1582 518 1606 et
541 1578 713 1613 ponderibus
725 1599 732 1611 ,
746 1583 772 1606 et
791 1579 914 1607 stateris.
930 1578 1047 1607 Stateraa

253 1625 336 1660 jusla‘.
348 1646 355 1658 ,
379 1629 407 1653 et
424 1633 563 1652 mensurae
580 1625 666 1664 justas
680 1645 686 1655 ,
707 1630 732 1652 et
753 1625 863 1652 chosnix
882 1625 974 1660 justus
994 1626 1048 1653 erit

256 1671 348 1699 vobis.
370 1679 380 1697 ι
580 1662 590 1665 ”

291 1718 370 1744 Deut.
386 1725 451 1748 xxv,
467 1717 559 1743 15-16.
571 1731 604 1735 —
615 1715 691 1743 (Non
704 1716 819 1744 habebis
832 1717 858 1743 in
873 1717 985 1744 saeculo
999 1721 1046 1743 tuo

255 1763 366 1791 diversa
384 1762 523 1798 pondera,
543 1762 634 1797 majus
649 1765 677 1789 et
692 1763 804 1795 minus;
822 1766 849 1790 et
866 1770 922 1789 non
944 1762 997 1790 erit
1017 1763 1043 1790 in

256 1810 339 1837 domo
353 1814 402 1837 tua
417 1808 526 1836 modius
547 1808 635 1843 major
653 1812 681 1835 et
700 1808 801 1836 minor.
819 1808 931 1837 Pondus
948 1816 1044 1837 verum

255 1860 284 1882 et
295 1855 400 1890 justum
417 1855 453 1882 sit
468 1844 536 1885 tibi,
564 1857 592 1880 ut
618 1853 714 1881 multis
738 1853 837 1882 diebus
862 1854 938 1883 vivas
962 1862 1046 1890 super

255 1903 357 1927 terram
372 1907 457 1934 quam
481 1899 614 1926 Dominus
640 1898 749 1926 dederit
774 1899 833 1926 tibi.
862 1899 1045 1927 Abominatur

255 1945 328 1973 enim
348 1944 481 1972 Dominus
497 1949 562 1972 tuus
578 1951 639 1972 eum
656 1945 702 1980 qui
722 1943 789 1972 facit
805 1943 873 1972 base.
891 1954 901 1970 ι

290 1991 385 2018 Ezech.
404 1998 465 2022 ην,
485 1990 528 2017 10.
545 2007 578 2011 -
594 1999 603 2017 ι
623 1990 736 2018 Statura
751 1989 844 2025 justa,
862 1995 886 2016 et
912 1997 1043 2017 mensura

252 2037 328 2072 justa
339 2058 348 2070 ,
363 2040 392 2064 et
407 2036 517 2065 cbmnix
532 2037 624 2072 justus
641 2037 694 2064 erit
708 2036 800 2064 vobis.
820 2045 829 2061 ι

289 2093 358 2121 'l'lT.
379 2093 423 2121 ιν.
433 2093 513 2120 ——De
527 2093 634 2127 iujnslt's
648 2093 809 2127 ponderibus
823 2098 847 2120 et
865 2093 1006 2120 mensuris.

293 2175 365 2202 Psal.
383 2183 442 2208 th,
460 2176 502 2202 10.
516 2190 551 2194 -
564 2183 572 2199 ι
589 2173 735 2201 Mendaces
765 2173 813 2200 lilii
841 2172 985 2200 hominum
1011 2173 1039 2200 in

253 2221 377 2253 stateris,
395 2225 425 2247 ut
440 2220 595 2254 decipiant,
610 2228 619 2244 ι
635 2223 687 2246 etc.

287 2267 368 2294 Prov.
383 2275 425 2299 xl,
444 2267 470 2292 1.
489 2281 523 2286 -
540 2275 549 2291 ι
567 2266 675 2293 Statera
692 2265 787 2293 dolosa
806 2264 982 2292 abominatio
999 2270 1042 2292 cst

253 2313 324 2348 apud
335 2312 496 2344 Dominum;
508 2317 532 2338 vt
542 2310 650 2346 pondus
659 2317 767 2345 aequum
779 2314 924 2345 acceptum
933 2310 1039 2338 csteiJ

288 2358 368 2386 Prov.
386 2366 419 2385 xx
432 2378 438 2390 ,
456 2358 499 2384 10.
515 2374 548 2377 -
561 2367 571 2383 ι
585 2356 698 2384 Pondus
714 2364 842 2392 magnum
858 2361 885 2385 et
905 2364 1039 2392 parvum.

252 2410 279 2433 et
295 2412 431 2432 mensura:
443 2404 577 2439 duplices,
592 2408 710 2438 utraque
724 2403 865 2431 immunda
881 2411 975 2431 coram
989 2403 1042 2431 Do-

251 2451 348 2484 mino;
370 2455 396 2478 et
414 2451 459 2486 qui
479 2450 546 2478 facit
567 2450 641 2482 haec.
664 2451 690 2477 in
712 2451 771 2478 suis
791 2450 1038 2478 adinventionibus

251 2499 453 2539 corppcdietur.
470 2507 479 2524 ›

289 2543 360 2571 Ibid.
375 2543 421 2570 ‘25.
436 2559 470 2564 --
484 2552 493 2569 ι
508 2543 684 2571 Abominatio
708 2542 826 2570 Domino
856 2543 963 2578 poudus
989 2542 1040 2568 dn-

250 2591 310 2628 plcx
325 2600 332 2618 :
348 2595 375 2618 et
392 2594 495 2618 statera
512 2591 607 2617 dolosa
623 2597 677 2617 non
694 2593 737 2617 est
753 2589 824 2616 bona
840 2596 934 2616 coram
952 2595 994 2616 eo.
1011 2598 1021 2614 ι

286 2637 352 2665 Osee
365 2645 401 2664 xu
413 2658 419 2670 ,
436 2638 462 2664 '1.
473 2652 504 2656 —
522 2645 531 2662 ι
545 2636 695 2676 (Σίιλιιίιειιιἢ
708 2636 735 2662 in
757 2635 886 2663 manibus
897 2634 960 2669 ejus
981 2638 1040 2662 sta-

250 2687 310 2710 tera
333 2683 446 2715 dolosa,
472 2683 639 2711 calumniam
664 2674 770 2710 dilexit.
798 2683 903 2708 Omnes
930 2680 1040 2707 labores

250 2728 312 2763 ejus
331 2735 384 2755 non
401 2729 578 2757 invenientur
596 2728 648 2764 ipsi
664 2732 776 2764 propter
791 2727 955 2762 iniquitates
970 2733 1041 2761 quas

250 2779 385 2809 peccavit.
403 2784 411 2799 ι

286 2819 366 2846 Ληιοο
383 2827 446 2853 vui,
473 2819 546 2847 4.-
561 2829 570 2846 ‹
585 2819 686 2848 Audite
709 2818 785 2852 haec,
815 2818 862 2854 qui
889 2817 1034 2846 conteritis

1100 1581 1239 1616 σταθμοῖς,
1255 1580 1302 1608 καὶ
1317 1581 1345 1606 ὲν
1361 1580 1462 1614 ζυγοῖς.
1478 1578 1552 1612 Ζυγὰ
1565 1577 1668 1609 δίκαια,
1684 1577 1731 1606 καὶ
1752 1576 1838 1612 μέτρα
1851 1575 1884 1602 δί-

1099 1635 1178 1659 καια,
1187 1627 1234 1653 καὶ
1246 1625 1329 1661 χοῖνιξ
1341 1625 1445 1656 δίκαιος
1461 1623 1539 1650 ἔσται
1552 1624 1628 1659 ὑμῖν.
1646 1633 1655 1650 ν

1137 1726 1146 1742 ι
1165 1716 1221 1742 Οὐκ
1236 1715 1311 1742 ἔσται
1326 1715 1355 1741 ἐν
1365 1713 1404 1748 τῷ
1422 1713 1572 1748 μαρσίππῳ
1593 1720 1640 1738 σου
1659 1711 1788 1746 στάθμιον
1811 1711 1883 1746 μέγα

1097 1761 1114 1796 ἡ
1132 1760 1230 1795 μικρόν
1247 1768 1253 1775 ·
1270 1761 1316 1787 καὶ
1329 1760 1380 1786 οὐκ
1390 1759 1468 1786 ἔσται
1478 1759 1508 1785 ἐν
1521 1759 1554 1794 τῇ
1569 1757 1642 1792 οἰκίᾳ
1656 1765 1703 1783 σου
1721 1757 1792 1791 μέγα
1807 1756 1823 1791 ἦ
1839 1765 1882 1790 μι-

1098 1807 1173 1842 κρόν.
1192 1806 1326 1842 Στάθμιον
1336 1805 1463 1841 ἀληθινὸν
1478 1805 1525 1831 καὶ
1548 1804 1653 1831 δίκαιον
1669 1803 1740 1831 ἔστω
1759 1811 1811 1835 σοι,
1840 1803 1883 1831 ἵνα

1097 1853 1269 1890 πολυήμερος
1282 1853 1348 1888 γένῃ
1363 1853 1410 1880 ἐπὶ
1424 1852 1474 1888 τῆς
1491 1852 1542 1886 γῆς
1557 1848 1591 1886 ἦς
1608 1850 1710 1886 Κύριος
1721 1851 1736 1877 6
1752 1850 1819 1881 Θιός
1835 1858 1880 1876 σου

1096 1900 1187 1929 δίδωσί
1200 1909 1241 1927 σοι
1256 1901 1285 1928 ὲν
1299 1900 1404 1935 κλήρῳ,
1418 1900 1461 1926 ὅτι
1480 1897 1618 1934 βδέλυγμα
1642 1897 1737 1933 Κυρίῳ
1761 1896 1801 1933 τῷ
1822 1896 1878 1932 Θιῷ

1097 1955 1144 1973 σου
1158 1947 1211 1978 πᾶς
1224 1946 1308 1972 ποιῶν
1319 1945 1416 1973 ταῦτα.
1431 1955 1440 1972 ι

1133 2001 1143 2018 ι
1159 1991 1244 2026 Ζυγὺς
1261 1991 1373 2023 δίκαιος.
1394 1991 1443 2018 καὶ
1460 1991 1559 2026 μέτρον
1585 1990 1700 2021 δίκαιον,
1725 1989 1772 2016 καὶ
1799 1987 1879 2024 χοῖνιξ

1093 2038 1198 2070 δίκαιος
1213 2038 1291 2065 ἔσται
1306 2038 1379 2073 ὑμῖν.
1400 2048 1409 2064 ι

1095 2095 1185 2122 ΤΙΤΔ.
1202 2095 1238 2122 Δ’.
1259 2110 1290 2115 -
1305 2095 1374 2130 Περὶ
1399 2094 1503 2130 ζυγῶν,
1515 2095 1562 2122 καὶ
1577 2093 1728 2130 σταθμῶν,
1761 2093 1808 2120 καί
1828 2092 1876 2127 μέ-

1382 2139 1458 2164 τρων
1468 2130 1588 2158 ἀδίκων.

1131 2187 1140 2202 ι
1158 2176 1272 2208 Ψευδιῖς
1287 2178 1339 2209 uio)
1355 2177 1408 2204 τῶν
1431 2176 1581 2213 ἀνθρώπων
1597 2177 1625 2204 ὲν
1640 2177 1743 2210 ζυγοῖς,
1756 2175 1803 2202 τοῦ
1824 2174 1878 2201 cier

1093 2223 1186 2258 κῆσαι.
1203 2233 1211 2248 ι

1131 2277 1140 2294 ι
1158 2269 1239 2302 Ζυγοὶ
1266 2268 1347 2295 δόλιοι
1370 2268 1509 2303 βδέλυγμα
1527 2267 1643 2295 ἐνώπιον
1664 2267 1768 2303 Κυρίου
1784 2275 1791 2285 ν
1817 2267 1881 2294 στάν

1094 2315 1172 2350 θμιον
1187 2315 1215 2341 δὲ
1231 2314 1335 2343 δίκαιον
1351 2315 1443 2342 δεκτὺν
1456 2314 1540 2350 αὐτῷ.
1560 2323 1570 2340 ι

1131 2370 1140 2387 ι
1163 2361 1298 2396 Στάθμιον
1319 2361 1391 2396 μέγα
1417 2361 1464 2388 καὶ
1485 2361 1594 2396 μικρὸν,
1621 2360 1667 2388 καὶ
1693 2360 1782 2396 μέτρα
1792 2359 1880 2391 δισσὰ,

1093 2407 1236 2443 ἀκάθαρτα
1253 2406 1367 2434 ἐνώπιον
1382 2406 1485 2440 Κυρίου
1499 2405 1643 2442 ἀμφότερα
1654 2413 1663 2422 θ
1687 2406 1735 2432 καὶ
1763 2406 1777 2431 ὁ
1797 2404 1881 2432 ποιῶν

1092 2451 1179 2482 αὐτὰ,
1213 2451 1241 2477 ὲν
1268 2452 1324 2482 τοῖς
1345 2449 1559 2486 ἐπιτηδεύμασιν
1585 2448 1669 2476 αὐτοῦ
1695 2448 1882 2484 συμποδισθή-

1094 2507 1180 2525 σεται.
1197 2508 1206 2524 ι

1130 2553 1139 2570 ο
1157 2543 1298 2578 Βδέλυγμα
1322 2543 1415 2581 Κυρίῳ
1431 2543 1522 2571 δισσὸν
1545 2543 1695 2578 στάθμιον·
1724 2542 1772 2570 καὶ
1800 2542 1881 2575 ζυγὴ

1092 2590 1176 2621 δόλιος
1190 2590 1222 2615 οὐ
1234 2590 1315 2617 καλὸν
1329 2590 1443 2617 ἐνώπιον
1459 2589 1553 2617 αὐτοῦ.
1573 2600 1581 2615 ι

1130 2645 1139 2661 ι
1155 2636 1275 2669 Χαναὰν,
1294 2637 1323 2663 ἐν
1338 2636 1431 2672 χερσὶν
1447 2635 1531 2663 αὐτοῦ
1552 2634 1634 2670 ζυγὸς
1663 2634 1768 2666 ἄδικος,
1792 2641 1881 2660 κατα-

1092 2681 1266 2708 δυναστεύειν
1295 2681 1451 2716 ἠγάπησεν.
1482 2681 1586 2712 Πάντες
1623 2681 1649 2707 ot
1678 2679 1756 2706 πόνοι
1796 2680 1881 2706 αὑτοῦ

1092 2728 1141 2763 οὐχ
1155 2727 1347 2763 εὑρεθήσονται
1363 2727 1447 2763 αὐτῷ,
1462 2727 1496 2754 δι’
1511 2726 1649 2762 ἁμαρτίας
1668 2725 1700 2758 ἃς
1712 2725 1850 2761 ἥμαρτεν.
1870 2735 1878 2751 ι

1131 2817 1304 2853 (Ἀκούσατε
1319 2818 1414 2851 ταῦτα,
1430 2817 1454 2844 οί
1468 2815 1636 2852 ἰκτρῐόοντες
1647 2815 1686 2847 είς
1699 2814 1727 2842 τὸ
1742 2813 1815 2850 πρωῒ
1833 2814 1882 2840 πέ-
